2959 4900
98 332 183 408 [159]
321 355 449 392 coaoxaa
464 356 524 393 cunr
535 340 654 393 'runuxa
673 355 952 393 ra.cxucrca1toauu
1123 328 1183 388 l'l3
1223 322 1227 330 ⁶

96 486 297 558 constitutum,
313 488 394 562 quod
406 490 442 546 ab
456 490 540 546 annis
556 491 625 561 1134
637 502 665 547 et
682 491 758 563 1137,
776 487 965 545 Innocentius
987 486 1024 555 ll,
1045 482 1183 565 imposito

95 574 185 631 parvo
208 575 307 629 censu,
330 560 361 615 in
384 578 468 618 suam
491 561 656 620 clientelam
676 560 802 635 recepit;
825 560 874 616 alii
894 570 997 615 autum
1025 554 1184 613 Pontifices

94 630 181 687 variis
195 630 342 688 donarunt
356 632 522 707 privilegiis,
538 646 566 690 et
584 635 682 691 Abbas
698 632 847 691 Generalis
866 628 1085 687 Canonicorum
1101 628 1184 683 Late·

94 701 265 757 ranensium
294 705 330 759 ad
358 722 446 761 suum
468 718 637 779 exemptum
656 706 799 775 Ordinem
820 702 948 772 adscivit,
972 700 1072 757 omnia
1095 699 1184 755 simul

95 772 216 830 Ordinis
229 774 379 849 privilegia
397 776 586 834 conferendo.
600 778 646 833 Ad
660 778 689 833 S.
704 791 805 833 autem
818 772 1084 848 Congregationem
1097 786 1185 827 causa

94 844 190 900 delata
205 857 248 901 est
257 848 449 920 exemptionis
458 848 628 905 huiusmodi
638 847 817 917 monasterii,
829 864 919 921 quam
931 855 1056 919 negante
1066 842 1184 899 Archie·

94 915 228 989 piscop0,
245 916 352 976 habere
364 936 394 976 se
407 915 511 993 putanl
523 921 658 978 canonici
671 920 827 993 regulares.

130 987 189 1045 Die
202 1001 301 1045 autem
319 1010 328 1046 1
344 991 490 1048 decembri
513 994 591 1067 1905,
609 994 638 1049 S.
656 990 861 1065 congregatio,
877 986 1029 1063 proposito
1042 985 1134 1043 dubio
1149 986 1185 1042 de

93 1059 292 1133 exemptione,
303 1063 452 1136 respondit
466 1084 471 1119 ε

128 1136 184 1189 Ex
202 1131 342 1190 hactenus
356 1135 487 1192 deductis
502 1152 558 1192 non
573 1136 646 1193 satis
659 1146 796 1193 constare
809 1135 846 1191 de
859 1131 1055 1207 exemptione.

132 1203 343 1277 Responsionis
354 1208 429 1263 ratio
443 1207 515 1263 haec
529 1208 615 1264 nobis
628 1207 716 1265 fuisse
729 1207 841 1263 videtur
856 1205 937 1280 quod
951 1204 1092 1276 allegatus
1104 1202 1184 1258 favor

95 1285 122 1330 et
146 1276 326 1346 praesidium
345 1278 530 1350 pontificium
555 1280 770 1352 exemptionem
791 1295 843 1352 per
864 1294 894 1334 se
919 1291 981 1332 non
1002 1274 1131 1331 inferunt
1152 1284 1183 1353 1¹3

94 1346 223 1402 dubitari
230 1365 332 1405 rursus
341 1361 436 1422 potest
447 1362 548 1408 utrum
560 1352 597 1408 ad
611 1351 828 1426 exemptionem
842 1348 1050 1406 conferendam
1064 1347 1186 1402 valuerit

95 1433 189 1544 pecne
216 1421 382 1501 aggregatio
409 1434 524 1496 peracta
552 1442 569 1479 a
595 1424 659 1479 solo
692 1426 776 1479 Patre
805 1419 939 1479 Genetali
965 1418 1186 1496 canonicorum

122 1502 351 1549 ateranensium.
385 1508 387 1513 ·
1131 1532 1135 1540 .

490 1679 808 1687 ——m-...n-n—

448 1823 546 1911 159.
568 1876 608 1885 -
631 1836 840 1907 annexam

94 2040 151 2095 De
173 2040 343 2099 facultate
361 2046 576 2101 annectendi
599 2046 741 2102 coronis
765 2046 1008 2118 indulgentias
1030 2046 1144 2102 dictae
1165 2059 1203 2101 a*

450 2128 615 2219 Patribus
634 2129 833 2202 crucigeris

134 2324 337 2398 indulgentiae
352 2343 368 2381 a
380 2327 439 2383 PP.
450 2326 613 2409 Crucigeris
627 2338 757 2400 vocatae,
768 2328 903 2385 facilitate
917 2346 987 2385 usus
1001 2329 1187 2403 potissimum

94 2397 350 2454 commendantur.
368 2396 512 2467 Quotiens
530 2416 619 2472 enim,
633 2400 745 2458 utendo
763 2416 874 2458 corona
892 2402 940 2458 cui
958 2416 1089 2458 annexae
1108 2413 1185 2470 sunt,
1207 2444 1213 2453 .

95 2469 142 2525 vel
159 2470 247 2525 semel
261 2469 425 2527 recitaveris
437 2471 502 2531 Ave
515 2471 621 2529 Maria
635 2473 679 2530 vel
698 2477 792 2530 Pater
805 2480 925 2540 Noster,
940 2474 1046 2530 totiens
1062 2475 1116 2530 500
1129 2474 1187 2529 die·

95 2557 166 2620 ¹rum
196 2540 316 2597 lucraris
346 2543 567 2618 indulgentiam,
600 2544 745 2601 defunctis
773 2545 986 2620 applicabilem.
1020 2544 1188 2618 Requiritur

95 2623 212 2693 itaque„
227 2629 337 2694 corona
359 2614 509 2672 recitando
536 2617 657 2672 Rosario
689 2618 837 2691 deputata,
864 2617 946 2674 nulla
969 2631 1065 2675 autem
1097 2617 1188 2691 ipsius

98 2685 214 2739 Rosaru
230 2685 361 2741 recitatio
376 2686 420 2742 vel
433 2687 584 2744 meditatio
597 2689 735 2761 mysterii.
977 2745 981 2749 .

136 2753 194 2811 Diu
208 2756 349 2837 Canonici
368 2759 526 2832 Crucigeri‚
547 2775 676 2832 quorum
693 2761 801 2816 domus
819 2773 932 2818 exstant
944 2761 975 2816 in
997 2759 1097 2831 Belgio
1111 2773 1139 2815 et
1158 2759 1188 2814 in

100 2826 270 2896 Hollandra,
286 2831 461 2902 monopolio
473 2831 519 2889 usi
532 2841 600 2886 sunt
611 2830 699 2888 buius
711 2832 911 2904 indulgentiae
925 2832 1137 2889 concedendae.

118 2913 122 2922 ’
135 2899 312 2973 Nuperrime
323 2914 431 2973 autem,
443 2914 477 2959 ut
488 2901 645 2975 accipimus
658 2904 694 2959 ab
707 2920 723 2961 e
745 2904 893 2960 hemeride
905 2907 1064 2959 Antisara
1078 2905 1189 2959 Ecetr-

99 2967 225 3027 s‘uisrrca
253 2977 284 3041 (t.
309 2990 366 3042 x1v,
390 2991 419 3047 p.
444 2976 520 3047 452),
547 2977 687 3031 Summus
716 2921 851 3032 ssontifex
878 2978 906 3032 S.
937 2975 1022 3031 lndul
1043 2974 1189 3031 entiarum

100 3041 326 3122 congregationi
339 3045 477 3117 speciales
496 3046 575 3103 dedit
588 3046 739 3104 facultates
758 3047 864 3120 quibus
883 3049 958 3104 valet
972 3047 1008 3102 ad
1024 2993 1042 3101 i

99 3112 217 3170 cuilibet
231 3115 382 3186 sacerdoti,
399 3117 487 3174 etiam
501 3135 562 3174 non
582 3120 741 3192 approbato
755 3120 792 3174 ad
805 3120 965 3175 audiendas
983 3117 1187 3182 confessiones,

100 3195 271 3266 potestatem
283 3188 335 3242 has
349 3188 543 3262 indulgentias
556 3190 673 3247 coronis
686 3192 869 3260 annectendi,
883 3193 919 3248 de
932 3207 1077 3247 consensu
1090 3202 1189 3244 tamen

100 3256 247 3313 Ordinarti
260 3259 317 3315 loci
332 3259 362 3314 in
377 3277 437 3333 quo
451 3261 573 3318 facultas
585 3273 743 3319 exercetur.

139 3329 169 3382 ln
193 3331 327 3403 exemplo
352 3343 451 3389 autem
476 3333 556 3407 quod
579 3333 744 3390 exscribunt
767 3336 926 3390 Aurunca-a
951 3336 1187 3401 Eccmsnsrrcr,

99 3397 220 3478 facultas
244 3404 333 3477 petita
355 3416 398 3460 est
420 3405 639 3462 «benedicendi
653 3422 778 3462 coronas
799 3404 881 3462 aSS.
900 3405 1022 3462 Rosario
1042 3409 1078 3463 B.
1094 3404 1136 3462 M.
1152 3405 1187 3460 V.

100 3488 193 3544 nsque
216 3474 381 3547 applicandi
401 3476 597 3548 indulgentias
619 3493 694 3550 quae
713 3495 730 3532 a
752 3479 892 3534 Patribus
906 3477 1081 3552 Crucigeris
1100 3475 1189 3548 vulgo

100 3559 319 3620 nuncupantur.
333 3569 350 3598 »
364 3548 462 3604 Gratia
477 3564 577 3604 rursus
596 3548 669 3605 facta
689 3561 732 3606 est
750 3550 787 3605 ad
801 3550 1049 3623 quinquennium,
1066 3561 1093 3604 et
1106 3564 1189 3603 coro·

99 3631 157 3670 nae
171 3619 255 3675 unico
268 3619 365 3675 erucis
376 3619 464 3694 signo
477 3619 609 3676 benedici
623 3633 756 3693 possunt.

132 3925 140 3958 1
158 3919 199 3969 Cf.
210 3935 234 3970 c.
247 3921 419 3981 Recepimus,
431 3930 454 3979 8,
468 3923 508 3970 De
517 3921 665 3983 privilegiis
673 3925 708 3982 (v,
722 3925 775 3980 33);
794 3923 834 3970 Ex
842 3926 928 3981 parte,
942 3930 978 3979 ιε,
995 3922 1091 3970 eodem
1103 3936 1109 3978 ;
1123 3935 1148 3971 e.
1160 3920 1188 3971 Si

99 3990 191 4046 Papa,
204 4005 238 4046 ro,
251 3990 292 4037 De
307 3988 399 4038 Privil.
412 3988 440 4036 in
451 3996 477 4038 6⁰
488 3991 524 4048 (v,
537 3992 569 4047 7).

1037 3046 1189 3102 aciendam
1206 3088 1210 3093 ,

1267 1004 1326 1051 Dies
1336 1005 1359 1060 (1

1239 1061 1285 1109 det.
1297 1065 1374 1120 1905).
1463 1094 1476 1117 .,

1239 1144 1399 1191 amantio.
1463 1140 1475 1201 ,ἓ

1254 1225 1398 1272 Annotatt'o.
1467 1269 1476 1301 g
