2959 4900
90 298 159 381 [23]
204 323 226 354 s.
245 321 270 355 c.
289 321 331 354 aa.
348 319 384 354 ar
400 319 464 354 aiio.
482 319 563 354 paca.
579 319 668 364 71uu.
687 315 754 366 1899,
771 321 808 354 na
821 313 871 353 'aro
890 317 1088 354 oauiiinrioius
1148 296 1187 356 79

93 471 222 527 eamque
249 454 290 509 uti
316 455 409 526 legem
438 454 474 509 ab
498 453 646 517 omnibus,
667 454 704 508 ad
723 471 800 527 quos
822 464 940 526 spectat,
965 451 1072 508 servari
1096 450 1187 518 iussit,

91 525 250 582 contrariis
264 525 499 598 quibuscumque
513 542 573 580 non
586 525 780 580 obstantibus.

131 611 243 664 Datum
257 611 380 677 Romae,
395 626 431 664 ex
446 607 606 664 Secretaria
623 620 803 665 memoratae
823 609 853 663 S.
875 610 996 678 Congu,
1018 605 1064 661 die
1081 625 1098 676 7
1116 603 1189 659 iunii

96 681 176 753 1899·
665 752 696 806 S.
718 750 806 806 Card.
822 726 1027 817 Vnunuriciii,
1047 749 1153 821 Praef.

531 871 761 925 Auuorariouus

134 1009 158 1046 1.
180 991 324 1054 Accurate
344 1002 386 1046 est
411 989 478 1044 facti
501 991 611 1063 species
634 991 856 1047 consideranda.
887 993 928 1047 Ut
946 990 1033 1046 hodie
1052 990 1192 1061 pleraque

93 1061 235 1134 religiosa
248 1061 378 1116 virorum
394 1060 529 1116 Instituta
544 1062 723 1130 conduntur,
738 1072 847 1118 eorum
860 1062 973 1117 alumni
983 1059 1116 1116 stabilem
1131 1078 1191 1114 non

95 1133 264 1188 sortiuntur
290 1133 389 1188 locum
412 1133 468 1187 nisi
493 1132 522 1186 in
549 1133 676 1188 Instituti
699 1134 860 1205 provincia,
888 1132 1011 1189 minime
1036 1145 1135 1188 autem
1162 1131 1191 1186 in

92 1205 221 1276 siugulis
235 1205 381 1270 domibus
405 1221 477 1276 quas
491 1204 638 1274 facillime,
654 1206 689 1260 ad
704 1205 870 1286 Superioris
891 1204 1055 1270 arbitrium,
1078 1214 1192 1258 mutare

92 1276 205 1331 solent.
221 1277 329 1343 Quare,
344 1291 379 1330 ex
389 1275 459 1348 ipsis
471 1275 573 1330 studiis
587 1275 781 1348 perficiendis,
793 1293 886 1350 aeque
899 1275 1032 1343 firmiter,
1047 1292 1083 1330 ne
1097 1273 1193 1330 dicam

97 1346 228 1414 firmiuS,
243 1347 371 1420 cuipiam
384 1346 486 1402 domui
499 1347 675 1403 addicuntur
689 1359 777 1421 atque
790 1348 829 1403 ob
842 1347 917 1402 alius
931 1347 1060 1403 muneris
1074 1346 1193 1402 deman·

94 1420 198 1472 datam
209 1435 320 1473 curam.
328 1417 386 1486 Qui
394 1434 463 1498 ergo
473 1417 637 1474 studiorum
646 1435 733 1474 causa
741 1419 870 1490 aliquam
878 1419 923 1474 sui
933 1417 1060 1474 Instituti
1070 1418 1194 1472 domum

101 1490 248 1554 incolunt,
262 1487 292 1542 in
306 1505 340 1544 ea
353 1489 495 1561 religiosis
508 1489 657 1545 sodalibus
670 1507 791 1563 prorsus
811 1489 960 1545 'sufficiens
983 1488 1193 1545 nanciscuntur

98 1560 288 1616 domicilium
301 1559 506 1616 ordinationis.

1275 611 1334 658 Dies
1345 613 1358 668 (

1245 670 1392 728 iun.1899)..
1419 674 1421 677 '

134 1633 249 1686 Verum
263 1632 299 1686 de
312 1630 357 1687 his
370 1630 466 1712 agitur
479 1631 622 1704 religiosis
635 1632 686 1703 qui
700 1633 730 1686 iti
744 1631 897 1688 saeculari
911 1630 1082 1687 parisiensis
1092 1630 1194 1686 Archi·
1280 1674 1281 1677 η

100 1703 232 1776 episcopi
246 1702 403 1758 seminario
416 1701 518 1758 studiis
531 1704 602 1758 dant
614 1720 746 1776 operam,
761 1717 790 1760 et
811 1703 899 1759 simul
913 1703 987 1758 nulli
1007 1703 1052 1758 sui
1067 1701 1194 1757 Instituti

101 1774 204 1829 domui
228 1785 296 1828 sunt
317 1773 466 1830 coniuncti
488 1791 539 1829 seu
561 1774 686 1847 ascripti.
713 1777 756 1831 De
778 1775 823 1830 his
845 1774 920 1830 ratio
943 1786 1005 1829 erat
1029 1773 1192 1834 dubitandi,

119 1845 178 1910 uia,
195 1845 310 1901 secluso
332 1845 494 1919 privilegiu,
515 1845 654 1918 Religiosi
672 1863 741 1902 suos
754 1847 898 1902 dimittere
911 1857 1064 1918 nequeunt
1082 1844 1139 1899 nisi
1158 1845 1194 1900 ad

97 1864 295 1971 (ilrdinarium
306 1929 478 1972 conventus,
491 1918 554 1973 Nec
563 1917 753 1972 seminarium
763 1918 830 1974 loco
844 1928 1005 1972 conventus
1018 1933 1079 1972 esse
1088 1927 1192 1989 potest,

103 2005 157 2043 nec
170 1985 338 2057 ordinandi,
354 1986 384 2042 in
399 2005 477 2056 casu,
492 1989 528 2042 ad
543 1988 673 2060 aliquem
686 1989 871 2061 pertinebant
883 2000 1073 2043 conventum.
1130 2012 1132 2015 ·

137 2079 164 2114 2.
189 2059 253 2114 Hos
276 2058 375 2132 itaque
395 2059 607 2132 contemplaris,
633 2062 720 2115 Sacra
735 2059 931 2133 congregatio
945 2059 1045 2115 statuit
1063 2057 1195 2113 dimisso·

101 2130 187 2186 riales
210 2130 320 2185 litteras
342 2130 507 2202 dirigendas
528 2147 591 2187 esse
616 2131 653 2185 ad
677 2131 857 2206 Episcopum
876 2131 1042 2187 dioeceseos
1062 2130 1092 2185 in
1111 2130 1195 2185 cuius

101 2201 223 2282 praefati
249 2201 361 2257 alumni
389 2201 490 2257 studiis
521 2203 590 2257 dant
615 2220 745 2274 operam,
773 2217 929 2276 postquam
955 2215 1052 2258 tamen
1079 2201 1119 2255 ibi
1144 2217 1195 2273 per

103 2286 252 2346 integrum
265 2290 377 2328 annum
390 2274 562 2329 commorati
576 2273 694 2330 suerint.

138 2345 163 2400 3.
184 2344 329 2426 Obseryes
342 2361 431 2424 porro
454 2344 588 2416 regulam
603 2345 690 2400 statui
704 2345 926 2418 generaliorem,
947 2345 1072 2416 quaein
1096 2343 1196 2399 omnia

106 2486 190 2543 siensi
206 2485 374 2544 seminario.

138 2578 164 2627 4.
188 2559 268 2614 Hinc
281 2576 403 2631 quaeres
426 2560 460 2615 de
483 2560 518 2614 iis
531 2559 682 2616 sodalibus
705 2558 769 2632 qui,
781 2558 853 2614 dum
872 2559 903 2614 in
927 2559 1024 2616 alieno
1038 2558 1196 2615 seminario

105 2630 148 2683 vel
176 2629 312 2701 religiosa
339 2632 429 2687 domo
452 2630 555 2686 studiis
582 2630 768 2698 incumbunt,
796 2628 884 2686 simul
912 2631 947 2685 ad
973 2630 1125 2687 definitam
1151 2628 1196 2684 sui

109 2700 234 2755 Instituti
249 2702 372 2757 domum
385 2700 529 2775 pertinere
542 2720 595 2776 per
616 2713 679 2757 unt.

142 2773 215 2827 Satis
239 2784 353 2828 constat
365 2774 484 2829 eosdem
497 2774 534 2828 ab
548 2720 706 2829 Ordinatio
721 2772 766 2828 sui
780 2786 941 2828 conventus
955 2772 1084 2827 ordinari
1099 2788 1195 2845 posse,

109 2858 162 2897 nec
176 2844 211 2898 ad
226 2842 406 2917 Episcopum
421 2844 569 2901 seminarii
579 2843 685 2899 dimitti
699 2844 759 2899 iarn
769 2844 884 2899 debere.
895 2846 943 2900 An
953 2855 1053 2899 autem
1063 2843 1196 2916 possint?

145 2914 175 2968 ld
189 2926 276 2987 negat
299 2916 420 2989 scriptor
445 2918 545 2972 Ravuii
566 2919 774 2982 rnlxoiooiquu
796 2933 964 2988 raanqiisa,
989 2932 1065 2988 1904,
1088 2932 1118 2987 p.
1134 2915 1196 2983 584.

112 2985 202 3041 Nobis
220 2998 319 3043 tamen
341 2987 424 3043 aliter
444 2988 558 3043 videtur
579 2988 828 3060 respondendum.
843 2987 968 3042 Minime
986 2984 1066 3041 enim
1090 2987 1120 3041 in
1134 2985 1197 3040 iure

109 3069 258 3129 repugnat,
273 3069 306 3114 ut
317 3056 423 3114 habeat
436 3058 542 3130 aliquis
555 3059 653 3139 plures
677 3059 838 3132 Episcopos
850 3076 867 3112 a
880 3058 988 3131 quibus
1010 3056 1102 3129 possit
1121 3056 1196 3111 ordi-

111 3127 189 3195 nari;
217 3141 288 3201 puta
315 3131 495 3204 Episcopum
523 3130 644 3202 originis
677 3144 704 3185 et
732 3128 883 3185 domicilii.
914 3127 1063 3185 Praesenti
1096 3144 1197 3183 rursus

111 3197 232 3267 decretO,
255 3199 369 3258 ,formae
395 3200 547 3273 generalis,
573 3199 759 3257 domicilium
785 3200 979 3257 ordinationis
1007 3217 1059 3273 per
1084 3216 1197 3255 annum

109 3272 346 3347 commorationis
369 3273 399 3327 in
421 3272 579 3328 seminario
600 3271 744 3344 religiosis
768 3272 917 3327 sodalibus
939 3270 1138 3327 constituitur.
1160 3271 1198 3325 lis

111 3355 164 3410 qui
177 3342 211 3395 ad
223 3342 337 3399 nullam
350 3343 518 3417 religiosam
530 3344 653 3399 domum
665 3355 732 3398 actu
746 3343 892 3416 pertinent
907 3342 953 3399 ius
966 3342 1044 3398 istud
1056 3354 1100 3399 est
1110 3341 1196 3397 simul

112 3413 258 3489 necessarii
271 3432 353 3471 usus.
368 3414 447 3485 Quid
466 3425 563 3471 autem
577 3414 698 3495 impedit
711 3414 784 3485 quin
803 3414 866 3469 iure
888 3414 944 3469 isto
966 3424 1087 3469 utantur
1110 3413 1198 3469 etiam

115 3498 134 3533 ii
148 3482 247 3551 quibus
260 3486 345 3559 copia
357 3486 394 3543 sit
403 3486 535 3542 consueti
548 3485 689 3542 domicilii
700 3487 710 3539 l
723 3487 802 3541 Dum
815 3485 849 3539 iis
859 3486 910 3557 qui
923 3485 1004 3541 aliud
1020 3502 1080 3539 non
1090 3485 1198 3539 haberit

112 3551 290 3611 domicilium
302 3556 478 3631 praecipitur
493 3556 640 3613 ordinatio
662 3556 794 3612 facienda
815 3555 853 3611 ab
867 3556 1014 3630 Episcopo
1037 3556 1196 3622 seminarii,

117 3622 258 3681 decretum
271 3645 333 3683 non
348 3641 424 3684 vetat
447 3628 519 3702 quin
538 3628 587 3683 alii
600 3628 731 3685 eiusdem
755 3626 896 3684 domicilii
909 3626 1052 3685 beneficio
1066 3640 1197 3682 utantur.

117 3762 134 3771 ..
153 3694 177 3747 5.
195 3698 287 3754 Immo
312 3716 366 3755 nec
392 3716 599 3773 repugnamus,
626 3698 698 3780 quin
720 3698 775 3772 ipsi
802 3698 992 3781 regularium
1018 3698 1141 3762 alumni,
1168 3698 1198 3752 in

115 3764 213 3845 iisdem
237 3770 390 3836 adiunctis,
412 3772 516 3826 eodem
537 3770 688 3827 domicilio
714 3770 918 3839 ordinationis,
948 3787 984 3827 ex
1008 3770 1199 3842 Superiorum

115 3850 206 3902 venia,
227 3842 268 3896 uti
295 3842 417 3914 possint.
443 3842 573 3898 Perfecta
598 3842 676 3897 enim
702 3841 816 3897 videtur
835 3859 989 3897 causarum
1008 3841 1125 3914 paritas,
1146 3858 1199 3895 nec

117 3922 230 3978 apparet
242 3929 302 3979 cur,
320 3913 353 3969 in·
363 3914 417 3968 hnc
432 3930 474 3980 re,
488 3913 630 3969 severiore
644 3926 782 3985 regantur
797 3912 860 3969 iure
878 3916 978 3985 quam:
988 3912 1101 3968 alumni
1116 3912 1199 3967 Insti-

116 3988 243 4036 tutorum
254 3998 391 4039 votorum
405 3984 592 4057 simplicium.
891 4020 894 4024 -
1128 4024 1130 4028 -

157 4048 193 4104 N.
208 4052 237 4107 B.
259 4056 299 4111 De
312 4056 346 4111 iis
359 4068 474 4111 tantum
489 4056 631 4110 Institutis
645 4054 678 4109 fit
691 4070 880 4135 sermoqquae
893 4053 1078 4127 privilegium
1089 4054 1200 4123 ,habent

103 2415 198 2471 valeat
213 2433 378 2486 seminaria,
393 2415 526 2491 quamvis
548 2415 708 2489 postulatio
724 2434 786 2474 non
799 2416 887 2474 fuerit
900 2415 975 2472 facta
988 2415 1043 2471 nisi
1057 2418 1093 2472 de
1117 2415 1195 2471 Pari-

119 4123 288 4180 concedendi
302 4126 411 4183 litteras
424 4126 603 4182 dimissorias
616 4125 745 4181 alumnis
758 4143 828 4181 suis.
844 4126 904 4181 Cfr.
924 4140 1059 4181 nostrum
1074 4138 1095 4182 t.
1115 4144 1138 4193 1,
1153 4126 1201 4181 De
1218 4197 1221 4210 Ι

121 4188 286 4266 Religiosis‚
301 4215 331 4253 n.
344 4200 407 4268 483.
