2959 4900
305 282 364 346 180
759 302 940 340 nouantem

302 438 502 493 municaretur
513 437 638 511 aegrotis
651 436 703 509 qui
725 455 741 493 a
760 453 860 493 mense
872 437 979 493 morbo
992 437 1162 493 laborarent
1175 440 1196 495 ¹.
1219 434 1395 491 Huiusmodi

301 508 427 565 intentio
438 526 545 583 parum
557 508 723 565 verisimilis
732 520 788 577 est,
802 508 976 564 etexnullo
987 507 1012 563 si
1085 509 1312 564 demonstratur.

340 580 429 649 Quid,
454 580 534 653 quod
558 580 588 636 S.
610 577 750 635 Officium
771 580 932 636 concedere
953 579 1016 635 sole
1037 590 1067 635 at
1085 577 1212 651 aegrotis
1231 576 1396 633 facultatem

299 668 379 725 quae
395 667 474 707 nunc
496 652 584 724 pleno
598 650 661 707 iure
672 650 775 706 haberi
790 662 897 719 potest.
918 650 1074 719 Quocirca,
1088 664 1248 722 antequam
1262 664 1396 723 praesens
1476 644 1477 705 ἔ

303 722 437 778 ederetur
450 722 609 782 decretum.
623 721 707 777 iussit
727 722 757 777 S.
780 721 915 778 Pontifex
928 724 959 777 S.
974 719 1115 778 Officium
1129 721 1299 776 consultum
1312 719 1394 786 adiri,
1476 738 1477 763 ι

303 810 340 850 ne
373 811 411 848 ua
425 804 506 866 parte
519 792 618 848 futura
630 792 723 864 gratia
735 791 910 855 displiceret.
934 792 993 849 Sed
1016 792 1051 848 iis
1068 804 1186 848 tantum
1200 791 1397 863 indulgetura
1476 794 1477 829 l

301 864 335 921 S.
353 811 464 921 ilfficio
489 864 581 936 gratia
600 864 736 920 sumendi
760 863 874 936 aliquid
897 879 949 936 per
966 864 1092 919 modum
1111 877 1207 934 potus,
1223 862 1276 934 qui
1296 860 1397 917 ieiunii
1476 928 1477 935 p

301 935 444 991 naturalis
466 934 599 991 servandi
625 948 694 991 sunt
718 935 894 1006 impotentes
921 945 943 990 ².
971 935 1054 990 Num
1084 936 1163 990 ultra
1189 933 1263 989 fines
1290 932 1397 1004 quibus

303 1023 440 1079 suprema
461 1006 515 1062 ista
537 1004 733 1079 Congregatio
756 1005 947 1080 particulares
966 1005 1099 1061 continet
1122 1005 1238 1077 gratias,
1262 1002 1397 1077 generale

305 1078 455 1135 ludultum
469 1076 629 1134 extendesi
1476 1086 1477 1135 ἑ

340 1150 378 1205 Et
399 1165 499 1204 nonne
521 1148 579 1204 boc
609 1164 704 1208 unum
733 1146 829 1203 voluit
857 1146 1002 1215 Pontifex,
1031 1163 1132 1202 cavere
1158 1162 1195 1201 ne
1225 1145 1340 1213 diutius,
1358 1162 1396 1201 ss.

298 1218 477 1276 eucharistia
499 1220 642 1275 orbentur
663 1218 714 1291 qui
740 1220 881 1274 diuturno
902 1218 962 1273 iam
983 1218 1087 1275 morbo
1108 1219 1270 1273 vexantur?
1295 1217 1353 1271 Sed
1374 1217 1398 1271 si

299 1308 406 1347 omnes
418 1290 530 1362 aegroti
551 1290 603 1370 qui
624 1307 641 1344 a
662 1306 763 1370 mense
781 1289 962 1370 decumbunt
973 1289 1033 1345 iam
1053 1290 1081 1344 vi
1094 1290 1202 1370 decreti
1221 1289 1260 1343 ita
1281 1286 1398 1369 permit3

301 1373 405 1417 tuntur
426 1378 645 1417 communicare
667 1378 729 1417 non
754 1376 858 1428 terunt,
880 1373 913 1416 ut
936 1376 1017 1416 mere
1037 1381 1055 1411 n
1072 1370 1229 1415 conveniat
1249 1371 1284 1414 ut
1308 1376 1398 1419 retunt

299 1434 450 1496 accedant,
466 1432 490 1489 si
503 1432 659 1487 commode
672 1432 787 1505 possint
804 1452 831 1501 x,
845 1430 939 1487 multi'
945 1432 1009 1503 lege
1028 1430 1083 1487 ista
1100 1432 1252 1488 solventur
1266 1430 1317 1503 qui
1332 1447 1398 1501 pro·

302 1502 378 1561 fecto
400 1503 593 1559 eucharistico
616 1502 732 1559 animae
756 1503 823 1559 cibo
849 1503 912 1558 sine
937 1503 1001 1558 ullo
1025 1501 1141 1557 indulto
1168 1501 1267 1558 refecti
1291 1512 1397 1557 essent.

339 1574 465 1631 Anxiam
479 1586 588 1641 tamen,
609 1573 697 1630 etiam
716 1590 782 1643 nos,
805 1590 875 1630 cum
895 1573 1010 1647 egregia
1032 1572 1229 1645 ephemeride,
1251 1573 1399 1645 deponere

300 1646 439 1702 iubemus
450 1645 679 1719 inquisitionem,
691 1661 746 1701 nec
754 1644 938 1717 torquendos
947 1643 1084 1701 ducimus
1094 1643 1239 1700 infirmos.
1249 1646 1397 1714 Namque,

299 1728 336 1773 ut
350 1717 424 1773 solet
436 1733 577 1771 romanus
591 1715 740 1788 legislator
752 1716 893 1788 gravitate
911 1717 1070 1772 verborum
1088 1716 1213 1771 laxiores
1227 1714 1399 1788 praepedire

303 1787 568 1861 interpretationes,
589 1788 669 1842 ultro
683 1787 881 1860 permittimus
899 1799 933 1842 ut
954 1788 994 1842 im
1017 1787 1128 1842 otentia
1146 1802 1222 1859 quae
1240 1785 1400 1859 requiritur

302 1859 488 1931 intellegatur
514 1857 640 1929 benigne
665 1858 701 1914 de
727 1858 858 1929 qualibet
882 1858 956 1913 seria
1007 1856 1168 1928 ifficultate‚
1202 1859 1242 1912 ita
1272 1869 1305 1912 ut
1336 1873 1399 1912 non

300 1946 499 2003 repugnemus
515 1931 548 1987 R.
563 1930 598 1985 D.
615 1930 801 1999 Βοιιυιιιιιοιι,
815 1945 883 1984 cum
893 1928 1038 2003 privilegii
1050 1944 1139 1985 usum
1154 1927 1279 1985 infirmis
1291 1927 1400 1983 addicit

300 2002 355 2075 qui
369 2018 431 2057 non
443 2000 557 2073 possint
571 2000 627 2055 nisi
641 2016 727 2072 aegre
739 2000 887 2073 integrum
901 2016 1015 2057 servare
1027 2000 1173 2056 ieiunium
1184 2000 1206 2055 ³.

340 2074 446 2143 Neque
467 2072 555 2128 etiarn
576 2090 593 2126 a
612 2088 713 2128 mense
725 2072 933 2128 decumbentes
946 2071 1057 2127 infirmi
1072 2072 1210 2127 facultate
1222 2070 1267 2125 uti
1279 2069 1400 2142 permit-

299 2154 416 2209 tuntur,
431 2143 455 2198 si
469 2154 550 2198 certa
564 2142 700 2197 fruantur
713 2158 765 2215 spe
776 2158 809 2198 ut
819 2142 879 2197 'cito
892 2142 1106 2199 convalescant.

341 2214 431 2270 Certa
444 2229 510 2288 spes
528 2226 599 2269 tunc
617 2214 709 2269 aderit
728 2230 797 2269 cum
815 2214 947 2269 medicus
970 2211 1235 2269 convalescentiam
1250 2228 1400 2284 praenun-

298 2284 364 2352 tiat,
385 2284 441 2341 nisi
461 2284 574 2365 aliquid
598 2296 711 2354 praeter
733 2286 981 2357 exspectationem
1004 2284 1202 2340 intervenerit.
1226 2284 1313 2339 Certa
1337 2288 1400 2337 non
1476 2356 1477 2359 Ἴ

301 2356 395 2412 aderit
409 2371 483 2427 spes,
500 2372 524 2411 st
536 2355 667 2411 medicus
681 2355 788 2411 dubius
802 2356 912 2419 haeret,
924 2372 1004 2411 mere
1017 2354 1145 2412 affirmat
1157 2353 1221 2410 fieri
1230 2370 1327 2426 posse,
1342 2367 1398 2410 etc.

302 2428 389 2483 Certa
402 2443 476 2500 spes,
491 2439 525 2482 ut
543 2425 584 2482 ait
599 2427 633 2485 R.
651 2427 685 2482 D.
702 2427 849 2494 Desunt,
865 2426 1011 2484 moralem
1031 2427 1160 2502 postulat
1178 2425 1398 2482 certitudinem.

341 2506 406 2562 Cito
421 2507 633 2576 convalescere,
648 2504 679 2560 in
692 2506 800 2561 morali
813 2506 1037 2575 existimatione,
1051 2507 1216 2562 censendus
1228 2518 1281 2575 est,
1298 2519 1401 2561 nostra

300 2577 456 2658 sententia,
471 2577 524 2658 qui
536 2577 612 2657 intra
631 2590 698 2658 octo
718 2578 779 2633 dies
794 2578 926 2634 restituta
939 2579 1068 2652 potietur
1084 2577 1261 2657 valetudine.
1271 2577 1323 2658 ΙΕιι
1336 2579 1401 2648 ipsa

301 2666 383 2704 enim
397 2664 594 2705 concessionis
608 2661 731 2718 retrone,
778 2666 817 2703 ua
835 2663 986 2706 menstrua
1006 2665 1180 2704 communio
1192 2661 1225 2704 ut
1238 2665 1402 2703 minimum

301 2719 490 2794 permittitur,
510 2720 624 2775 videtur
637 2719 716 2776 istud
729 2666 828 2792 coiligi
843 2737 939 2792 posse,
960 2719 1051 2776 menti
1068 2719 1216 2776 Ecclesiae
1235 2735 1402 2791 congruere

301 2802 336 2846 ut
348 2807 436 2846 nemo
449 2791 499 2846 diu
511 2791 588 2848 ultra
602 2807 734 2847 mensem
749 2808 787 2846 ss.
799 2791 974 2847 eucharistia
986 2791 1125 2863 privetur.

339 2863 385 2916 Ne
400 2862 545 2918 existimes
557 2871 657 2918 tamen
676 2879 752 2934 opus
767 2879 829 2918 esse
843 2877 876 2918 ut
890 2875 1028 2935 aegrotus
1046 2878 1099 2935 per
1118 2877 1251 2918 mensem
1270 2861 1331 2916 iam
1343 2877 1403 2916 usu

301 2933 493 2990 eucharistiae
517 2933 670 2989 caruerit:
703 2950 832 3005 namque
861 2946 922 2990 tam
951 2933 976 2988 is
1000 2933 1052 3005 qui
1077 2949 1130 3006 per
1154 2933 1276 2988 modum
1300 2933 1402 2987 viatici

299 3004 563 3060 communicaverit
585 3021 646 3059 non
668 3004 794 3073 ieiunus,
818 3021 898 3060 nunc
919 3019 1027 3071 autem,
1054 3003 1114 3058 iam
1135 3018 1216 3059 extra
1235 3002 1403 3076 periculam

262 3076 266 3081 ’
302 3075 423 3147 positus,
452 3077 710 3148 nondumpotest
734 3075 792 3130 nisi
817 3093 902 3147 aegre
926 3076 1061 3131 naturale
1087 3074 1232 3130 ieiunium
1256 3091 1400 3143 servare;

300 3164 392 3220 quam
414 3146 463 3202 ille
482 3146 532 3218 qui
556 3163 608 3220 per
632 3163 764 3202 mensem
783 3146 989 3202 eucharistiam
1008 3163 1043 3202 ex
1064 3146 1220 3202 devotione
1242 3145 1400 3216 acceperit,

300 3231 434 3288 uterque,
458 3218 590 3290 inquam,
614 3217 759 3289 praesenti
774 3217 913 3273 fruuntur
927 3217 1052 3284 indulto,
1074 3218 1236 3273 dummodo
1248 3233 1301 3292 per
1314 3233 1402 3273 men-

300 3305 364 3345 sem
378 3288 571 3345 decubuerint
584 3289 690 3344 morbo
705 3287 812 3344 affecti.

338 3360 480 3415 Observes
504 3359 592 3415 etiam
613 3361 660 3431 agi
682 3360 718 3415 de
740 3376 791 3431 spe
813 3375 890 3432 quae
910 3358 1177 3415 convalescentiam
1199 3358 1316 3434 respicit
1335 3375 1401 3414 non

297 3441 401 3486 'autem
413 3429 529 3503 copiam
542 3430 702 3486 ieiunandi.
725 3431 813 3486 Unde
827 3431 961 3503 quamvis
975 3447 1044 3487 mox
1056 3430 1189 3486 futurum
1201 3430 1238 3486 sit
1250 3441 1283 3485 ut
1295 3447 1402 3502 aegro·

300 3511 347 3556 tus
362 3502 453 3573 possit
466 3518 586 3557 manere
599 3501 725 3569 ieiunus,
740 3501 884 3574 privilegii
898 3518 955 3557 usu
973 3518 1035 3556 non
1049 3501 1164 3570 excidit,
1180 3502 1348 3558 dummodo
1361 3517 1402 3558 ne

301 3575 422 3628 morbus
435 3573 495 3646 ipse
510 3584 575 3644 post
589 3589 721 3628 mensem
734 3572 879 3628 acl-finem
893 3572 1017 3628 omnino
1030 3585 1139 3645 vergat.

338 3644 413 3699 Satis
432 3643 517 3698 nobis
541 3644 696 3699 assentitur
719 3645 755 3699 R.
771 3644 807 3700 D.
825 3646 868 3699 Da
881 3644 971 3711 Sues,
997 3645 1016 3698 l.
1031 3660 1077 3712 c.;
1100 3643 1189 3699 simul
1209 3654 1310 3699 tamen
1328 3660 1402 3716 pm·

300 3716 408 3786 pendet
427 3715 457 3769 in
476 3714 694 3770 distinctionem
713 3731 907 3786 personarum
927 3731 1003 3788 quae
1021 3714 1107 3770 nobis
1126 3715 1225 3770 minus
1243 3715 1400 3786 probatur.

330 3937 478 3996 1Excepto
498 3939 556 3985 solo
576 3936 629 3985 hoc
653 3935 821 3994 discrimine,
847 3936 921 3998 quod
947 3935 1100 3995 periculose
1119 3938 1291 3996 aegrotantes
1313 3936 1405 3984 etiam

299 4001 377 4050 sotim
386 4001 449 4051 cibo
458 4016 514 4051 nou
524 4001 713 4063 prohibentur.
732 4023 734 4030 ·

329 4071 340 4104 2
356 4067 456 4117 Forma
473 4067 546 4116 enim
564 4067 697 4128 supplicis
714 4066 801 4116 libelli
821 4067 860 4116 ita
880 4067 936 4116 fere
954 4065 1138 4116 describitur:
1160 4085 1170 4113 ι
1187 4069 1253 4116 Χ....
1265 4066 1302 4115 ad
1312 4065 1405 4126 pedes

301 4134 329 4182 S.
346 4134 380 4180 V.
401 4135 571 4193 provolutus,
595 4147 659 4182 cum
676 4138 789 4193 propter
808 4135 880 4182 male
907 4132 1034 4181 affectam
1052 4132 1239 4196 valetudinem
1259 4131 1405 4182 ieiunium

300 4201 426 4247 naturale
436 4212 544 4248 servare
554 4205 682 4260 nequeat,
693 4213 728 4247 ne
738 4212 817 4248 sacra
828 4199 899 4258 dape
910 4199 1014 4248 diutius
1024 4198 1127 4258 privari
1138 4205 1252 4260 cogatur
1255 4233 1307 4246 .....
1327 4215 1341 4263 ιι

330 4266 341 4300 ³
357 4281 366 4308 ι
384 4264 429 4311 Las
438 4263 542 4311 maiades
552 4266 697 4324 chronique,
713 4280 779 4313 assez
788 4265 917 4327 souffraats
925 4271 985 4324 pour
994 4280 1023 4312 ne
1028 4266 1130 4325 poevoir
1139 4279 1197 4313 sans
1203 4266 1270 4324 pam
1279 4264 1406 4313 demererer

300 4327 386 4387 ajeun.
405 4347 415 4374 t
428 4331 589 4378 cinonrsrn
600 4343 828 4388 consensorem,
840 4337 859 4380 t.
873 4331 946 4380 XXX
956 4333 1034 4390 (1907)
1044 4344 1072 4390 p.
1084 4344 1121 4380 ao.
