2959 4900
328 310 389 382 ,166
782 336 963 375 nonuuaarn

328 490 411 531 secus
430 491 465 531 ac
484 473 624 541 pluribus
639 472 671 531 in
693 472 767 533 locis
787 472 987 530 communiter
1010 471 1077 529 fieri
1100 474 1256 533 consuevit
1278 474 1299 530 ¹.
1321 496 1335 526 n
1351 472 1399 529 Ch.

328 556 457 603 ceterum
475 548 511 603 de
533 546 590 602 isto
612 556 798 619 argumento,
823 534 922 619 L’dge
940 545 977 601 de
999 542 1029 601 la
1048 540 1200 619 premibre
1218 544 1399 612 communion,

329 618 520 685 Dusraoouss.
542 604 660 677 bit-uuus
679 617 784 691 (1889),
806 626 828 672 t.
852 633 952 689 47‚,p.
966 617 1038 686 6643
1064 629 1085 673 t.
1107 618 1153 687 48,
1175 636 1205 692 p.
1231 618 1280 674 128
1297 629 1324 674 et
1341 619 1399 688 627;

329 689 353 745 Ι.Ι
377 689 487 745 Bassou
511 689 654 761 (Bulletin
676 688 865 762 canentque),
894 689 1012 745 Ernoss
1036 688 1141 762 (1898),
1167 700 1188 746 t.
1211 689 1258 762 75,
1280 688 1401 763 p.'688et

275 761 530 832 .tmpfflm

362 832 388 887 3.
404 832 578 890 Observabis
600 830 813 899 resolutionem
834 829 954 886 alterius
975 830 1058 887 dubii
1073 830 1162 889 fuisse
1176 852 1193 883 «
1206 830 1248 888 ad
1262 807 1402 887 mentem»

325 918 379 959 nec
392 916 521 960 mentem
534 904 619 961 istam
638 902 723 959 nobis
743 900 895 959 declarari.
923 903 1005 958 Num
1026 902 1114 978 longe
1127 921 1145 959 a
1156 918 1226 961 vero
1245 902 1402 958 distabimus

241 1020 243 1025 ,
325 973 348 1029 si
363 975 495 1048 responsi
508 975 634 1033 formam
646 991 681 1030 ac
693 985 838 1031 secretum
852 973 891 1029 ita
905 973 1016 1029 erimus
1029 972 1230 1047 interpretatis
1246 976 1277 1033 S.
1294 972 1402 1029 Consilii

133 2680 230 2729 Orator.

128 2897 247 2942 renuo.

116 3231 259 3283 Audientiae

99 3288 152 3335 dies
168 3293 209 3349 (26

98 3350 159 3396 maii
168 3353 249 3410 1906).

325 1044 521 1119 Congregatio
540 1046 703 1116 respondit,
726 1063 762 1103 ex
782 1044 927 1101 hodierna
949 1045 1020 1102 disci
1043 1043 1102 1101 lina
1115 1062 1188 1116 esse,
1208 1063 1263 1121 pro
1282 1043 1401 1110 infirmis,

323 1116 493 1173 adeundum
505 1119 535 1177 S.
551 1118 700 1181 Officium,
715 1118 767 1173 sed
785 1115 1001 1173 consulendum
1019 1062 1209 1177 §arctissimo
1230 1128 1263 1172 ut
1282 1114 1402 1189 generale

323 1186 370 1243 det
383 1187 530 1244 indultum
543 1207 604 1262 quo
617 1189 705 1246 simul
718 1187 888 1244 consulatur
900 1181 1089 1244 infirmorum
1101 1187 1200 1260 pietati
1215 1202 1244 1247 et
1257 1186 1404 1244 commodo

323 1260 520 1330 parochorum
532 1261 584 1333 qui
598 1271 752 1333 nequeunt
770 1259 822 1317 SS.
838 1260 1062 1316 Sacramentum
1080 1261 1168 1317 nimis
1185 1263 1351 1335 frequenter
1361 1274 1403 1330 per

323 1329 383 1386 vias
409 1331 529 1388 deferre.
562 1333 639 1389 Cum
666 1345 765 1388 tamen
792 1330 880 1387 simul
906 1347 952 1386 res
976 1332 1013 1387 ad
1038 1332 1068 1388 S.
1095 1329 1236 1390 Officium
1260 1332 1402 1408 pertineat,

323 1401 529 1458 Sanctissimus
553 1404 708 1461 decernere
729 1402 842 1458 distulit
865 1403 960 1459 donec
982 1401 1119 1471 Supremi
1142 1403 1225 1462 istius
1244 1400 1404 1459 Tribunalrs

323 1473 501 1537 explorasset
515 1475 701 1533 sententiam.
1003 1540 1008 1546 ,
1451 1488 1453 1493 ’

358 1544 459 1601 Simile
472 1545 625 1627 quidpiam
636 1560 735 1603 actum
748 1561 810 1601 esse
823 1544 1005 1615 conicimus;
1031 1563 1102 1603 mox
1116 1561 1227 1617 autern,
1243 1558 1278 1603 ut
1297 1544 1405 1601 arbitra·

322 1632 398 1686 mur,
415 1634 462 1673 res
475 1630 529 1673 erit
542 1634 573 1673 m
585 1627 748 1691 comperto.

549 1927 645 2014 156.
668 1980 708 1990 -
731 1944 768 2013 s.
792 1942 936 2013 nonar.
960 1942 1186 2014 sturionum

404 2138 633 2204 trecharum,
650 2142 708 2195 EX
723 2141 952 2218 ΑΠΙΗΕΝἸἾΑΙ
966 2140 1042 2197 ssmi
1059 2141 1103 2196 26
1120 2140 1218 2194 ΜΑΙῙ
1237 2140 1319 2195 1906

354 2313 543 2371 Pontificio
565 2318 711 2382 nomine
733 2316 908 2372 decorans
935 2274 1130 2387 collegium
1153 2313 1195 2370 D,
1215 2312 1374 2370 'rhomae

783 2402 827 2457 de
850 2401 947 2459 Urbe

423 2544 603 2600 Beatissimo
623 2547 734 2611 Padre‚

351 2664 381 2718 Il
393 2665 495 2720 Padre
507 2666 558 2720 2F
557 2684 583 2724 r.
598 2665 710 2722 Enrico
722 2667 955 2739 Buonpensr'ere,
971 2667 1020 2722 dei
1035 2662 1236 2732 Pre'dicatori,
1252 2666 1298 2721 Re
1345 2673 1406 2719 ente

315 2735 365 2791 del
376 2734 511 2810 collegio
526 2736 559 2791 di
572 2739 603 2794 S.
624 2739 784 2794 Tommaso
797 2740 834 2794 de
850 2739 940 2806 Urbe,
956 2736 1091 2812 supplica
1107 2737 1280 2792 nmilmente
1327 2746 1404 2791 ostra

315 2801 433 2862 Santirb
452 2802 577 2882 affincbb
591 2809 618 2864 si
636 2809 729 2884 degni
747 2811 907 2870 concedere
920 2827 939 2864 a
963 2819 1064 2883 questo
1082 2808 1220 2882 Collegio
1235 2808 1259 2862 il
1273 2806 1358 2863 titulo
1376 2805 1405 2885 di
1451 2820 1453 2823 ·

317 2879 497 2945 Porrimam,
520 2880 718 2936 dichiarando
739 2881 817 2937 cbei
828 2881 924 2954 gradi
945 2881 1139 2948 recedenter}
1166 2879 1220 2935 cite
1238 2879 1277 2934 da
1300 2895 1364 2935 esso
1381 2893 1403 2931 si
1451 2944 1453 2947 Ι

314 2951 517 3021 conseriscono
530 2952 561 3006 in
576 2950 725 3026 solosofia,
740 2952 872 3026 teologia
885 2969 902 3008 e
920 2952 1022 3008 diritto
1034 2951 1190 3018 canonico,
1212 2950 1343 3005 abbiano
1360 2946 1406 3022 gn·

314 3031 395 3076 stessi
410 3022 500 3096 efferri
512 3023 650 3093 canonici
664 3023 697 3077 di
710 3024 804 3097 quelli
817 3024 870 3080 ebe
883 3025 910 3080 si
923 3023 1126 3092 conferiscono
1140 3022 1171 3078 in
1186 3020 1265 3077 altre
1282 3021 1405 3078 Univer-

303 3086 370 3146 ἐἰτὸ
385 3093 550 3149 cartolicbe.

352 3162 413 3218 Che
427 3164 506 3221 della
517 3165 642 3238 grania,
657 3180 716 3220 ecc.
1388 3228 1403 3238 ,,

349 3233 439 3288 SSmus
460 3237 526 3290 Ι)11118
541 3237 648 3292 Noster
670 3236 740 3292 Pius
756 3238 807 3310 Pp.
824 3238 860 3305 X,
876 3236 907 3292 in
927 3235 1074 3292 audientia
1089 3233 1147 3297 diei
1166 3235 1201 3290 26
1215 3233 1325 3290 mensis
1338 3246 1404 3286 man

316 3307 395 3386 1906,
409 3305 551 3363 referente
572 3307 736 3380 subscripto
759 3309 790 3365 S.
804 3307 1048 3382 Congregationivs
1070 3304 1245 3362 Studiorum
1261 3307 1322 3361 Ε1110
1338 3304 1404 3380 Car-

312 3375 402 3430 dinali
430 3376 588 3445 Praefecto,
622 3388 731 3434 attenta
762 3379 1016 3436 commendatione
1046 3377 1101 3432 Rmi
1136 3378 1229 3432 Patris
1255 3373 1404 3433 Generalis

220 3493 222 3496 .
313 3447 561 3519 Praedicatorum,
588 3449 713 3521 benigne
746 3450 929 3524 libenterque
961 3466 1095 3506 annuens
1126 3446 1261 3520 precibus
1291 3445 1347 3503 Rmi
1372 3444 1402 3498 P.

339 3693 348 3727 1
362 3694 440 3742 Acrn
451 3693 479 3742 S.
492 3693 581 3750 Senis,
594 3697 613 3742 t.
626 3702 654 3754 39
664 3695 748 3754 (1906),
761 3708 789 3753 p,
802 3700 854 3751 510,
867 3697 942 3742 nota.

423 3800 564 3848 Beatissimo
578 3802 661 3858 Pater,

336 3889 395 3938 2Id
412 3897 453 3938 est
468 3891 567 3941 latine:
585 3893 667 3940 Pater
682 3893 779 3941 Frater
795 3891 938 3940 Henricus·
948 3887 1164 3950 Buonpensiere.
1181 3889 1297 3938 Ordinis
1320 3891 1403 3938 Prae·

307 3954 472 4014 dicatorum,
489 3959 596 4018 Regens
607 3957 714 4018 collegii
731 3959 767 4006 D.
779 3957 902 4007 Thomae
916 3958 951 4005 de
962 3954 1048 4012 Urbe,
1065 3955 1206 4005 humiliter
1221 3955 1405 4005 sanctitatem

307 4021 432 4070 Vestram
440 4027 509 4080 orat,
520 4028 550 4071 ut
559 4023 698 4072 Pontificii
707 4024 815 4084 collegii
824 4023 905 4072 titulo
913 4021 1059 4082 collegium
1067 4021 1141 4069 istud
1150 4034 1255 4086 augere
1263 4021 1402 4084 dignetur,
1451 4070 1453 4073 .

306 4087 443 4148 simulque
457 4090 578 4138 declaret
594 4091 695 4151 gradus
710 4089 885 4139 academicos
903 4087 951 4150 qui
969 4087 998 4136 in
1016 4085 1202 4147 philosophia.
1222 4085 1363 4149 theologia
1378 4089 1405 4132 et

307 4152 366 4201 iure
385 4154 518 4203 canonico
536 4154 639 4205 ibidem
657 4155 854 4213 conceduntur,
873 4154 983 4204 eosdem
1000 4152 1149 4202 canonicos
1166 4152 1281 4204 effectus
1297 4152 1404 4204 habere

306 4232 377 4279 quos
387 4221 486 4278 gradus
496 4219 598 4270 habent
608 4226 762 4272 ceterarum
773 4221 990 4272 Universitatum
1000 4217 1208 4269 catholicarum.

336 4286 371 4333 Et
383 4287 467 4344 Deus,
480 4291 531 4335 etc.
