2959 4900
105 1187 219 1234 Praesen-

77 1247 134 1291 tiam
168 1251 237 1287 rant·

77 1305 166 1349 tionum

76 1356 176 1416 exempla
193 1415 198 1423 ἱ
217 1357 238 1399 tt

76 1421 207 1476 opportuni·

78 1481 122 1521 tns.

106 2414 232 2465 Manantes

76 2480 172 2535 possunt
181 2488 239 2532 gra-

79 2548 134 2581 vare
159 2533 240 2592 patri·

79 2592 191 2641 monium.

109 2718 172 2780 Quid
181 2718 241 2765 mis-

78 2793 117 2825 sae
140 2777 172 2824 ad
202 2778 242 2822 in-

78 2842 131 2882 star
140 2847 242 2883 manua-

79 2894 145 2941 lium.

109 3076 171 3137 Quot
186 3075 240 3120 mis·

80 3142 119 3179 sae
129 3134 204 3192 accipi

81 3192 170 3238 honeste
188 3195 244 3250 pos-

80 3252 138 3297 sint.

112 3460 176 3509 Utin
186 3463 243 3504 tim*

78 3526 121 3581 pus
154 3522 242 3576 suscep-

83 3586 118 3625 tae
152 3575 243 3634 obliga-

83 3637 166 3684 tionis.

110 3740 148 3787 Ne
157 3740 221 3786 acci·

80 3802 178 3859 piantur

82 3859 168 3903 missae
188 3866 246 3912 quae

84 3914 245 3981 infraannum

83 3972 132 4020 diti
146 3985 186 4017 nc·

83 4034 175 4089 queant.

112 4086 175 4147 Quid
186 4090 223 4132 ta·

84 4160 135 4191 men
141 4147 218 4205 possit

85 4201 247 4263 offerentisvo·

84 4263 171 4308 tuntas.

114 4343 235 4402 obligatio

740 377 921 414 MONUMENTA

457 551 525 637 19.
547 603 588 614 -
610 566 644 636 s.
669 565 1004 636 contaminans
1029 565 1193 636 cortun

587 751 810 825 DECRETUM
828 751 863 805 11
880 751 977 805 MAI!
993 753 1076 806 1904

287 917 341 972 De
354 915 545 972 Missartmt
561 917 730 973 oneribus
744 920 870 974 exacte
884 919 1112 974 exsolvendis
1131 922 1169 976 et
1186 921 1383 992 prudenter

704 1001 966 1058 transferendis

326 1156 375 1214 Ut
388 1157 508 1212 debita
523 1156 721 1214 sollicitudine
731 1158 888 1216 missarum
901 1160 1084 1215 manualium
1098 1160 1253 1216 celebratio
1264 1159 1383 1233 implea-

290 1242 348 1296 tur,
374 1229 628 1300 eleemosynarum
652 1230 849 1302 dispersiones
873 1245 902 1287 et
926 1244 1141 1305 assumptorum
1165 1232 1383 1305 obligationum

292 1300 454 1356 obliviones
476 1299 613 1368 vitentur,
637 1302 731 1373 plura,
756 1301 845 1356 etiam
867 1303 1029 1358 novissimo
1047 1316 1189 1376 tempore,
1211 1304 1241 1360 S.
1257 1303 1384 1358 Concilii

293 1370 489 1450 Congregatio'
498 1370 658 1450 constituit.
673 1373 729 1427 Sed
744 1373 867 1428 intanta
882 1386 999 1429 nostrae
1018 1375 1119 1433 aetatis
1132 1392 1231 1430 rerum
1245 1392 1279 1431 ac
1292 1374 1383 1430 fortu-

292 1461 398 1498 narum
412 1442 573 1497 mobilitate
586 1454 615 1498 et
628 1457 775 1500 crescente
784 1444 941 1501 hominum
953 1445 1075 1514 malitia,
1092 1446 1270 1572 experientia
1282 1446 1384 1501 docuit

292 1515 419 1570 cautelas
435 1513 480 1568 vel
504 1514 631 1570 maiores
653 1532 714 1570 esse
731 1515 921 1585 adhibendas
946 1529 979 1571 ut
993 1517 1059 1590 piae
1073 1516 1130 1572 fide
1144 1518 1206 1572 ium
1218 1518 1384 1572 voluntates

292 1603 353 1640 non
367 1585 546 1652 fraudentur,
568 1603 673 1658 resque
691 1587 768 1642 inter
787 1605 890 1642 omnes
909 1589 1079 1660 gravissima
1094 1589 1223 1644 studiose
1239 1606 1273 1645 ac
1285 1600 1384 1644 sancte

291 1657 481 1712 custodiatur.
504 1657 570 1724 Qua
602 1658 638 1712 de
658 1674 757 1726 causa,
786 1657 840 1713 Emi
863 1660 893 1715 S.
917 1660 951 1714 C.
977 1662 1086 1729 Patres,
1111 1661 1200 1716 semel
1227 1660 1385 1716 etiterum

292 1728 405 1784 collatis
418 1727 556 1794 consiliis,
571 1729 716 1784 nonnulla
731 1731 885 1785 statuenda
903 1744 1080 1787 censuerunt
1098 1749 1173 1802 quae
1188 1733 1279 1786 ngus
1293 1733 1328 1786 D.
1344 1733 1384 1786 N.

294 1800 437 1880 PiusUPP.
455 1799 482 1852 X
494 1813 627 1856 accurate
646 1801 810 1873 perpendit,
831 1802 974 1873 probavit,
997 1802 1171 1876 vulgarique
1183 1801 1276 1872 iussit,
1297 1814 1386 1876 prout

291 1884 432 1944 sequitur.

329 1953 463 2010 Declarat
475 1951 505 2006 in
519 1952 621 2024 primis
636 1954 723 2008 Sacra
737 1954 934 2026 Congregatio
953 1955 1104 2010 manuales
1124 1955 1227 2012 missas
1240 1956 1386 2029 praesenti

292 2027 408 2082 decreto
428 2024 556 2095 intellegi
578 2037 606 2080 et
619 2024 720 2079 haberi
733 2041 782 2080 eas
800 2043 903 2081 omnes
918 2045 991 2098 quas
1010 2026 1121 2096 fideles,
1136 2029 1235 2082 oblata
1253 2027 1387 2082 manuali

292 2099 375 2170 stipe,
395 2095 533 2152 celebrari
555 2095 715 2167 postulant,
736 2095 854 2152 cuilibet
867 2096 912 2152 vel
926 2099 1219 2170 quomodocumque,
1234 2099 1293 2154 sive
1307 2099 1387 2154 brevi

292 2187 392 2236 manu,
408 2167 466 2221 sive
487 2167 518 2220 in
536 2166 727 2233 testamentis,
750 2167 826 2224 hanc
845 2168 949 2242 stipem
962 2170 1088 2236 tradant,
1109 2169 1273 2226 dummodo
1285 2187 1388 2242 perpe-

291 2255 374 2296 tuam
387 2237 589 2293 fundationem
602 2255 664 2292 non
683 2239 862 2294 constituant
873 2241 919 2296 vel
932 2242 1021 2297 talem
1039 2258 1073 2296 ac
1094 2253 1155 2296 tam
1168 2243 1339 2297 diuturnam
1355 2255 1388 2296 ut

291 2325 444 2382 tamquam
457 2320 597 2380 perpetua
610 2309 711 2364 haberi
726 2310 838 2366 debeat.

331 2393 442 2449 Pariter
467 2391 543 2446 inter
574 2392 725 2448 manuales
750 2393 853 2449 missas
884 2395 1031 2450 accenseri
1059 2394 1123 2450 illas
1152 2413 1228 2469 quae
1259 2395 1389 2469 privatae

292 2466 417 2523 alicuius
429 2463 555 2518 familiae
570 2464 782 2536 patrimonium
804 2478 925 2537 gravant
947 2468 1066 2540 quidem
1088 2467 1119 2522 in
1138 2480 1323 2541 perpetuum,
1338 2468 1388 2523 sed

293 2538 324 2593 in
338 2536 419 2593 nulla
432 2534 553 2590 ecclesia
566 2547 635 2589 sunt
649 2536 831 2602 constitutae,
848 2538 955 2611 quibus
965 2539 1061 2594 missis
1073 2539 1170 2595 ubivis
1180 2558 1197 2594 a
1208 2538 1389 2613 quibuslibet

294 2606 502 2676 sacerdotibus
517 2606 734 2680 patrisfamilias
749 2608 881 2677 arbitrio,
896 2609 1030 2665 satisfieri
1043 2622 1148 2683 potest.

330 2692 376 2746 Ad
389 2691 479 2745 instar
493 2689 677 2744 manualium
696 2706 766 2745 vero
778 2708 850 2759 esse,
867 2709 943 2763 quae
956 2692 987 2746 in
1000 2692 1099 2765 aliqua
1113 2692 1234 2749 ecclesia
1248 2693 1389 2748 constitu·
1474 2682 1477 2736 ἶ

294 2777 350 2830 tae,
373 2763 418 2817 vel
432 2759 581 2816 beneficiis
603 2758 741 2829 adnexae,
763 2780 780 2815 a
802 2762 922 2835 proprio
945 2762 1133 2819 beneficiario
1155 2764 1200 2819 vel
1220 2764 1251 2818 in
1269 2764 1390 2837 propria
1474 2775 1478 2814 i

295 2834 417 2891 ecclesia
430 2832 484 2887 hac
498 2832 583 2887 illave
602 2833 638 2887 de
657 2849 745 2888 causa
760 2833 899 2905 applicari
912 2852 973 2889 non
992 2848 1133 2907 possunt3
1159 2847 1188 2890 et
1207 2834 1274 2889 ideo
1288 2850 1341 2890 aut
1354 2836 1390 2889 de

295 2909 368 2974 iure,
385 2918 435 2959 aut
457 2920 525 3029 cqim
545 2904 575 2959 S.
590 2904 673 2959 Sedis
691 2904 808 2959 indulto
828 2904 892 2960 aliis
914 2906 1114 2963 sacerdotibus
1133 2906 1209 2961 tradi
1230 2907 1339 2962 debent
1358 2918 1390 2961 ut

295 2980 398 3034 iisdem
411 2989 478 3031 satis
502 2988 541 3030 at.

333 3065 464 3117 lamvero
478 3059 513 3113 de
525 3056 570 3112 his
581 3056 719 3112 omnibus
733 3059 764 3113 S.
780 3058 813 3113 C.
829 3058 977 3116 decernit:

334 3156 361 3199 10
379 3142 536 3198 Neminem
559 3158 643 3212 posse
667 3140 733 3213 plus
756 3142 912 3198 missarum
934 3160 1075 3215 quaerere
1097 3157 1125 3200 et
1146 3144 1206 3200 acci
1230 3160 1278 3199 ere
1300 3161 1391 3216 quam

295 3216 442 3271 celebrare
457 3212 647 3285 probabiliter
659 3212 753 3267 valeat
768 3213 845 3267 intra
856 3215 998 3287 temporis
1012 3216 1153 3271 terminos
1167 3217 1197 3271 in
1210 3216 1288 3271 erius
1301 3228 1391 3271 statu·

295 3299 350 3352 tos,
367 3297 394 3340 et
407 3301 457 3357 per
471 3301 500 3338 se
513 3284 620 3356 ipsum,
635 3284 680 3338 vel
702 3300 755 3356 per
776 3285 940 3340 sacerdotes
960 3286 1014 3341 sibi
1034 3288 1176 3357 subditos,
1199 3287 1223 3342 si
1245 3286 1342 3358 agitur
1355 3288 1391 3343 de

296 3356 453 3413 Ordinatio
467 3356 651 3423 dioecesano,
666 3370 717 3409 aut
731 3356 847 3410 Prelato
857 3357 994 3428 regulari.

332 3452 362 3494 20
377 3437 456 3493 Utile
468 3450 584 3509 tempus
597 3438 634 3491 ad
646 3437 831 3492 manualium
844 3439 1000 3494 missarum
1014 3439 1208 3513 obligationes
1227 3440 1392 3511 implendas

296 3529 357 3567 esse
374 3525 506 3564 mensem
518 3526 572 3581 pro
585 3509 673 3563 missa
686 3526 756 3566 una.
772 3521 910 3565 semestre
928 3528 982 3635 pro
1001 3526 1121 3567 centum
1143 3512 1249 3581 missis,
1269 3524 1297 3567 et
1310 3513 1392 3567 aliud

296 3582 412 3655 longius
424 3580 468 3633 vel
483 3580 598 3635 brevius
614 3580 755 3652 temporis
769 3580 896 3651 spatium
909 3598 927 3653 p
940 3600 975 3652 qs
996 3582 1139 3654 minusve,
1153 3584 1234 3639 iuxta
1247 3583 1394 3640 maiorem

296 3656 341 3710 vel
355 3654 502 3707 minorem
516 3668 674 3706 numerum
687 3651 855 3707 missarum.

334 3740 364 3795 30
384 3735 503 3791 Nemini
516 3734 602 3791 licere
621 3747 665 3789 tot
683 3734 786 3790 missas
799 3752 947 3791 assumere
966 3736 1074 3809 quibus
1094 3740 1170 3795 intra
1189 3757 1301 3795 annum
1314 3756 1331 3793 a
1344 3740 1394 3795 die

298 3822 448 3881 susceptae
469 3806 656 3878 obligationis
679 3806 843 3861 satisfacere
863 3808 1053 3880 probabiliter
1071 3810 1133 3885 ipse
1152 3824 1296 3883 nequeat3
1313 3811 1393 3866 salva

299 3896 398 3939 tamen
422 3895 536 3951 semper
558 3881 704 3932 contraria
726 3876 915 3933 offerentium
936 3880 1098 3950 voluntate,
1126 3882 1177 3954 qui
1203 3894 1255 3937 aut
1276 3882 1393 3938 brevius

298 3966 414 4025 tempus
427 3967 481 4022 pro
496 3948 651 4004 missarum
664 3949 860 4004 celebratione
882 3950 942 4005 sive
961 3952 1095 4025 explicite
1114 3956 1154 4009 ob
1173 3966 1328 4026 urgentem
1341 3954 1392 4008 ali-

300 4037 524 4097 quam—causam
539 4020 707 4093 deposcant,
723 4032 773 4074 aut
785 4020 903 4092 longius
915 4034 1032 4095 tempus
1047 4025 1218 4095 concedant,
1234 4038 1285 4081 aut
1299 4024 1393 4079 maio·

300 4114 363 4153 rem
376 4094 532 4149 missarum
545 4109 704 4147 numerum
716 4104 821 4164 sponte
836 4109 889 4147 sua
901 4093 1042 4151 tribuant.

335 4194 367 4252 4⁰
380 4182 456 4237 Cum
468 4180 499 4235 in
511 4180 628 4236 decreto
649 4178 809 4253 Vigilanti,
823 4178 880 4235 diei
893 4181 925 4235 25
940 4181 1049 4236 mensis
1066 4180 1136 4235 maii
1159 4181 1235 4255 1893,
1250 4191 1392 4236 statutum

300 4252 386 4309 fuerit
401 4274 417 4303 «
430 4253 470 4307 Ut
483 4251 514 4306 in
527 4264 678 4323 posterum
689 4268 791 4305 omnes
802 4263 831 4305 et
841 4251 947 4323 singuli
956 4252 1068 4325 ubique
1079 4252 1215 4308 locorum
1228 4251 1392 4307 beneficiati

301 4338 329 4381 et
343 4323 589 4379 administratores
610 4323 727 4396 piarum
749 4339 915 4393 causarum,
929 4336 979 4379 aut
1000 4338 1163 4397 utcumque
1180 4324 1217 4379 ad
1236 4323 1391 4379 missarum
