2959 4900
89 307 151 389 [20]
182 331 290 366 soc.
308 337 335 366 21
353 333 497 378 MA111904.
515 334 992 373 nasatauunnsexraantotcasru
1008 338 1095 374 ursus
1142 317 1179 378 51

357 493 427 578 20.
451 546 492 552 -
514 505 550 575 s.
575 505 718 576 cauea.
744 504 907 579 teuent

374 689 618 746 RESPONSUM
636 691 674 744 21
692 691 889 746 MA111904

88 849 144 906 De
158 849 398 922 eleemosynis
416 851 811 993 missarumultrgqslatis
830 854 932 909 extra
951 853 1143 910 dioecesim
1161 867 1185 909 a

525 950 591 1008 reg
629 950 651 992 a
708 951 751 992 us

129 1095 381 1170 compostellana,
408 1095 625 1152 Celebrationis
648 1095 820 1165 missarum,
845 1114 876 1151 21
901 1097 971 1153 maii
996 1115 1073 1170 ¹904·
1094 1127 1130 1139 -
1150 1100 1185 1152 ln

87 1169 210 1222 decreto
236 1166 388 1241 Vigilanti
408 1168 505 1222 stadio
527 1168 605 1224 edito
627 1168 664 1223 ab
686 1167 742 1223 hac
764 1169 795 1222 S.
815 1167 1051 1241 congregatione
1065 1170 1119 1225 sub
1138 1169 1185 1225 die

90 1239 125 1294 25
140 1239 211 1294 maii
231 1239 296 1312 1893
307 1239 384 1294 circa
398 1238 587 1296 beneficiatos
600 1253 628 1296 et
641 1239 892 1295 administratores
902 1257 1059 1296 causarum
1069 1241 1185 1313 piarum

89 1322 121 1367 et
140 1311 215 1367 alios
234 1311 516 1384 quomodocumque
538 1313 575 1367 ad
597 1312 759 1368 curandam
780 1311 937 1366 missarum
957 1313 1185 1368 celebrationem

88 1382 247 1438 adstrictos
260 1381 413 1454 sequentia
432 1382 655 1456 disponuntur:
679 1403 695 1434 ‹<
716 1382 810 1437 Iidem
825 1383 1056 1440 Eminentissimi
1074 1384 1184 1451 Patres,

88 1455 146 1510 sub
169 1452 250 1526 gravi
275 1453 460 1509 obedientiae
485 1468 640 1536 praecepto
666 1455 829 1510 decernunt
856 1472 890 1511 ac
916 1456 1068 1524 mandant,
1094 1467 1127 1510 ut
1155 1455 1185 1509 in

88 1536 245 1600 posterum
259 1541 364 1581 omnes
377 1538 406 1581 et
424 1525 533 1598 singuli
547 1529 657 1599 ubique
677 1526 813 1582 locorum
827 1525 992 1582 beneficiati
1012 1541 1041 1582 et
1062 1526 1186 1582 admini-

90 1608 233 1666 stratores
259 1595 375 1668 piarum
402 1614 558 1653 causarum
586 1610 637 1653 aut
661 1610 824 1670 utcumque
852 1599 889 1652 ad
915 1599 1072 1654 missarum
1096 1615 1187 1654 onera

91 1667 247 1741 implenda
269 1667 400 1741 obligati,
427 1669 487 1726 sive
509 1669 695 1727 ecclesiastici
719 1668 779 1724 sive
801 1668 877 1735 laici,
899 1669 929 1724 in
950 1668 1009 1726 fine
1030 1669 1187 1725 cuiuslibet

88 1741 163 1796 anni
182 1739 338 1795 missarum
352 1757 453 1808 onera,
468 1759 544 1814 quae
558 1741 671 1814 reliqua
684 1753 763 1806 sunt,
777 1752 807 1795 et
824 1740 932 1812 quibus
949 1742 1084 1798 nondum
1106 1742 1187 1796 satis·

91 1810 218 1868 fecerint
231 1811 357 1884 propriis
377 1811 540 1868 Ordinariis
554 1815 672 1869 tradant
690 1813 772 1868 iuxta
790 1814 915 1867 modum
934 1814 971 1868 ab
992 1813 1028 1867 iis
1047 1812 1189 1868 definien-

88 1885 174 1938 dum.
190 1882 340 1938 Ordinarii
358 1895 456 1939 autem
474 1900 607 1958 acceptas
630 1884 786 1940 missarum
801 1882 980 1940 intentiones
992 1902 1061 1940 cum
1073 1885 1189 1940 adnexo

89 1953 242 2028 stipendio
266 1955 396 2028 primum
414 1955 591 2012 distribuent
610 1956 685 2012 inter
706 1955 871 2011 sacerdotes
894 1955 949 2012 sibi
971 1955 1117 2012 subiectos
1138 1955 1189 2028 qui

90 2026 128 2081 iis
148 2025 281 2098 indigere
294 2026 432 2083 noverint
446 2047 453 2082 t
468 2027 539 2083 alias
552 2027 658 2084 deinde
671 2039 722 2083 aut
742 2027 772 2082 S.
788 2026 866 2095 Sedi,
881 2038 933 2081 aut
946 2026 1011 2082 aliis
1025 2026 1189 2082 Ordinariis

90 2097 288 2166 committent,
302 2098 465 2168 autetiam,
480 2099 503 2154 si
522 2100 623 2169 velint,
638 2098 839 2155 sacerdotibus
858 2098 983 2154 aliarum
1003 2099 1187 2165 dioeceseon,

90 2169 261 2225 dummodo
275 2169 329 2224 sibi
344 2170 408 2225 noti
421 2170 488 2240 sint,
510 2171 652 2244 omnique
671 2169 844 2243 exceptione
861 2168 997 2239 maiores,
1014 2181 1043 2226 et
1059 2170 1190 2243 legitima

92 2241 275 2297 documenta
297 2241 385 2296 edant
410 2241 486 2298 inter
509 2242 675 2316 praefixum
699 2259 866 2312 congruum
888 2253 1005 2314 tempus
1026 2242 1134 2314 quibus
1153 2242 1190 2298 de

93 2322 197 2368 exacta
212 2313 373 2368 earundem
387 2314 584 2371 satisfactione
597 2326 721 2371 constet.
737 2335 754 2366 »

130 2397 223 2450 Nunc
242 2396 501 2455 Eminentissimus
525 2398 688 2455 Cardinalis
709 2398 818 2455 Archie
840 2397 958 2470 iscopus
978 2396 1191 2480 compostella·

93 2486 161 2535 nus,
180 2467 326 2525 sollicitus
337 2472 373 2526 de
386 2472 466 2527 bono
480 2471 525 2527 sui
541 2471 619 2527 Cleri
634 2482 663 2526 et
681 2470 777 2543 gregis
790 2416 844 2526 sibi
857 2469 1019 2540 commissi,
1034 2486 1090 2544 pro
1103 2479 1191 2525 rnter-

94 2540 262 2613 pretatione
275 2552 304 2596 et
317 2542 512 2667 applicatione
531 2542 703 2601 enunciatae
723 2541 925 2617 dispositionis
950 2541 1102 2614 sequentia
1124 2558 1192 2614 pro-

94 2612 183 2686 ponit
195 2612 287 2668 dubia
299 2613 328 2667 di
341 2614 439 2670 uenda
456 2635 462 2671 :

131 2698 156 2753 l.
179 2728 217 2737 -
238 2698 290 2751 An
314 2698 621 2773 liceatRegularibus
644 2698 674 2753 iu
697 2697 755 2753 hac
777 2696 918 2753 Dioeccsi
940 2696 1192 2752 commorantibus

94 2785 300 2851 quascumque
317 2770 478 2825 missarum
498 2769 704 2853 eleemosynas
723 2768 870 2843 colligere
887 2779 916 2824 et
936 2768 1114 2824 distribuere
1134 2786 1191 2823 non

1268 1084 1357 1160 Causa,

1238 1161 1403 1220 casamala·

1239 1221 1318 1280 1904).

1268 1329 1392 1377 Memora·

1241 1393 1279 1435 tur
1302 1387 1404 1446 disposi-

1241 1449 1276 1495 lio
1291 1446 1377 1492 decreti

1240 1502 1375 1563 Vigilanti

1241 1561 1336 1609 studio
1350 1559 1378 1607 tle

1241 1619 1378 1667 Missurum

1242 1677 1351 1724 oneribus
1371 1673 1408 1722 ul·

1243 1739 1283 1781 ira
1293 1747 1383 1789 aarum

1242 1794 1351 1839 sauata.

1274 2419 1366 2467 Orator
1388 2422 1408 2464 a

1245 2477 1380 2523 Dubiam.

95 2840 193 2895 solum
209 2858 241 2894 m
260 2841 323 2897 suis
335 2841 471 2898 domibus
482 2842 677 2897 existentibus
691 2840 721 2896 in
741 2840 799 2895 hac
820 2840 961 2896 Dioecesi
982 2839 1034 2895 sed
1056 2839 1147 2895 etiam
1161 2839 1191 2893 in
1254 2846 1258 2853 “

97 2910 167 2967 aliis
178 2911 311 2967 eiusdem
330 2911 454 2968 Ordinis
474 2924 563 2969 extra
580 2913 686 2987 ipsam,
699 2912 765 2967 sine
777 2912 882 2967 notitia
898 2928 952 2967 nec
966 2911 1087 2967 licentia
1103 2910 1192 2966 Ordi-

98 2982 181 3038 narii
193 2994 302 3038 etcum
313 2983 409 3058 gravi
423 2984 599 3040 detrimento
617 2983 701 3039 Cleri
712 2982 890 3039 saecularis.

133 3066 173 3121 ΙΙ,
186 3097 224 3107 -
240 3067 394 3136 Quomodo
405 3068 623 3141 providendum
643 3068 691 3135 sit,
713 3077 745 3123 ut
768 3066 798 3121 in
814 3077 968 3149 posterum
981 3066 1037 3121 ltoc
1050 3066 1193 3121 damnum

99 3135 230 3207 tollatur,
246 3149 275 3193 et
288 3137 472 3194 Ordinarius
486 3150 586 3194 utatur
597 3156 652 3195 sua
673 3139 878 3194 iurisdictione
900 3154 977 3211 erga
994 3154 1062 3193 suos
1081 3136 1195 3192 dioece-

98 3221 197 3276 sanos,
204 3227 264 3283 pro
277 3208 383 3283 quibus
397 3221 458 3267 tum
473 3211 605 3284 ipserum
619 3210 718 3266 clerus
731 3210 899 3266 saecularis
913 3210 1055 3265 laborare
1067 3218 1192 3265 tenetur.

137 3290 170 3346 R.
186 3292 294 3348 Dilata.

556 3416 733 3471 Aunornrto

140 3531 176 3587 Ut
187 3531 346 3588 verisimile
369 3545 420 3601 est,
446 3532 513 3589 ideo
532 3534 561 3589 S.
587 3533 785 3606 Congregatio
799 3549 973 3604 responsum
986 3531 1108 3600 distulit,
1124 3530 1194 3602 quia

104 3607 304 3677 nuperrimum
323 3604 474 3661 decretum
500 3604 653 3659 demissis
677 3604 876 3671 manualibus,
905 3602 1018 3659 oratori
1043 3601 1196 3675 quaerenti

104 3675 244 3746 ignotum,
265 3674 311 3731 vel
331 3675 387 3750 ipsi
408 3675 574 3732 satisfacere
595 3688 710 3749 poterat
731 3677 777 3732 vel
801 3675 924 3734 alteram
946 3676 1068 3730 suadere
1092 3690 1196 3729 causae

105 3747 344 3819 propositionem.
369 3750 404 3802 ln
428 3764 480 3803 sua
502 3761 602 3803 tamen
621 3748 659 3802 ad
682 3747 712 3802 S.
728 3746 996 3819 Congregationem
1016 3744 1157 3801 relatione
1173 3748 1195 3814 ¹,

107 3818 292 3889 Secretarius,
315 3818 468 3893 perpensis
486 3818 660 3889 rationibus
685 3819 715 3874 id
734 3837 829 3874 unum
844 3818 959 3874 censuit
975 3818 1124 3890 Episcopo
1137 3816 1196 3871 loci

105 3891 333 3959 concedendum,
362 3903 395 3946 ut
420 3889 512 3963 ipsius
536 3903 644 3948 statuto
672 3891 899 3963 prohiberentur
932 3889 1101 3969 Regulares,
1134 3888 1197 3943 sine

109 3958 195 4029 ipsius
208 3961 335 4031 licentia,
351 3962 495 4035 stipendia
513 3982 530 4019 a
548 3964 747 4019 saecularibus
765 3962 894 4035 recipere
919 3978 1021 4016 earum
1040 3976 1201 4013 missarum-

109 4047 191 4153 qpae.
217 4034 286 4106 quia
311 4032 387 4089 infra
406 4052 520 4090 annum
543 4052 604 4090 non
630 4047 698 4090 sunt
720 4035 892 4102 celebratae,
917 4043 995 4098 sunt,
1020 4049 1055 4086 ex
1081 4030 1197 4086 decreto

146 4101 260 4177 igilanti
271 4105 368 4161 studio
383 4106 541 4162 tradendae
549 4107 685 4181 propriis
701 4105 888 4174 Ordinariis,
902 4104 922 4160 i.
947 4120 972 4160 e.
989 4103 1038 4158 ubi
1050 4102 1148 4174 agitur
1161 4102 1198 4157 de

145 4299 152 4332 ¹
162 4300 245 4350 Causa
254 4300 396 4363 proposita
406 4306 448 4351 est
457 4302 506 4351 Per
514 4304 656 4351 summaria
667 4308 770 4363 precum.

1246 3193 1311 3241 leudi
1319 3192 1411 3239 ulilita-

1249 3252 1269 3299 a·
1280 3250 1399 3297 dioecesis.

1278 3310 1407 3360 nunon-

1246 3371 1320 3406 um.
