2959 4900
437 370 524 407 INDEX
538 370 712 405 ANALYTICUS
727 369 972 404 MONUMENTORUM
1191 346 1248 409 187

219 502 364 562 Rescripta
376 518 400 549 11
417 515 479 562 aug.
493 507 558 560 1905.
574 503 653 549 Duae
669 500 858 561 Indulgentiae
873 499 1013 560 plenariae
1028 498 1178 549 summario

247 571 476 633 indulgentiarum
498 571 612 621 Ordinis
628 572 685 619 FF.
699 571 768 619 Min.
790 570 1012 630 capuccinorum
1028 570 1176 618 adduntur.
1221 584 1250 625 27

218 643 391 703 Rescriptum
403 656 435 690 ex
446 642 588 691 audientia
605 642 671 692 38¹³ssi
682 650 710 690 28
726 641 783 689 iun.
802 647 868 700 1905.
884 641 1053 700 Dispensans
1068 640 1178 687 Puellas

172 762 173 767 ,
246 714 482 773 ecaritatealege
493 712 638 761 distantiae
648 726 698 772 pro
710 711 883 772 Indulgentia
893 712 927 759 de
944 711 1137 759 Portiuncula.
1168 744 1175 757 .
1221 717 1250 759 28

218 783 391 843 Rescriptum
407 798 440 831 ex
450 782 591 832 audientia
607 784 674 832 SSmi
684 791 712 832 23
722 796 786 843 aug.
800 789 865 841 1905.
887 781 1075 842 Indulgentiae
1092 781 1114 828 F
1116 794 1177 828 ran·

246 851 372 901 ciscanae
382 866 499 901 coronae
513 860 617 913 septem
632 853 796 913 gaudiorum
811 853 844 901 B.
861 854 901 901 M.
918 854 941 897 V
945 885 1175 900 .......
1220 866 1248 907 41

217 921 360 981 Responsa
370 929 397 969 13
409 928 478 981 sept.
494 929 559 981 1905.
573 924 614 970 De
623 922 802 983 indulgentiis
811 954 1175 970 ..........
1221 924 1249 966 53

217 993 365 1041 Decretum
378 991 596 1045 sanctissimo
605 991 758 1056 Domino,
770 1010 797 1051 14
806 991 875 1041 febr.
888 1000 955 1051 1906.
964 993 1007 1039 De
1016 990 1178 1039 condicione

246 1062 426 1111 confessionis
437 1062 554 1111 remissa
565 1062 599 1110 iis
609 1062 657 1123 qui
668 1062 772 1111 cotidie
780 1062 992 1111 communicant.
1004 1062 1156 1118 (Annotatio)
1169 1096 1175 1107 .
1220 1066 1249 1117 69

215 1132 392 1191 Rescriptum
402 1146 435 1179 ex
446 1132 590 1180 audientia
601 1130 678 1189 SSmi,
692 1151 720 1192 29
734 1146 799 1183 nov.
813 1138 879 1191 1905.
891 1130 1080 1191 Indulgentiae
1089 1128 1176 1178 archi-

245 1202 331 1250 conir.
344 1216 360 1250 a
372 1202 461 1250 Corde
474 1203 536 1250 Iesu
549 1201 740 1251 Eucharistico
770 1234 1174 1250 ...........
1207 1214 1247 1244 ιιι

216 1270 357 1321 Indultnm
367 1286 400 1319 ex
411 1271 552 1319 audientia
561 1273 638 1330 SSmi,
649 1280 676 1321 13
687 1270 745 1321 iun.
758 1280 824 1331 1906,
832 1272 992 1320 Concedens
1002 1272 1099 1330 Congr.
1110 1268 1177 1316 Mis·

244 1337 329 1386 sionis
338 1338 491 1386 faciliorem
502 1338 707 1397 impositionem
722 1338 882 1397 Scapularis
892 1338 924 1386 B.
942 1339 981 1386 M.
994 1338 1027 1385 V.
1039 1336 1074 1383 de
1083 1336 1177 1383 Monte

245 1408 370 1456 Carmelo
406 1440 1174 1457 ....................
1208 1420 1247 1459 ¹42

215 1478 363 1526 Decretum
374 1488 400 1527 13
411 1479 468 1526 iun.
488 1488 554 1537 1906.
568 1478 766 1541 Indulgentiae,
784 1477 941 1538 Privilegia‚
963 1478 1074 1525 Indulta
1089 1474 1175 1523 Tertii

129 1606 132 1613 .
244 1548 355 1597 Ordinis
366 1551 393 1599 S.
407 1551 438 1598 Ρ.
453 1549 589 1598 Dominici
600 1552 796 1608 (Annotatims)
807 1582 1173 1597 ..........
1207 1552 1248 1601 ι45

160 1616 162 1620 ’
215 1618 356 1667 indultum
367 1633 399 1667 ex
407 1619 550 1668 audientia
559 1620 635 1675 SSmi,
645 1628 671 1667 13
683 1618 740 1667 iun.
754 1618 994 1677 1906.Contratern.
1007 1618 1054 1669 SS.
1067 1616 1174 1664 Rosarii

243 1688 370 1737 sinuntur
381 1696 442 1749 post
459 1690 607 1738 adventum
618 1690 677 1738 FF.
692 1690 1093 1747 Praedicatorumpermanere.
1127 1725 1132 1734 .
1167 1724 1172 1733 .
1206 1701 1247 1743 147

216 1758 391 1818 Rescriptum
407 1774 440 1807 ex
452 1760 593 1809 audientia
612 1761 686 1811 SSmi,
706 1768 732 1807 13
745 1759 802 1807 iun.
822 1767 886 1818 1906.
898 1758 1059 1817 Spirituales
1073 1757 1176 1817 gratiae

242 1842 293 1887 pro
305 1828 380 1877 iestis
391 1830 461 1877 Viae
478 1830 620 1879 dolorosae
639 1832 673 1878 D.
694 1830 730 1878 N.
747 1830 770 1877 I.
784 1830 815 1877 C.
837 1835 865 1877 et
875 1830 984 1887 Septem
1004 1828 1175 1876 Gaudiorum

242 1898 275 1945 Β.
287 1899 325 1947 Μ.
338 1900 371 1947 V.
382 1901 536 1958 (denotatio)
568 1932 1172 1949 ................
1206 1903 1246 1953 148

213 1966 354 2017 indultum
364 1982 397 2016 ex
406 1968 547 2017 audientia
560 1970 635 2027 SSmi,
643 1978 656 2018 8
665 1983 727 2030 aug.
738 1979 805 2029 1906.
813 1971 855 2017 De
865 1968 997 2017 Ecclesiis
1003 1972 1030 2015 et
1040 1966 1175 2015 Oratoriis

243 2049 360 2096 quorum
368 2051 464 2087 curam
475 2036 578 2087 habent
588 2038 716 2087 Tertiarii
728 2038 848 2099 religiosi
860 2041 887 2089 S.
900 2040 932 2086 F.
944 2038 1139 2096 (denotationes)
1166 2074 1171 2083 .
1205 2041 1245 2082 151

213 2106 385 2165 Responsum
401 2116 486 2168 saug.
501 2117 566 2166 1906.
585 2108 700 2157 lubilari
720 2109 748 2158 S.
761 2108 904 2157 Benedicti
912 2107 1072 2156 numismati
1084 2106 1174 2153 indul-

243 2177 334 2237 gentia
349 2178 545 2227 Portiunculae
555 2178 703 2227 coniuncta
713 2192 770 2227 non
781 2183 830 2228 est.
841 2180 1052 2237 (Annotatioms).
1085 2213 1092 2225 .
1126 2213 1132 2225 .
1165 2210 1172 2225 .
1204 2182 1246 2223 153

214 2247 386 2307 Responsum
395 2256 408 2296 8
418 2262 485 2313 aug.
500 2257 566 2308 1906.
579 2247 707 2297 Tertiarii
719 2262 752 2297 ex
766 2248 901 2310 religiosis
913 2263 986 2297 nova
1001 2246 1174 2306 cooptatione

241 2331 296 2364 non
306 2318 428 2378 indigent
438 2320 592 2377 (Annotatt'o)
604 2354 1171 2369 ...............
1204 2322 1245 2364 ι53

213 2387 387 2447 Rescriptum
398 2402 430 2436 ex
445 2389 588 2438 audientia
600 2390 676 2447 SSffli‚
698 2407 725 2439 12
735 2394 805 2450 sept.
819 2395 884 2449 1906.
896 2391 938 2438 De
953 2402 1055 2437 corona
1070 2395 1173 2447 septem

243 2459 413 2508 Gaudiorum
425 2461 457 2508 B.
471 2461 510 2508 M.
528 2461 561 2508 V.
605 2496 1171 2510 ...............
1204 2464 1245 2507 ι58

153 2581 337 2662 Parergon.

212 2701 254 2747 De
272 2700 401 2749 facultate
416 2700 581 2749 annectendi
591 2701 699 2750 coronis
715 2702 900 2762 indulgentias
914 2702 1002 2750 dictas
1013 2715 1030 2749 a
1042 2700 1172 2750 Patribus

240 2770 394 2832 Crucigeris
405 2771 471 2830 (Cir.
484 2786 511 2831 p.
527 2775 589 2831 183.)
604 2809 1169 2822 ...............
1203 2781 1243 2830 173
1284 2768 1288 2781 “

153 2884 188 2948 8.
208 2885 334 2966 Cougr.
353 2886 506 2950 Rituum.

209 3002 384 3062 Responsum
395 3021 423 3062 24
434 3005 500 3053 maii
511 3013 577 3064 1905.
590 3009 632 3055 De
643 3007 747 3056 Rituali
760 3007 872 3056 Ordinis
882 3007 1090 3057 carmelitarum
1101 3007 1170 3055 anti·

239 3087 310 3133 quae
323 3073 514 3124 observantiae
531 3079 724 3137 (Aristotelicum)
727 3113 1168 3128 ............
1216 3094 1243 3134 14

209 3143 381 3203 Responsum
391 3163 420 3202 24
431 3145 497 3194 maii
510 3153 576 3204 1905.
585 3149 628 3195 De
637 3148 781 3197 authentia
790 3155 989 3198 asservatorum
997 3148 1168 3209 praecordio·

236 3225 297 3263 rum
308 3215 336 3264 S.
348 3215 488 3265 Francisci
504 3217 663 3266 Assisiensis
683 3255 1167 3268 .............
1215 3228 1242 3268 16

208 3284 382 3344 Responsum
393 3294 421 3334 30
430 3287 499 3335 iunii
513 3295 578 3347 1905.
586 3290 628 3336 De
638 3291 699 3338 loco
710 3303 766 3351 quo
777 3291 904 3339 Tertiarii
917 3289 1029 3339 Ordinis
1039 3289 1169 3338 Carmeli-

237 3361 327 3404 tarum
344 3355 372 3404 in
380 3357 603 3416 processionibus
613 3358 740 3409 incedere
750 3368 863 3422 possunt
871 3363 1047 3419 (denotatio).
1081 3397 1087 3407 .
1121 3398 1126 3407 .
1161 3397 1166 3406 .
1213 3368 1241 3408 28

207 3424 381 3484 Responsum
391 3442 405 3482 7
416 3427 464 3476 iul.
478 3436 542 3487 1905.
564 3430 607 3478 De
621 3430 810 3479 anniversario
825 3430 1013 3479 Dedicationis
1029 3429 1169 3478 Ecclesiae

234 3502 261 3542 et
272 3495 429 3544 Patrocinio
439 3498 465 3546 S.
477 3498 578 3558 Ioseph
595 3537 1166 3550 ...............
1213 3517 1241 3557 29

208 3564 386 3626 Privilegium
396 3581 428 3618 ex
438 3568 579 3618 audientia
591 3571 667 3628 SSmi‚
679 3580 708 3622 26
722 3571 771 3620 iul.
785 3578 849 3631 1905
859 3573 952 3620 Altare
962 3570 1089 3632 portatile
1100 3573 1166 3629 (An-

235 3638 378 3694 notationes)
403 3673 1166 3692 ....................
1213 3649 1241 3698 34

208 3703 382 3763 Responsum
393 3714 419 3753 31
429 3706 477 3757 iul.
493 3715 561 3767 1905.
573 3712 615 3758 De
625 3725 675 3758 usu
687 3711 822 3773 privilegii
833 3711 917 3760 officii
928 3710 1012 3759 votivi
1016 3723 1080 3770 ‚pro
1090 3724 1168 3769 regu·

239 3771 345 3821 laribus
355 3778 511 3837 (Annotatt'ol

208 3844 354 3892 Decretum
366 3844 445 3898 Post
457 3847 673 3915 apostolicas,
694 3869 721 3910 14
732 3867 794 3912 aug
814 3858 878 3911 1905.
896 3853 938 3899 De
957 3851 1052 3910 typica
1071 3856 1168 3898 cantus

234 3926 385 3973 gregoriam
396 3916 516 3966 editione
524 3957 1165 3972 ,,,,,,,,,,,,,,,,,
1213 3928 1239 3969 38

204 3983 349 4102 Responsa
357 4002 384 4034 ιι
392 3999 456 4048 aug
472 3995 537 4046 1905.
555 3991 597 4040 De
607 3992 731 4051 patronis
747 3991 888 4040 Dioecesis
898 3991 1020 4039 colendis
1031 4004 1048 4037 a
1062 3992 1168 4051 regula-

234 4066 257 4100 ιι
280 4067 312 4100 us

207 4125 379 4183 Responsum
389 4135 417 4174 23
427 4140 490 4189 aug
508 4138 572 4189 1905.
585 4134 628 4182 De
639 4134 722 4183 modo
731 4147 787 4195 quo
798 4133 834 4182 ad
844 4132 938 4181 divina
949 4131 1040 4181 officia
1055 4133 1164 4180 Fratres
1238 4175 1241 4184 .

209 4208 353 4242 mmores
363 4204 448 4256 caput
458 4205 551 4261 tegere
562 4201 662 4252 debent
681 4239 1164 4254 .............
1209 4222 1239 4262 4⁰

204 4264 478 4393 R051501ss5U1139sept.
495 4277 562 4330 1905.
576 4274 618 4322 De
629 4274 732 4324 titulari
745 4273 893 4323 ecclesiae'
887 4288 915 4323 m
926 4273 1095 4334 dispersione
1103 4276 1165 4333 (An

233 4349 289 4382 noa
303 4349 365 4382 lones
394 4373 1162 4396 ,,,,,,,,,,,,,,,,,,,,
1209 4356 1237 4405 43
