2959 4900
48 492 170 536 nablum

21 546 48 592 dc
65 543 171 604 formula

21 601 153 652 adhibenda

50 833 178 885 nunon-

21 895 94 929 'unt

50 939 110 987 Dt'cs
141 939 180 996 (cr

22 1010 76 1046 nov.
86 999 166 1056 1903).

234 319 274 382 22
692 339 875 378 nouuuuura

270 495 286 526 n
307 475 415 530 Utrum
429 473 460 530 in
470 473 661 548 impertienda
674 473 861 531 absolutione
875 472 1004 545 generali
1016 472 1051 528 iis
1064 472 1214 529 Tertiariis
1227 472 1277 598 gui
1292 473 1325 528 in

235 545 455 602 Communitate
466 546 503 602 de
524 558 575 602 unt
598 557 723 618 votaque
737 543 882 617 simplicia
905 556 1078 618 nuncupant
1101 544 1227 600 adhiben
1248 562 1265 599 a
1289 543 1327 600 sit

254 617 328 672 rima
341 616 468 672 formula
481 637 487 672 ε
502 563 549 673 {lc
562 617 778 683 reminiscaris,
793 634 830 670 an
846 616 945 690 potius
957 615 1062 672 altera:
1075 636 1091 666 «
1101 615 1196 671 Intret
1206 615 1327 670 oratio?

235 635 274 744 git
292 689 322 744 S.
338 687 540 761 congregatio,
556 688 656 746 audito
671 687 760 744 etiam
774 688 891 743 uniuse
908 686 1136 742 Consultoribus
1161 696 1239 755 voto,
1266 703 1325 742 res·

235 760 427 832 pondendum
440 759 592 816 mandavit
606 781 612 816 :

271 866 287 896 «
306 844 481 901 Adhibenda
491 857 534 901 est
547 843 642 919 prima
655 845 800 902 lormula:
817 846 863 902 Ne
878 842 1083 900 reminiscaris.
1099 863 1115 894 n

273 930 382 984 Datum
410 929 522 985 Romae
544 945 578 985 ex
605 928 766 984 Secretaria
792 928 923 985 eiusdem
946 927 976 983 S.
1005 925 1255 1000 Congregationis,
1279 925 1327 982 die

240 1019 266 1056 11
283 999 450 1057 novembris
466 1001 542 1073 1903.
588 1040 591 1055 ,

733 1085 770 1138 Α.
791 1082 877 1138 Catd.
898 1083 1032 1150 anrrrr,
1052 1081 1159 1155 Praes.

586 1167 616 1222 F
615 1167 767 1223 ranciscus
777 1167 907 1240 Sagara,
919 1165 1015 1222 Arch.
1026 1165 1167 1222 Amidcn.
1178 1165 1290 1221 Secrct.

669 1337 900 1392 Aunornrrours

276 1500 299 1537 1.
321 1482 481 1554 Nequeunt
506 1481 643 1554 religiosi,
673 1481 762 1538 etiam
786 1481 914 1537 lnstituti
937 1480 1110 1548 dioecesani,
1138 1481 1169 1538 in
1193 1481 1329 1538 Tertium

237 1551 380 1610 Ordinem
398 1553 492 1610 valide
511 1553 642 1626 cooptari
656 1564 684 1609 et
702 1553 744 1609 sic
761 1552 974 1610 Tertiariorum
988 1553 1182 1609 saecularium
1202 1552 1322 1609 nomine

237 1623 376 1698 appellari
391 1623 461 1696 (Cfr.
482 1635 617 1682 nostrum
637 1637 658 1682 t.
683 1643 707 1690 1,
726 1642 756 1681 n.
778 1628 866 1696 537).
881 1626 994 1681 Verum
1012 1623 1097 1696 plura
1112 1622 1246 1679 Instituta
1259 1640 1325 1697 pos-

237 1707 305 1751 sunt
326 1693 389 1752 iure
404 1696 491 1769 potiri
503 1695 661 1770 recipiendi
681 1695 900 1753 absolutionem
914 1695 1080 1769 generalem
1099 1694 1321 1751 Tertiariorum.

239 1768 281 1823 De
295 1766 401 1840 quibus
416 1767 559 1824 institutis
571 1784 708 1840 praesens
723 1765 757 1821 fit
769 1767 918 1840 quaestio.

273 1869 300 1908 2.
321 1852 384 1906 lam
397 1869 466 1908 vero
489 1851 567 1908 brevi
593 1851 701 1907 Leonis
724 1852 797 1906 XIII
815 1851 880 1920 Quo
893 1851 1035 1916 universi,
1050 1871 1066 1924 7
1080 1849 1144 1906 iulii
1161 1849 1237 1918 1882,
1251 1849 1327 1905 duae

237 1922 411 1980 constitutae
435 1935 504 1980 sunt
527 1922 672 1980 formulae
699 1922 740 1976 im
762 1922 884 1978 ertiendi
911 1922 1127 1979 absolutionem
1149 1920 1326 1993 generalem.

240 1993 334 2062 Prior,
349 2010 424 2068 quae
438 1993 555 2052 initium
568 1994 655 2049 habet
665 1939 786 2050 averbis
796 1994 844 2050 Nc
853 1993 1069 2061 reminiscaris,
1081 2005 1125 2050 est
1134 2014 1151 2044 κ
1164 2009 1218 2065 pro
1233 1994 1328 2066 Regu·

238 2063 347 2120 laribus
370 2065 583 2139 cuiuscumque
598 2063 717 2120 Ordinis
730 2065 788 2122 hoc
800 2064 951 2138 privilegio
968 2064 1132 2122 fruentibus
1146 2063 1265 2120 »altera
1284 2076 1332 2120 est

239 2156 255 2186 (ι
268 2153 322 2216 pro
331 2136 481 2194 Tertiariis
494 2136 691 2192 saecularibus
705 2137 866 2209 ceterisque
878 2136 1014 2193 omnibus
1027 2134 1328 2193 communicationem

238 2207 459 2280 prrvilegiorum
470 2219 498 2263 et
512 2207 671 2278 gratiarum
684 2224 752 2263 cum
766 2207 868 2264 iisdem
881 2207 926 2264 vel
941 2226 1010 2281 cum
1027 2207 1219 2280 Regularibus
1234 2206 1328 2261 cuius-

238 2295 365 2351 cumque
375 2279 495 2334 Ordinis
508 2277 683 2334 habentibus
696 2301 723 2334 n.

275 2363 301 2418 3.
313 2365 375 2436 Age
390 2379 489 2438 porro,
505 2363 592 2417 simili
607 2363 782 2436 quaestioni,
797 2363 845 2420 die
861 2382 891 2437 19
905 2364 1068 2420 decembris
1082 2364 1158 2431 1885,
1171 2363 1201 2418 S.
1218 2363 1327 2434 Congr.

241 2433 494 2509 Indulgentiarum
508 2435 594 2507 (quae
608 2435 668 2490 iam
680 2435 837 2493 coniuncta
852 2448 894 2492 est
907 2436 938 2493 S.
956 2435 1077 2491 Rituum
1089 2433 1327 2508 Congregationi)

239 2522 359 2578 prorsus
381 2506 561 2562 contrarium
583 2506 661 2563 dedit
684 2524 869 2588 responsum.
892 2510 978 2563 Tunc
996 2507 1085 2575 enim,
1101 2507 1278 2578 interrogata
1291 2506 1328 2563 de

239 2576 366 2634 formula
393 2594 451 2651 qua
475 2578 622 2634 absolutio
648 2590 711 2635 erat
729 2579 921 2652 impertienda
936 2578 1164 2651 congregationi
1189 2589 1328 2633 votorum

239 2648 426 2721 simplicium,
450 2648 480 2705 in
502 2649 633 2724 plenaria
653 2651 889 2722 Congregatione
914 2650 1065 2732 respondit
1086 2670 1103 2700 a
1123 2648 1329 2705 Adhibendam

240 2736 302 2777 esse
323 2720 483 2777 formulam
507 2722 675 2790 secundam,
700 2720 784 2777 cuius
803 2720 937 2777 videlicet
959 2721 1099 2776 mitium:
1127 2722 1218 2776 Intret
1234 2720 1327 2776 oratio

240 2808 315 2856 mea,
330 2803 384 2849 etc.
396 2814 412 2845 >r
428 2792 498 2864 (Cfr.
510 2812 536 2849 v.
550 2810 592 2865 gr.
607 2794 685 2848 Acta
700 2794 732 2847 S.
744 2793 839 2860 Sedis,
852 2805 873 2848 t.
892 2794 932 2862 18,
943 2810 972 2865 p.
986 2792 1106 2864 413,'vel
1118 2792 1215 2848 Nouv.
1228 2792 1328 2848 Reruc

240 2861 437 2938 thc'ologr'que,
454 2876 474 2920 t.
495 2865 535 2933 18,
550 2882 579 2937 p.
596 2865 657 2937 259.
675 2865 751 2935 260.)

277 2950 353 3007 Fieri
365 2960 470 3023 potest,
485 2961 519 3005 ut
531 2949 666 3006 condicio
679 2949 803 3006 iuridica
836 2967 906 3006 uam
921 2949 1056 3006 Instituta
1068 2961 1205 3007 votorum
1219 2949 1329 3023 simpli·

240 3021 319 3077 cium
340 3034 544 3095 acceperunta
564 3022 598 3077 C.
616 3020 761 3077 Conditae
779 3040 798 3078 a
815 2968 933 3077 {bristo
954 3023 974 3091 ¹,
989 3022 1006 3077 8
1020 3022 1082 3077 dec.
1111 3039 1187 3094 1900,
1208 3020 1330 3077 suaserit

241 3093 317 3148 hanc
330 3093 499 3166 disciplinae
512 3092 717 3159 mutationem,
736 3092 776 3148 ita
792 3092 896 3149 utiam
910 3092 1038 3149 formula
1055 3092 1111 3148 frui
1125 3092 1238 3166 possint
1252 3108 1327 3165 quae

241 3170 336 3239 perse
353 3164 542 3237 Regularium
556 3176 598 3220 est
610 3164 738 3237 propria.

272 3464 280 3498 ¹
294 3463 332 3511 Dc
341 3462 479 3522 Religiosis,
495 3464 515 3510 l.
528 3478 550 3518 2,
562 3474 589 3508 n.
602 3465 630 3517 2,
642 3474 670 3519 p.
684 3476 734 3517 199.
