<?xml version="1.0" encoding="UTF-8"?>
<!DOCTYPE html PUBLIC "-//W3C//DTD XHTML 1.0 Transitional//EN"
    "http://www.w3.org/TR/xhtml1/DTD/xhtml1-transitional.dtd">
<html xmlns="http://www.w3.org/1999/xhtml" xml:lang="en" lang="en">
 <head>
  <title>
</title>
<meta http-equiv="Content-Type" content="text/html;charset=utf-8" />
  <meta name='ocr-system' content='tesseract 3.04.00' />
  <meta name='ocr-capabilities' content='ocr_page ocr_carea ocr_par ocr_line ocrx_word'/>
</head>
<body>
  <div class='ocr_page' id='page_1' title='image "./dereligiosisins01vermgoog_0333.png"; bbox 0 0 2959 4900; ppageno 0'>
   <div class='ocr_carea' id='block_1_1' title="bbox 72 358 1160 449">
    <p class='ocr_par' dir='ltr' id='par_1_1' title="bbox 72 358 1160 449">
     <span class='ocr_line' id='line_1_1' title="bbox 72 358 1160 449; baseline -0.006 -26"><span class='ocrx_word' id='word_1_1' title='bbox 72 361 236 449; x_wconf 67' lang='lat'>[139&#39;141]</span> <span class='ocrx_word' id='word_1_2' title='bbox 248 384 391 421; x_wconf 78' lang='lat' dir='ltr'>nisstorms</span> <span class='ocrx_word' id='word_1_3' title='bbox 402 378 569 422; x_wconf 75' lang='lat' dir='ltr'>casocnt&#39;au.</span> <span class='ocrx_word' id='word_1_4' title='bbox 581 383 698 431; x_wconf 69' lang='lat' dir='ltr'>areston.</span> <span class='ocrx_word' id='word_1_5' title='bbox 710 383 863 419; x_wconf 75' lang='lat' dir='ltr'>rasurum.</span> <span class='ocrx_word' id='word_1_6' title='bbox 874 382 1088 419; x_wconf 71' lang='lat' dir='ltr'>musitanam</span> <span class='ocrx_word' id='word_1_7' title='bbox 1108 358 1160 423; x_wconf 79' lang='grc'>141</span> 
     </span>
    </p>
   </div>
   <div class='ocr_carea' id='block_1_2' title="bbox 70 540 1167 785">
    <p class='ocr_par' dir='ltr' id='par_1_2' title="bbox 70 540 1167 785">
     <span class='ocr_line' id='line_1_2' title="bbox 149 540 1089 663; baseline -0.002 -37"><span class='ocrx_word' id='word_1_8' title='bbox 149 544 235 626; x_wconf 83' lang='grc'>140</span> <span class='ocrx_word' id='word_1_9' title='bbox 270 595 311 605; x_wconf 98' lang='grc'>-</span> <span class='ocrx_word' id='word_1_10' title='bbox 333 556 417 626; x_wconf 84' lang='lat' dir='ltr'>sc</span> <span class='ocrx_word' id='word_1_11' title='bbox 454 540 735 627; x_wconf 66' lang='lat' dir='ltr'>tristatarum</span> <span class='ocrx_word' id='word_1_12' title='bbox 763 555 814 625; x_wconf 79' lang='grc' dir='ltr'>ετ</span> <span class='ocrx_word' id='word_1_13' title='bbox 834 554 1089 663; x_wconf 81' lang='lat' dir='ltr'>neautaniun</span> 
     </span>
     <span class='ocr_line' id='line_1_3' title="bbox 70 725 1167 785; baseline 0.004 -6"><span class='ocrx_word' id='word_1_14' title='bbox 70 725 130 780; x_wconf 81' lang='lat' dir='ltr'>EX</span> <span class='ocrx_word' id='word_1_15' title='bbox 139 726 365 781; x_wconf 77' lang='lat' dir='ltr'><strong><em>AUDIENTIA</em></strong></span> <span class='ocrx_word' id='word_1_16' title='bbox 382 725 459 781; x_wconf 75' lang='lat' dir='ltr'>SSmi</span> <span class='ocrx_word' id='word_1_17' title='bbox 477 726 604 781; x_wconf 77' lang='lat' dir='ltr'><strong><em>GMAII</em></strong></span> <span class='ocrx_word' id='word_1_18' title='bbox 616 726 697 781; x_wconf 85' lang='lat'><em>1906</em></span> <span class='ocrx_word' id='word_1_19' title='bbox 709 726 932 783; x_wconf 66' lang='lat' dir='ltr'>vacnum</span> <span class='ocrx_word' id='word_1_20' title='bbox 944 727 1073 785; x_wconf 81' lang='lat' dir='ltr'><em>7MA11</em></span> <span class='ocrx_word' id='word_1_21' title='bbox 1084 728 1167 783; x_wconf 85' lang='grc'>1906</span> 
     </span>
    </p>
   </div>
   <div class='ocr_carea' id='block_1_3' title="bbox 145 842 1095 949">
    <p class='ocr_par' dir='ltr' id='par_1_3' title="bbox 145 842 1095 949">
     <span class='ocr_line' id='line_1_4' title="bbox 145 842 1095 949; baseline 0.001 -17"><span class='ocrx_word' id='word_1_22' title='bbox 145 842 427 933; x_wconf 78' lang='lat' dir='ltr'>constitutiones</span> <span class='ocrx_word' id='word_1_23' title='bbox 446 876 647 949; x_wconf 83' lang='lat' dir='ltr'>approbans</span> <span class='ocrx_word' id='word_1_24' title='bbox 667 874 838 933; x_wconf 80' lang='lat' dir='ltr'>Sororum</span> <span class='ocrx_word' id='word_1_25' title='bbox 857 888 879 933; x_wconf 87' lang='lat' dir='ltr'>a</span> <span class='ocrx_word' id='word_1_26' title='bbox 897 876 933 935; x_wconf 83' lang='lat' dir='ltr'>S.</span> <span class='ocrx_word' id='word_1_27' title='bbox 954 877 1095 935; x_wconf 83' lang='lat' dir='ltr'>Iuliana</span> 
     </span>
    </p>
   </div>
   <div class='ocr_carea' id='block_1_4' title="bbox 69 1034 1166 1749">
    <p class='ocr_par' dir='ltr' id='par_1_4' title="bbox 69 1034 1166 1749">
     <span class='ocr_line' id='line_1_5' title="bbox 107 1034 1166 1107; baseline 0.003 -18"><span class='ocrx_word' id='word_1_28' title='bbox 107 1034 199 1089; x_wconf 66' lang='lat' dir='ltr'>Svas</span> <span class='ocrx_word' id='word_1_29' title='bbox 215 1036 249 1090; x_wconf 88' lang='lat' dir='ltr'>l).</span> <span class='ocrx_word' id='word_1_30' title='bbox 267 1036 304 1090; x_wconf 92' lang='lat' dir='ltr'>N.</span> <span class='ocrx_word' id='word_1_31' title='bbox 323 1034 391 1090; x_wconf 86' lang='lat' dir='ltr'>Pius</span> <span class='ocrx_word' id='word_1_32' title='bbox 406 1034 509 1091; x_wconf 89' lang='lat' dir='ltr'>Divina</span> <span class='ocrx_word' id='word_1_33' title='bbox 526 1035 711 1091; x_wconf 85' lang='lat' dir='ltr'>Providentia</span> <span class='ocrx_word' id='word_1_34' title='bbox 728 1036 780 1107; x_wconf 86' lang='lat' dir='ltr'>Pp.</span> <span class='ocrx_word' id='word_1_35' title='bbox 795 1036 832 1105; x_wconf 88' lang='grc' dir='ltr'>Χ,</span> <span class='ocrx_word' id='word_1_36' title='bbox 849 1036 879 1092; x_wconf 92' lang='lat' dir='ltr'>in</span> <span class='ocrx_word' id='word_1_37' title='bbox 892 1036 1050 1094; x_wconf 87' lang='lat' dir='ltr'>Audientia</span> <span class='ocrx_word' id='word_1_38' title='bbox 1067 1036 1166 1093; x_wconf 90' lang='lat' dir='ltr'>habita</span> 
     </span>
     <span class='ocr_line' id='line_1_6' title="bbox 70 1105 1166 1180; baseline 0.005 -22"><span class='ocrx_word' id='word_1_39' title='bbox 70 1105 107 1160; x_wconf 89' lang='lat' dir='ltr'>ab</span> <span class='ocrx_word' id='word_1_40' title='bbox 130 1105 315 1179; x_wconf 85' lang='lat' dir='ltr'>infrascripto</span> <span class='ocrx_word' id='word_1_41' title='bbox 334 1106 482 1162; x_wconf 90' lang='lat' dir='ltr'>Cardinali</span> <span class='ocrx_word' id='word_1_42' title='bbox 511 1107 616 1163; x_wconf 80' lang='lat' dir='ltr'><strong>Sacrae</strong></span> <span class='ocrx_word' id='word_1_43' title='bbox 634 1107 878 1180; x_wconf 86' lang='lat' dir='ltr'>Congregationis</span> <span class='ocrx_word' id='word_1_44' title='bbox 901 1109 1116 1180; x_wconf 85' lang='lat' dir='ltr'>Episcoporum</span> <span class='ocrx_word' id='word_1_45' title='bbox 1138 1120 1166 1163; x_wconf 90' lang='lat' dir='ltr'>et</span> 
     </span>
     <span class='ocr_line' id='line_1_7' title="bbox 73 1176 1166 1257; baseline 0.005 -28"><span class='ocrx_word' id='word_1_46' title='bbox 73 1177 264 1257; x_wconf 84' lang='lat' dir='ltr'>Regularium</span> <span class='ocrx_word' id='word_1_47' title='bbox 280 1176 428 1233; x_wconf 84' lang='lat' dir='ltr'>Praefecto</span> <span class='ocrx_word' id='word_1_48' title='bbox 441 1178 487 1233; x_wconf 90' lang='lat' dir='ltr'>die</span> <span class='ocrx_word' id='word_1_49' title='bbox 500 1179 516 1233; x_wconf 82' lang='lat'>6</span> <span class='ocrx_word' id='word_1_50' title='bbox 528 1178 617 1233; x_wconf 91' lang='lat' dir='ltr'>huius</span> <span class='ocrx_word' id='word_1_51' title='bbox 630 1178 750 1244; x_wconf 85' lang='lat' dir='ltr'>mensis,</span> <span class='ocrx_word' id='word_1_52' title='bbox 771 1178 888 1234; x_wconf 89' lang='lat' dir='ltr'>attentis</span> <span class='ocrx_word' id='word_1_53' title='bbox 901 1179 1003 1235; x_wconf 89' lang='lat' dir='ltr'>litteris</span> <span class='ocrx_word' id='word_1_54' title='bbox 1017 1195 1166 1234; x_wconf 91' lang='lat' dir='ltr'>commen-</span> 
     </span>
     <span class='ocr_line' id='line_1_8' title="bbox 70 1246 1166 1321; baseline 0.005 -20"><span class='ocrx_word' id='word_1_55' title='bbox 70 1246 183 1302; x_wconf 83' lang='lat' dir='ltr'>daticiis</span> <span class='ocrx_word' id='word_1_56' title='bbox 193 1248 366 1303; x_wconf 88' lang='lat' dir='ltr'>Antistitum</span> <span class='ocrx_word' id='word_1_57' title='bbox 378 1249 510 1304; x_wconf 89' lang='lat' dir='ltr'>locorum</span> <span class='ocrx_word' id='word_1_58' title='bbox 526 1250 557 1303; x_wconf 91' lang='lat' dir='ltr'>in</span> <span class='ocrx_word' id='word_1_59' title='bbox 572 1250 678 1321; x_wconf 91' lang='lat' dir='ltr'>quibus</span> <span class='ocrx_word' id='word_1_60' title='bbox 688 1251 830 1318; x_wconf 85' lang='lat' dir='ltr'>reperitur</span> <span class='ocrx_word' id='word_1_61' title='bbox 843 1250 1012 1307; x_wconf 89' lang='lat' dir='ltr'>Institutum</span> <span class='ocrx_word' id='word_1_62' title='bbox 1023 1251 1166 1307; x_wconf 88' lang='lat' dir='ltr'>Sororum</span> 
     </span>
     <span class='ocr_line' id='line_1_9' title="bbox 70 1316 1166 1393; baseline 0.003 -21"><span class='ocrx_word' id='word_1_63' title='bbox 70 1336 87 1372; x_wconf 92' lang='lat' dir='ltr'>a</span> <span class='ocrx_word' id='word_1_64' title='bbox 103 1320 132 1373; x_wconf 88' lang='lat' dir='ltr'>S.</span> <span class='ocrx_word' id='word_1_65' title='bbox 152 1319 277 1387; x_wconf 90' lang='lat' dir='ltr'>Iuliana,</span> <span class='ocrx_word' id='word_1_66' title='bbox 292 1320 380 1390; x_wconf 87' lang='lat' dir='ltr'>vulgo</span> <span class='ocrx_word' id='word_1_67' title='bbox 393 1320 582 1393; x_wconf 85' lang='lat' dir='ltr'>Apostolines</span> <span class='ocrx_word' id='word_1_68' title='bbox 598 1320 637 1375; x_wconf 85' lang='lat' dir='ltr'>du</span> <span class='ocrx_word' id='word_1_69' title='bbox 662 1316 737 1377; x_wconf 70' lang='grc' dir='ltr'>Τνὲε</span> <span class='ocrx_word' id='word_1_70' title='bbox 755 1322 844 1377; x_wconf 86' lang='lat' dir='ltr'>Saint</span> <span class='ocrx_word' id='word_1_71' title='bbox 861 1322 1038 1378; x_wconf 79' lang='lat' dir='ltr'>Sacrament</span> <span class='ocrx_word' id='word_1_72' title='bbox 1054 1319 1166 1377; x_wconf 84' lang='lat' dir='ltr'>nuncu·</span> 
     </span>
     <span class='ocr_line' id='line_1_10' title="bbox 69 1391 1166 1464; baseline 0.005 -22"><span class='ocrx_word' id='word_1_73' title='bbox 69 1401 216 1462; x_wconf 89' lang='lat' dir='ltr'>patarum,</span> <span class='ocrx_word' id='word_1_74' title='bbox 236 1392 359 1446; x_wconf 90' lang='lat' dir='ltr'>domum</span> <span class='ocrx_word' id='word_1_75' title='bbox 378 1392 540 1464; x_wconf 77' lang='lat' dir='ltr'>principem</span> <span class='ocrx_word' id='word_1_76' title='bbox 558 1392 730 1448; x_wconf 87' lang='lat' dir='ltr'>habentium</span> <span class='ocrx_word' id='word_1_77' title='bbox 754 1391 784 1447; x_wconf 92' lang='lat' dir='ltr'>in</span> <span class='ocrx_word' id='word_1_78' title='bbox 806 1393 1022 1450; x_wconf 67' lang='lat' dir='ltr'>Archidioecesi&#39;</span> <span class='ocrx_word' id='word_1_79' title='bbox 1045 1392 1166 1449; x_wconf 91' lang='lat' dir='ltr'>Mechli·</span> 
     </span>
     <span class='ocr_line' id='line_1_11' title="bbox 70 1460 1166 1536; baseline 0.005 -21"><span class='ocrx_word' id='word_1_80' title='bbox 70 1460 173 1518; x_wconf 88' lang='lat' dir='ltr'>niensi.</span> <span class='ocrx_word' id='word_1_81' title='bbox 191 1461 323 1517; x_wconf 86' lang='lat' dir='ltr'>eiusdem</span> <span class='ocrx_word' id='word_1_82' title='bbox 342 1462 468 1517; x_wconf 85' lang='lat' dir='ltr'>Instituti</span> <span class='ocrx_word' id='word_1_83' title='bbox 488 1462 728 1525; x_wconf 85' lang='lat' dir='ltr'>Constitutiones.</span> <span class='ocrx_word' id='word_1_84' title='bbox 750 1476 838 1536; x_wconf 87' lang='lat' dir='ltr'>prout</span> <span class='ocrx_word' id='word_1_85' title='bbox 852 1466 1040 1522; x_wconf 87' lang='lat' dir='ltr'>continentur</span> <span class='ocrx_word' id='word_1_86' title='bbox 1059 1465 1090 1519; x_wconf 92' lang='lat' dir='ltr'>in</span> <span class='ocrx_word' id='word_1_87' title='bbox 1108 1465 1166 1520; x_wconf 93' lang='lat' dir='ltr'>hoc</span> 
     </span>
     <span class='ocr_line' id='line_1_12' title="bbox 69 1533 1166 1607; baseline 0.004 -20"><span class='ocrx_word' id='word_1_88' title='bbox 69 1533 239 1605; x_wconf 85' lang='lat' dir='ltr'>exemplari,</span> <span class='ocrx_word' id='word_1_89' title='bbox 256 1534 338 1589; x_wconf 91' lang='lat' dir='ltr'>cuius</span> <span class='ocrx_word' id='word_1_90' title='bbox 351 1533 588 1607; x_wconf 85' lang='lat' dir='ltr'>authographum</span> <span class='ocrx_word' id='word_1_91' title='bbox 607 1535 637 1588; x_wconf 93' lang='lat' dir='ltr'>in</span> <span class='ocrx_word' id='word_1_92' title='bbox 656 1534 796 1591; x_wconf 84' lang='lat' dir='ltr'>Archivio</span> <span class='ocrx_word' id='word_1_93' title='bbox 815 1535 961 1607; x_wconf 80' lang='lat' dir='ltr'>praefatae</span> <span class='ocrx_word' id='word_1_94' title='bbox 983 1538 1014 1593; x_wconf 86' lang='lat' dir='ltr'>S.</span> <span class='ocrx_word' id='word_1_95' title='bbox 1038 1535 1166 1607; x_wconf 88' lang='lat' dir='ltr'>Congre-</span> 
     </span>
     <span class='ocr_line' id='line_1_13' title="bbox 69 1604 1166 1679; baseline 0.005 -22"><span class='ocrx_word' id='word_1_96' title='bbox 69 1604 195 1673; x_wconf 87' lang='lat' dir='ltr'>gationis</span> <span class='ocrx_word' id='word_1_97' title='bbox 213 1618 386 1666; x_wconf 90' lang='lat' dir='ltr'>asservatur.</span> <span class='ocrx_word' id='word_1_98' title='bbox 401 1607 438 1658; x_wconf 90' lang='lat' dir='ltr'>ad</span> <span class='ocrx_word' id='word_1_99' title='bbox 452 1604 625 1659; x_wconf 86' lang='lat' dir='ltr'>sexennium</span> <span class='ocrx_word' id='word_1_100' title='bbox 644 1622 695 1677; x_wconf 84' lang='lat' dir='ltr'>per</span> <span class='ocrx_word' id='word_1_101' title='bbox 714 1607 837 1662; x_wconf 92' lang='lat' dir='ltr'>modum</span> <span class='ocrx_word' id='word_1_102' title='bbox 855 1606 1046 1678; x_wconf 71' lang='lat' dir='ltr'>experimenti</span> <span class='ocrx_word' id='word_1_103' title='bbox 1060 1624 1166 1679; x_wconf 89' lang='lat' dir='ltr'>appro-</span> 
     </span>
     <span class='ocr_line' id='line_1_14' title="bbox 69 1674 1166 1749; baseline 0.005 -21"><span class='ocrx_word' id='word_1_104' title='bbox 69 1674 139 1729; x_wconf 92' lang='lat' dir='ltr'>bare</span> <span class='ocrx_word' id='word_1_105' title='bbox 158 1689 186 1729; x_wconf 88' lang='lat' dir='ltr'>et</span> <span class='ocrx_word' id='word_1_106' title='bbox 211 1674 390 1731; x_wconf 81' lang='lat' dir='ltr'>confirmare</span> <span class='ocrx_word' id='word_1_107' title='bbox 411 1676 548 1747; x_wconf 83' lang='lat' dir='ltr'>dignatus</span> <span class='ocrx_word' id='word_1_108' title='bbox 572 1688 624 1741; x_wconf 89' lang='lat' dir='ltr'>est,</span> <span class='ocrx_word' id='word_1_109' title='bbox 645 1692 733 1749; x_wconf 88' lang='lat' dir='ltr'>prout</span> <span class='ocrx_word' id='word_1_110' title='bbox 752 1680 912 1749; x_wconf 79' lang='lat' dir='ltr'>praesentis</span> <span class='ocrx_word' id='word_1_111' title='bbox 934 1678 1042 1735; x_wconf 87' lang='lat' dir='ltr'>decreti</span> <span class='ocrx_word' id='word_1_112' title='bbox 1063 1690 1166 1734; x_wconf 84' lang='lat' dir='ltr'>tenore</span> 
     </span>
    </p>
   </div>
   <div class='ocr_carea' id='block_1_5' title="bbox 67 1746 1187 1828">
    <p class='ocr_par' dir='ltr' id='par_1_5' title="bbox 67 1746 1187 1828">
     <span class='ocr_line' id='line_1_15' title="bbox 67 1746 1187 1828; baseline 0.004 -29"><span class='ocrx_word' id='word_1_113' title='bbox 67 1748 214 1817; x_wconf 84' lang='lat' dir='ltr'>approbat</span> <span class='ocrx_word' id='word_1_114' title='bbox 223 1760 252 1802; x_wconf 90' lang='lat' dir='ltr'>et</span> <span class='ocrx_word' id='word_1_115' title='bbox 261 1746 427 1815; x_wconf 86' lang='lat' dir='ltr'>confirmat,</span> <span class='ocrx_word' id='word_1_116' title='bbox 439 1747 517 1802; x_wconf 91' lang='lat' dir='ltr'>salva</span> <span class='ocrx_word' id='word_1_117' title='bbox 528 1748 752 1804; x_wconf 79' lang='lat' dir='ltr'>ordinariorum</span> <span class='ocrx_word' id='word_1_118' title='bbox 762 1748 972 1819; x_wconf 87' lang='lat' dir='ltr'>iurisdictione,</span> <span class='ocrx_word' id='word_1_119' title='bbox 989 1752 1026 1806; x_wconf 91' lang='lat' dir='ltr'>ad</span> <span class='ocrx_word' id='word_1_120' title='bbox 1040 1748 1166 1805; x_wconf 84' lang='lat' dir='ltr'>formam</span> <span class='ocrx_word' id='word_1_121' title='bbox 1185 1824 1187 1828; x_wconf 13' lang='grc' dir='ltr'><em>Α</em></span> 
     </span>
    </p>
   </div>
   <div class='ocr_carea' id='block_1_6' title="bbox 68 1817 1166 2195">
    <p class='ocr_par' dir='ltr' id='par_1_6' title="bbox 68 1817 1166 2195">
     <span class='ocr_line' id='line_1_16' title="bbox 68 1817 867 1890; baseline 0.009 -20"><span class='ocrx_word' id='word_1_122' title='bbox 68 1817 121 1871; x_wconf 88' lang='lat' dir='ltr'>SS.</span> <span class='ocrx_word' id='word_1_123' title='bbox 139 1817 296 1873; x_wconf 92' lang='lat' dir='ltr'>Canonum</span> <span class='ocrx_word' id='word_1_124' title='bbox 310 1831 337 1873; x_wconf 93' lang='lat' dir='ltr'>et</span> <span class='ocrx_word' id='word_1_125' title='bbox 350 1817 589 1890; x_wconf 84' lang='lat' dir='ltr'>Apostolicarum</span> <span class='ocrx_word' id='word_1_126' title='bbox 602 1819 867 1879; x_wconf 80' lang='lat' dir='ltr'>constitutionum.</span> 
     </span>
     <span class='ocr_line' id='line_1_17' title="bbox 104 1890 1166 1965; baseline 0.003 -20"><span class='ocrx_word' id='word_1_127' title='bbox 104 1892 217 1945; x_wconf 88' lang='lat' dir='ltr'>Datum</span> <span class='ocrx_word' id='word_1_128' title='bbox 246 1890 366 1952; x_wconf 84' lang='lat' dir='ltr'>Romae.</span> <span class='ocrx_word' id='word_1_129' title='bbox 395 1907 430 1944; x_wconf 85' lang='lat' dir='ltr'>ex</span> <span class='ocrx_word' id='word_1_130' title='bbox 456 1890 619 1945; x_wconf 87' lang='lat' dir='ltr'>Secretaria</span> <span class='ocrx_word' id='word_1_131' title='bbox 647 1905 827 1947; x_wconf 86' lang='lat' dir='ltr'>memoratae</span> <span class='ocrx_word' id='word_1_132' title='bbox 859 1892 889 1947; x_wconf 88' lang='lat' dir='ltr'>S.</span> <span class='ocrx_word' id='word_1_133' title='bbox 922 1890 1166 1965; x_wconf 82' lang='lat' dir='ltr'>congregationis</span> 
     </span>
     <span class='ocr_line' id='line_1_18' title="bbox 68 1960 815 2034; baseline 0.005 -21"><span class='ocrx_word' id='word_1_134' title='bbox 68 1960 287 2033; x_wconf 87' lang='lat' dir='ltr'>Episcoporum</span> <span class='ocrx_word' id='word_1_135' title='bbox 299 1973 327 2016; x_wconf 90' lang='lat' dir='ltr'>et</span> <span class='ocrx_word' id='word_1_136' title='bbox 341 1960 542 2033; x_wconf 86' lang='lat' dir='ltr'>Regularium,</span> <span class='ocrx_word' id='word_1_137' title='bbox 557 1962 603 2016; x_wconf 88' lang='lat' dir='ltr'>die</span> <span class='ocrx_word' id='word_1_138' title='bbox 617 1980 633 2034; x_wconf 93' lang='lat'>7</span> <span class='ocrx_word' id='word_1_139' title='bbox 647 1962 716 2016; x_wconf 87' lang='lat' dir='ltr'>maii</span> <span class='ocrx_word' id='word_1_140' title='bbox 736 1969 815 2034; x_wconf 81' lang='lat'><strong>1906.</strong></span> 
     </span>
     <span class='ocr_line' id='line_1_19' title="bbox 577 2046 1093 2118; baseline 0.006 -18"><span class='ocrx_word' id='word_1_141' title='bbox 577 2046 612 2101; x_wconf 89' lang='lat' dir='ltr'>D.</span> <span class='ocrx_word' id='word_1_142' title='bbox 634 2046 720 2100; x_wconf 92' lang='lat' dir='ltr'>Card.</span> <span class='ocrx_word' id='word_1_143' title='bbox 743 2047 893 2112; x_wconf 73' lang='lat' dir='ltr'>Farinam,</span> <span class='ocrx_word' id='word_1_144' title='bbox 907 2048 1093 2118; x_wconf 67' lang='lat' dir='ltr'>Praefectus</span> 
     </span>
     <span class='ocr_line' id='line_1_20' title="bbox 626 2128 1058 2195; baseline 0.005 -12"><span class='ocrx_word' id='word_1_145' title='bbox 626 2128 683 2187; x_wconf 85' lang='lat' dir='ltr'>Ph.</span> <span class='ocrx_word' id='word_1_146' title='bbox 702 2128 844 2195; x_wconf 84' lang='lat' dir='ltr'>Giustini,</span> <span class='ocrx_word' id='word_1_147' title='bbox 859 2129 1058 2186; x_wconf 78' lang='lat' dir='ltr'>secretarius.</span> 
     </span>
    </p>
   </div>
   <div class='ocr_carea' id='block_1_7' title="bbox 451 2296 493 2306">
    <p class='ocr_par' dir='ltr' id='par_1_7' title="bbox 451 2296 493 2306">
     <span class='ocr_line' id='line_1_21' title="bbox 451 2296 493 2306; baseline 0 0"><span class='ocrx_word' id='word_1_148' title='bbox 451 2296 493 2306; x_wconf 63' lang='lat'>..-</span> 
     </span>
    </p>
   </div>
   <div class='ocr_carea' id='block_1_8' title="bbox 335 2410 907 2645">
    <p class='ocr_par' dir='ltr' id='par_1_8' title="bbox 335 2410 907 2645">
     <span class='ocr_line' id='line_1_22' title="bbox 335 2410 907 2513; baseline 0 -17"><span class='ocrx_word' id='word_1_149' title='bbox 335 2410 431 2496; x_wconf 86' lang='lat'>141.</span> <span class='ocrx_word' id='word_1_150' title='bbox 456 2467 496 2476; x_wconf 88' lang='lat'><em>-</em></span> <span class='ocrx_word' id='word_1_151' title='bbox 519 2428 580 2498; x_wconf 75' lang='lat' dir='ltr'>ss,</span> <span class='ocrx_word' id='word_1_152' title='bbox 606 2430 642 2496; x_wconf 86' lang='lat' dir='ltr'>n.</span> <span class='ocrx_word' id='word_1_153' title='bbox 667 2428 703 2496; x_wconf 82' lang='lat' dir='ltr'>a.</span> <span class='ocrx_word' id='word_1_154' title='bbox 729 2428 775 2497; x_wconf 77' lang='lat' dir='ltr'>aa</span> <span class='ocrx_word' id='word_1_155' title='bbox 800 2428 858 2513; x_wconf 65' lang='lat' dir='ltr'>aa.</span> <span class='ocrx_word' id='word_1_156' title='bbox 881 2425 907 2496; x_wconf 88' lang='lat' dir='ltr'>x</span> 
     </span>
     <span class='ocr_line' id='line_1_23' title="bbox 367 2588 866 2645; baseline -0.002 0"><span class='ocrx_word' id='word_1_157' title='bbox 367 2589 628 2645; x_wconf 74' lang='lat' dir='ltr'><strong><em>RESCRIPTUM</em></strong></span> <span class='ocrx_word' id='word_1_158' title='bbox 644 2589 762 2644; x_wconf 85' lang='lat' dir='ltr'>81UN.</span> <span class='ocrx_word' id='word_1_159' title='bbox 783 2588 866 2644; x_wconf 84' lang='lat'><em>1906</em></span> 
     </span>
    </p>
   </div>
   <div class='ocr_carea' id='block_1_9' title="bbox 66 2737 1165 2895">
    <p class='ocr_par' dir='ltr' id='par_1_9' title="bbox 66 2737 1165 2895">
     <span class='ocr_line' id='line_1_24' title="bbox 66 2737 1165 2811; baseline 0.003 -18"><span class='ocrx_word' id='word_1_160' title='bbox 66 2737 225 2808; x_wconf 78' lang='lat' dir='ltr'>Mutatus,</span> <span class='ocrx_word' id='word_1_161' title='bbox 253 2738 299 2793; x_wconf 84' lang='lat' dir='ltr'>ad</span> <span class='ocrx_word' id='word_1_162' title='bbox 324 2751 426 2794; x_wconf 81' lang='lat' dir='ltr'>usum</span> <span class='ocrx_word' id='word_1_163' title='bbox 452 2741 665 2811; x_wconf 84' lang='lat' dir='ltr'>praesertim</span> <span class='ocrx_word' id='word_1_164' title='bbox 691 2739 911 2810; x_wconf 76' lang='lat' dir='ltr'>Monialium,</span> <span class='ocrx_word' id='word_1_165' title='bbox 936 2739 1165 2796; x_wconf 82' lang='lat' dir='ltr'>condiclones</span> 
     </span>
     <span class='ocr_line' id='line_1_25' title="bbox 344 2822 889 2895; baseline -0.004 -16"><span class='ocrx_word' id='word_1_166' title='bbox 344 2822 564 2892; x_wconf 83' lang='lat' dir='ltr'>quarundam</span> <span class='ocrx_word' id='word_1_167' title='bbox 583 2823 889 2895; x_wconf 77' lang='lat' dir='ltr'>indulgentiarum</span> 
     </span>
    </p>
   </div>
   <div class='ocr_carea' id='block_1_10' title="bbox 62 2978 1170 4405">
    <p class='ocr_par' dir='ltr' id='par_1_10' title="bbox 68 2978 1165 3123">
     <span class='ocr_line' id='line_1_26' title="bbox 102 2978 1165 3059; baseline 0.003 -27"><span class='ocrx_word' id='word_1_168' title='bbox 102 2978 269 3059; x_wconf 86' lang='lat' dir='ltr'>Cardinalis</span> <span class='ocrx_word' id='word_1_169' title='bbox 284 2979 445 3054; x_wconf 88' lang='lat' dir='ltr'>Episcopus</span> <span class='ocrx_word' id='word_1_170' title='bbox 462 2982 656 3038; x_wconf 75' lang='lat' dir='ltr'>barcinonen.</span> <span class='ocrx_word' id='word_1_171' title='bbox 678 2983 707 3038; x_wconf 86' lang='lat' dir='ltr'>S.</span> <span class='ocrx_word' id='word_1_172' title='bbox 724 2985 758 3039; x_wconf 91' lang='lat' dir='ltr'>V.</span> <span class='ocrx_word' id='word_1_173' title='bbox 773 2981 923 3036; x_wconf 91' lang='lat' dir='ltr'>humiliter</span> <span class='ocrx_word' id='word_1_174' title='bbox 940 2997 1015 3054; x_wconf 90' lang='lat' dir='ltr'>quae</span> <span class='ocrx_word' id='word_1_175' title='bbox 1038 2997 1165 3053; x_wconf 89' lang='lat' dir='ltr'>sequun-</span> 
     </span>
     <span class='ocr_line' id='line_1_27' title="bbox 68 3061 274 3123; baseline 0.01 -19"><span class='ocrx_word' id='word_1_176' title='bbox 68 3063 117 3104; x_wconf 87' lang='lat' dir='ltr'>tur</span> <span class='ocrx_word' id='word_1_177' title='bbox 129 3061 274 3123; x_wconf 85' lang='lat' dir='ltr'>exponit:</span> 
     </span>
    </p>

    <p class='ocr_par' dir='ltr' id='par_1_11' title="bbox 65 3121 1166 3552">
     <span class='ocr_line' id='line_1_28' title="bbox 105 3121 1166 3194; baseline 0.003 -19"><span class='ocrx_word' id='word_1_178' title='bbox 105 3139 128 3176; x_wconf 92' lang='lat'>1.</span> <span class='ocrx_word' id='word_1_179' title='bbox 150 3121 241 3194; x_wconf 89' lang='lat' dir='ltr'>Apud</span> <span class='ocrx_word' id='word_1_180' title='bbox 267 3121 441 3178; x_wconf 90' lang='lat' dir='ltr'>Monialium</span> <span class='ocrx_word' id='word_1_181' title='bbox 471 3123 648 3180; x_wconf 89' lang='lat' dir='ltr'>Monasteria</span> <span class='ocrx_word' id='word_1_182' title='bbox 675 3123 754 3178; x_wconf 89' lang='lat' dir='ltr'>haud</span> <span class='ocrx_word' id='word_1_183' title='bbox 783 3123 934 3177; x_wconf 89' lang='lat' dir='ltr'>lucrantur</span> <span class='ocrx_word' id='word_1_184' title='bbox 964 3121 1166 3194; x_wconf 86' lang='lat' dir='ltr'>Indulgentiae</span> 
     </span>
     <span class='ocr_line' id='line_1_29' title="bbox 66 3192 1163 3263; baseline 0.004 -18"><span class='ocrx_word' id='word_1_185' title='bbox 66 3192 278 3247; x_wconf 89' lang='lat' dir='ltr'>invocationi«</span> <span class='ocrx_word' id='word_1_186' title='bbox 295 3194 354 3248; x_wconf 93' lang='lat' dir='ltr'>Cor</span> <span class='ocrx_word' id='word_1_187' title='bbox 371 3195 435 3250; x_wconf 89' lang='lat' dir='ltr'>lesu</span> <span class='ocrx_word' id='word_1_188' title='bbox 449 3195 692 3254; x_wconf 84' lang='lat' dir='ltr'>Sacratrssimum.</span> <span class='ocrx_word' id='word_1_189' title='bbox 714 3194 851 3251; x_wconf 88' lang='lat' dir='ltr'>miserere</span> <span class='ocrx_word' id='word_1_190' title='bbox 864 3194 949 3249; x_wconf 91' lang='lat' dir='ltr'>nobis</span> <span class='ocrx_word' id='word_1_191' title='bbox 962 3215 978 3245; x_wconf 72' lang='lat' dir='ltr'>&gt;r</span> <span class='ocrx_word' id='word_1_192' title='bbox 1000 3209 1163 3263; x_wconf 87' lang='lat' dir='ltr'>concessae,</span> 
     </span>
     <span class='ocr_line' id='line_1_30' title="bbox 66 3263 1164 3338; baseline 0.001 -20"><span class='ocrx_word' id='word_1_193' title='bbox 66 3279 101 3318; x_wconf 87' lang='lat' dir='ltr'>eo</span> <span class='ocrx_word' id='word_1_194' title='bbox 116 3263 201 3335; x_wconf 89' lang='lat' dir='ltr'>quod</span> <span class='ocrx_word' id='word_1_195' title='bbox 217 3277 283 3334; x_wconf 91' lang='lat' dir='ltr'>post</span> <span class='ocrx_word' id='word_1_196' title='bbox 297 3265 418 3320; x_wconf 87' lang='lat' dir='ltr'>Missam</span> <span class='ocrx_word' id='word_1_197' title='bbox 439 3268 670 3322; x_wconf 88' lang='lat' dir='ltr'>Conventualem</span> <span class='ocrx_word' id='word_1_198' title='bbox 683 3267 777 3321; x_wconf 89' lang='lat' dir='ltr'>dictae</span> <span class='ocrx_word' id='word_1_199' title='bbox 791 3282 891 3338; x_wconf 86' lang='lat' dir='ltr'>preces</span> <span class='ocrx_word' id='word_1_200' title='bbox 903 3265 1025 3320; x_wconf 88' lang='lat' dir='ltr'>minime</span> <span class='ocrx_word' id='word_1_201' title='bbox 1043 3266 1164 3320; x_wconf 87' lang='lat' dir='ltr'>recitan-</span> 
     </span>
     <span class='ocr_line' id='line_1_31' title="bbox 65 3335 1165 3407; baseline 0.002 -19"><span class='ocrx_word' id='word_1_202' title='bbox 65 3346 124 3389; x_wconf 88' lang='lat' dir='ltr'>tur.</span> <span class='ocrx_word' id='word_1_203' title='bbox 143 3335 270 3406; x_wconf 64' lang='lat' dir='ltr'>Optaret‘</span> <span class='ocrx_word' id='word_1_204' title='bbox 280 3335 369 3406; x_wconf 84' lang='lat' dir='ltr'>igitur</span> <span class='ocrx_word' id='word_1_205' title='bbox 383 3337 546 3392; x_wconf 87' lang='lat' dir='ltr'>Cardinalis</span> <span class='ocrx_word' id='word_1_206' title='bbox 566 3339 682 3403; x_wconf 83' lang='lat' dir='ltr'>Orator,</span> <span class='ocrx_word' id='word_1_207' title='bbox 704 3353 736 3391; x_wconf 89' lang='lat' dir='ltr'>ut</span> <span class='ocrx_word' id='word_1_208' title='bbox 756 3337 999 3392; x_wconf 77' lang='lat' dir='ltr'>Sancrimoniales</span> <span class='ocrx_word' id='word_1_209' title='bbox 1013 3337 1165 3407; x_wconf 91' lang='lat' dir='ltr'>indulgen-</span> 
     </span>
     <span class='ocr_line' id='line_1_32' title="bbox 66 3406 1165 3480; baseline 0.004 -21"><span class='ocrx_word' id='word_1_210' title='bbox 66 3406 123 3460; x_wconf 88' lang='lat' dir='ltr'>tias</span> <span class='ocrx_word' id='word_1_211' title='bbox 138 3407 304 3478; x_wconf 85' lang='lat' dir='ltr'>praedictae</span> <span class='ocrx_word' id='word_1_212' title='bbox 316 3407 494 3463; x_wconf 88' lang='lat' dir='ltr'>invocationi</span> <span class='ocrx_word' id='word_1_213' title='bbox 510 3409 636 3464; x_wconf 84' lang='lat' dir='ltr'>adnexas</span> <span class='ocrx_word' id='word_1_214' title='bbox 654 3409 839 3463; x_wconf 89' lang='lat' dir='ltr'>lucrarentur</span> <span class='ocrx_word' id='word_1_215' title='bbox 857 3426 922 3462; x_wconf 89' lang='lat' dir='ltr'>eam</span> <span class='ocrx_word' id='word_1_216' title='bbox 935 3408 1087 3463; x_wconf 87' lang='lat' dir='ltr'>recitantes</span> <span class='ocrx_word' id='word_1_217' title='bbox 1099 3419 1165 3480; x_wconf 91' lang='lat' dir='ltr'>post</span> 
     </span>
     <span class='ocr_line' id='line_1_33' title="bbox 65 3475 1088 3552; baseline 0.004 -22"><span class='ocrx_word' id='word_1_218' title='bbox 65 3475 272 3548; x_wconf 84' lang='lat' dir='ltr'>Antiphonam</span> <span class='ocrx_word' id='word_1_219' title='bbox 285 3498 301 3528; x_wconf 82' lang='lat' dir='ltr'>a</span> <span class='ocrx_word' id='word_1_220' title='bbox 315 3479 446 3550; x_wconf 89' lang='lat' dir='ltr'>Angelus</span> <span class='ocrx_word' id='word_1_221' title='bbox 463 3480 579 3534; x_wconf 89' lang='lat' dir='ltr'>Domini</span> <span class='ocrx_word' id='word_1_222' title='bbox 598 3503 623 3547; x_wconf 86' lang='lat'>»,</span> <span class='ocrx_word' id='word_1_223' title='bbox 640 3497 715 3552; x_wconf 89' lang='lat' dir='ltr'>quae</span> <span class='ocrx_word' id='word_1_224' title='bbox 726 3493 770 3534; x_wconf 90' lang='lat' dir='ltr'>ter</span> <span class='ocrx_word' id='word_1_225' title='bbox 779 3480 809 3533; x_wconf 91' lang='lat' dir='ltr'>in</span> <span class='ocrx_word' id='word_1_226' title='bbox 823 3479 870 3534; x_wconf 90' lang='lat' dir='ltr'>die</span> <span class='ocrx_word' id='word_1_227' title='bbox 882 3481 993 3532; x_wconf 85' lang='lat' dir='ltr'>exorari</span> <span class='ocrx_word' id='word_1_228' title='bbox 1005 3479 1088 3534; x_wconf 87' lang='lat' dir='ltr'>solet.</span> 
     </span>
    </p>

    <p class='ocr_par' dir='ltr' id='par_1_12' title="bbox 64 3548 1168 4030">
     <span class='ocr_line' id='line_1_34' title="bbox 103 3548 1166 3622; baseline 0.002 -21"><span class='ocrx_word' id='word_1_229' title='bbox 103 3567 129 3603; x_wconf 88' lang='lat'>2.</span> <span class='ocrx_word' id='word_1_230' title='bbox 154 3549 225 3602; x_wconf 93' lang='lat' dir='ltr'>Non</span> <span class='ocrx_word' id='word_1_231' title='bbox 238 3549 278 3602; x_wconf 89' lang='lat' dir='ltr'>ita</span> <span class='ocrx_word' id='word_1_232' title='bbox 290 3549 403 3621; x_wconf 90' lang='lat' dir='ltr'>pridem</span> <span class='ocrx_word' id='word_1_233' title='bbox 417 3551 446 3604; x_wconf 89' lang='lat' dir='ltr'>S.</span> <span class='ocrx_word' id='word_1_234' title='bbox 459 3551 495 3608; x_wconf 89' lang='lat' dir='ltr'>V.</span> <span class='ocrx_word' id='word_1_235' title='bbox 508 3551 633 3622; x_wconf 85' lang='lat' dir='ltr'>benigne</span> <span class='ocrx_word' id='word_1_236' title='bbox 646 3551 789 3606; x_wconf 90' lang='lat' dir='ltr'>concessit</span> <span class='ocrx_word' id='word_1_237' title='bbox 802 3551 961 3604; x_wconf 89' lang='lat' dir='ltr'>nonnullas</span> <span class='ocrx_word' id='word_1_238' title='bbox 971 3548 1166 3621; x_wconf 85' lang='lat' dir='ltr'>indulgentias</span> 
     </span>
     <span class='ocr_line' id='line_1_35' title="bbox 65 3618 1166 3692; baseline 0.003 -20"><span class='ocrx_word' id='word_1_239' title='bbox 65 3619 114 3691; x_wconf 89' lang='lat' dir='ltr'>pie</span> <span class='ocrx_word' id='word_1_240' title='bbox 133 3618 354 3675; x_wconf 86' lang='lat' dir='ltr'>recitantibus«</span> <span class='ocrx_word' id='word_1_241' title='bbox 378 3621 503 3675; x_wconf 84' lang='lat' dir='ltr'>Domina</span> <span class='ocrx_word' id='word_1_242' title='bbox 523 3623 623 3676; x_wconf 85' lang='lat' dir='ltr'>nostra</span> <span class='ocrx_word' id='word_1_243' title='bbox 643 3622 822 3678; x_wconf 77' lang='lat' dir='ltr'>sanctissimi</span> <span class='ocrx_word' id='word_1_244' title='bbox 844 3621 1023 3676; x_wconf 87' lang='lat' dir='ltr'>Sacramenti</span> <span class='ocrx_word' id='word_1_245' title='bbox 1042 3639 1094 3676; x_wconf 90' lang='lat' dir='ltr'>ora</span> <span class='ocrx_word' id='word_1_246' title='bbox 1113 3636 1166 3692; x_wconf 91' lang='lat' dir='ltr'>pro</span> 
     </span>
     <span class='ocr_line' id='line_1_36' title="bbox 65 3690 1168 3764; baseline 0.002 -20"><span class='ocrx_word' id='word_1_247' title='bbox 65 3690 155 3745; x_wconf 88' lang='lat' dir='ltr'>nobis</span> <span class='ocrx_word' id='word_1_248' title='bbox 175 3711 203 3756; x_wconf 73' lang='lat' dir='ltr'>a,</span> <span class='ocrx_word' id='word_1_249' title='bbox 218 3707 318 3745; x_wconf 88' lang='lat' dir='ltr'>coram</span> <span class='ocrx_word' id='word_1_250' title='bbox 339 3691 416 3746; x_wconf 74' lang='lat' dir='ltr'>SSm0</span> <span class='ocrx_word' id='word_1_251' title='bbox 436 3693 625 3748; x_wconf 86' lang='lat' dir='ltr'>Sacramento</span> <span class='ocrx_word' id='word_1_252' title='bbox 645 3694 826 3749; x_wconf 88' lang='lat' dir='ltr'>sollemniter</span> <span class='ocrx_word' id='word_1_253' title='bbox 845 3694 994 3764; x_wconf 83' lang='lat' dir='ltr'>exposit03</span> <span class='ocrx_word' id='word_1_254' title='bbox 1011 3693 1060 3747; x_wconf 92' lang='lat' dir='ltr'>sed</span> <span class='ocrx_word' id='word_1_255' title='bbox 1082 3692 1168 3763; x_wconf 90' lang='lat' dir='ltr'>plura</span> 
     </span>
     <span class='ocr_line' id='line_1_37' title="bbox 65 3761 1167 3836; baseline 0.001 -20"><span class='ocrx_word' id='word_1_256' title='bbox 65 3775 182 3817; x_wconf 81' lang='lat' dir='ltr'>exstant</span> <span class='ocrx_word' id='word_1_257' title='bbox 202 3761 381 3817; x_wconf 87' lang='lat' dir='ltr'>Monialium</span> <span class='ocrx_word' id='word_1_258' title='bbox 396 3762 574 3819; x_wconf 88' lang='lat' dir='ltr'>Monasteria</span> <span class='ocrx_word' id='word_1_259' title='bbox 586 3767 616 3819; x_wconf 88' lang='lat' dir='ltr'>in</span> <span class='ocrx_word' id='word_1_260' title='bbox 631 3766 737 3836; x_wconf 88' lang='lat' dir='ltr'>quibus</span> <span class='ocrx_word' id='word_1_261' title='bbox 753 3782 814 3818; x_wconf 91' lang='lat' dir='ltr'>non</span> <span class='ocrx_word' id='word_1_262' title='bbox 827 3764 883 3817; x_wconf 89' lang='lat' dir='ltr'>nisi</span> <span class='ocrx_word' id='word_1_263' title='bbox 905 3780 970 3817; x_wconf 92' lang='lat' dir='ltr'>raro</span> <span class='ocrx_word' id='word_1_264' title='bbox 989 3762 1167 3835; x_wconf 85' lang='lat' dir='ltr'>Augustissi-</span> 
     </span>
     <span class='ocr_line' id='line_1_38' title="bbox 64 3833 1168 3907; baseline 0.002 -21"><span class='ocrx_word' id='word_1_265' title='bbox 64 3849 153 3886; x_wconf 90' lang='lat' dir='ltr'>mum</span> <span class='ocrx_word' id='word_1_266' title='bbox 166 3833 392 3888; x_wconf 87' lang='lat' dir='ltr'>Sacramentum</span> <span class='ocrx_word' id='word_1_267' title='bbox 405 3834 585 3890; x_wconf 77' lang='lat' dir='ltr'>sollemniter</span> <span class='ocrx_word' id='word_1_268' title='bbox 599 3838 765 3907; x_wconf 85' lang='lat' dir='ltr'>exponitur.</span> <span class='ocrx_word' id='word_1_269' title='bbox 782 3835 954 3903; x_wconf 89' lang='lat' dir='ltr'>Optandum</span> <span class='ocrx_word' id='word_1_270' title='bbox 964 3850 1034 3906; x_wconf 85' lang='lat' dir='ltr'>ergo</span> <span class='ocrx_word' id='word_1_271' title='bbox 1046 3846 1120 3890; x_wconf 89' lang='lat' dir='ltr'>esset</span> <span class='ocrx_word' id='word_1_272' title='bbox 1135 3845 1168 3888; x_wconf 91' lang='lat' dir='ltr'>ut</span> 
     </span>
     <span class='ocr_line' id='line_1_39' title="bbox 64 3903 1168 3980; baseline 0.003 -23"><span class='ocrx_word' id='word_1_273' title='bbox 64 3903 142 3959; x_wconf 90' lang='lat' dir='ltr'>illud</span> <span class='ocrx_word' id='word_1_274' title='bbox 166 3905 197 3958; x_wconf 91' lang='lat' dir='ltr'>in</span> <span class='ocrx_word' id='word_1_275' title='bbox 223 3905 429 3960; x_wconf 86' lang='lat' dir='ltr'>Tabernaculo</span> <span class='ocrx_word' id='word_1_276' title='bbox 451 3921 640 3974; x_wconf 85' lang='lat' dir='ltr'>asservatum,</span> <span class='ocrx_word' id='word_1_277' title='bbox 665 3924 718 3980; x_wconf 90' lang='lat' dir='ltr'>pro</span> <span class='ocrx_word' id='word_1_278' title='bbox 741 3907 776 3962; x_wconf 91' lang='lat' dir='ltr'>iis</span> <span class='ocrx_word' id='word_1_279' title='bbox 802 3905 994 3977; x_wconf 85' lang='lat' dir='ltr'>Indulgentiis</span> <span class='ocrx_word' id='word_1_280' title='bbox 1020 3903 1168 3961; x_wconf 90' lang='lat' dir='ltr'>sufficiens</span> 
     </span>
     <span class='ocr_line' id='line_1_40' title="bbox 66 3973 374 4030; baseline 0 0"><span class='ocrx_word' id='word_1_281' title='bbox 66 3973 209 4030; x_wconf 91' lang='lat' dir='ltr'>condicio</span> <span class='ocrx_word' id='word_1_282' title='bbox 223 3974 374 4030; x_wconf 89' lang='lat' dir='ltr'>habeatur.</span> 
     </span>
    </p>

    <p class='ocr_par' dir='ltr' id='par_1_13' title="bbox 62 4045 1170 4405">
     <span class='ocr_line' id='line_1_41' title="bbox 101 4045 1168 4119; baseline 0 -17"><span class='ocrx_word' id='word_1_283' title='bbox 101 4047 128 4102; x_wconf 83' lang='lat'>3.</span> <span class='ocrx_word' id='word_1_284' title='bbox 152 4046 199 4100; x_wconf 90' lang='lat' dir='ltr'>Ad</span> <span class='ocrx_word' id='word_1_285' title='bbox 212 4045 400 4101; x_wconf 89' lang='lat' dir='ltr'>devotionern</span> <span class='ocrx_word' id='word_1_286' title='bbox 417 4047 446 4101; x_wconf 91' lang='lat' dir='ltr'>in</span> <span class='ocrx_word' id='word_1_287' title='bbox 464 4048 570 4112; x_wconf 82' lang='lat' dir='ltr'>lesum,</span> <span class='ocrx_word' id='word_1_288' title='bbox 587 4049 711 4103; x_wconf 87' lang='lat' dir='ltr'>Mariam</span> <span class='ocrx_word' id='word_1_289' title='bbox 732 4061 761 4103; x_wconf 89' lang='lat' dir='ltr'>et</span> <span class='ocrx_word' id='word_1_290' title='bbox 782 4047 886 4117; x_wconf 90' lang='lat' dir='ltr'>loseph</span> <span class='ocrx_word' id='word_1_291' title='bbox 906 4047 997 4117; x_wconf 90' lang='lat' dir='ltr'>magis</span> <span class='ocrx_word' id='word_1_292' title='bbox 1017 4047 1168 4119; x_wconf 85' lang='lat' dir='ltr'>magisque</span> 
     </span>
     <span class='ocr_line' id='line_1_42' title="bbox 63 4117 1168 4189; baseline 0 -18"><span class='ocrx_word' id='word_1_293' title='bbox 63 4117 235 4180; x_wconf 77' lang='lat' dir='ltr'>fovendam,</span> <span class='ocrx_word' id='word_1_294' title='bbox 256 4117 394 4189; x_wconf 89' lang='lat' dir='ltr'>implorat</span> <span class='ocrx_word' id='word_1_295' title='bbox 409 4133 516 4178; x_wconf 87' lang='lat' dir='ltr'>orator.</span> <span class='ocrx_word' id='word_1_296' title='bbox 532 4133 564 4174; x_wconf 89' lang='lat' dir='ltr'>ut</span> <span class='ocrx_word' id='word_1_297' title='bbox 575 4117 720 4183; x_wconf 86' lang='lat' dir='ltr'>fidelibus,</span> <span class='ocrx_word' id='word_1_298' title='bbox 736 4136 841 4174; x_wconf 89' lang='lat' dir='ltr'>eorum</span> <span class='ocrx_word' id='word_1_299' title='bbox 851 4119 972 4172; x_wconf 90' lang='lat' dir='ltr'>nomina</span> <span class='ocrx_word' id='word_1_300' title='bbox 987 4118 1168 4174; x_wconf 87' lang='lat' dir='ltr'>coniunctim</span> 
     </span>
     <span class='ocr_line' id='line_1_43' title="bbox 62 4188 1169 4260; baseline 0.001 -18"><span class='ocrx_word' id='word_1_301' title='bbox 62 4188 285 4254; x_wconf 85' lang='lat' dir='ltr'>invocantibus,</span> <span class='ocrx_word' id='word_1_302' title='bbox 314 4189 412 4260; x_wconf 91' lang='lat' dir='ltr'>prouti</span> <span class='ocrx_word' id='word_1_303' title='bbox 442 4189 712 4260; x_wconf 85' lang='lat' dir='ltr'>frequentissimum</span> <span class='ocrx_word' id='word_1_304' title='bbox 746 4191 776 4244; x_wconf 90' lang='lat' dir='ltr'>in</span> <span class='ocrx_word' id='word_1_305' title='bbox 808 4190 960 4258; x_wconf 84' lang='lat' dir='ltr'>Hispania,</span> <span class='ocrx_word' id='word_1_306' title='bbox 992 4191 1169 4244; x_wconf 89' lang='lat' dir='ltr'>concedatur</span> 
     </span>
     <span class='ocr_line' id='line_1_44' title="bbox 63 4259 1169 4333; baseline 0.002 -19"><span class='ocrx_word' id='word_1_307' title='bbox 63 4261 175 4316; x_wconf 87' lang='lat' dir='ltr'>totiens</span> <span class='ocrx_word' id='word_1_308' title='bbox 186 4259 324 4332; x_wconf 89' lang='lat' dir='ltr'>quotiens</span> <span class='ocrx_word' id='word_1_309' title='bbox 340 4259 523 4332; x_wconf 85' lang='lat' dir='ltr'>Indulgentia</span> <span class='ocrx_word' id='word_1_310' title='bbox 537 4273 648 4333; x_wconf 91' lang='lat' dir='ltr'>septem</span> <span class='ocrx_word' id='word_1_311' title='bbox 658 4279 807 4316; x_wconf 89' lang='lat' dir='ltr'>annorum</span> <span class='ocrx_word' id='word_1_312' title='bbox 817 4260 998 4332; x_wconf 87' lang='lat' dir='ltr'>totidemque</span> <span class='ocrx_word' id='word_1_313' title='bbox 1010 4263 1169 4332; x_wconf 86' lang='lat' dir='ltr'>quadrage-</span> 
     </span>
     <span class='ocr_line' id='line_1_45' title="bbox 63 4331 1170 4405; baseline 0 -19"><span class='ocrx_word' id='word_1_314' title='bbox 63 4348 192 4400; x_wconf 72' lang='lat' dir='ltr'>narum,</span> <span class='ocrx_word' id='word_1_315' title='bbox 218 4346 272 4386; x_wconf 89' lang='lat' dir='ltr'>nec</span> <span class='ocrx_word' id='word_1_316' title='bbox 290 4347 352 4386; x_wconf 89' lang='lat' dir='ltr'>non</span> <span class='ocrx_word' id='word_1_317' title='bbox 369 4331 502 4387; x_wconf 87' lang='lat' dir='ltr'>Plenaria</span> <span class='ocrx_word' id='word_1_318' title='bbox 516 4335 605 4388; x_wconf 90' lang='lat' dir='ltr'>semel</span> <span class='ocrx_word' id='word_1_319' title='bbox 625 4334 656 4387; x_wconf 91' lang='lat' dir='ltr'>in</span> <span class='ocrx_word' id='word_1_320' title='bbox 675 4349 776 4388; x_wconf 88' lang='lat' dir='ltr'>mense</span> <span class='ocrx_word' id='word_1_321' title='bbox 797 4332 947 4401; x_wconf 89' lang='lat' dir='ltr'>lucranda,</span> <span class='ocrx_word' id='word_1_322' title='bbox 964 4350 1018 4405; x_wconf 91' lang='lat' dir='ltr'>pro</span> <span class='ocrx_word' id='word_1_323' title='bbox 1033 4333 1086 4389; x_wconf 90' lang='lat' dir='ltr'>rite</span> <span class='ocrx_word' id='word_1_324' title='bbox 1101 4349 1170 4388; x_wconf 92' lang='lat' dir='ltr'>con·</span> 
     </span>
    </p>
   </div>
   <div class='ocr_carea' id='block_1_11' title="bbox 1220 1044 1384 1221">
    <p class='ocr_par' dir='ltr' id='par_1_14' title="bbox 1220 1044 1384 1221">
     <span class='ocr_line' id='line_1_46' title="bbox 1249 1044 1383 1093; baseline -0.015 0"><span class='ocrx_word' id='word_1_325' title='bbox 1249 1044 1310 1093; x_wconf 73' lang='lat' dir='ltr'>Dae</span> <span class='ocrx_word' id='word_1_326' title='bbox 1329 1046 1383 1092; x_wconf 84' lang='lat' dir='ltr'>Aa·</span> 
     </span>
     <span class='ocr_line' id='line_1_47' title="bbox 1220 1105 1384 1161; baseline -0.018 -8"><span class='ocrx_word' id='word_1_327' title='bbox 1220 1105 1323 1153; x_wconf 78' lang='lat' dir='ltr'>dienlias</span> <span class='ocrx_word' id='word_1_328' title='bbox 1359 1105 1384 1161; x_wconf 83' lang='lat'>(6</span> 
     </span>
     <span class='ocr_line' id='line_1_48' title="bbox 1220 1164 1366 1221; baseline -0.007 -11"><span class='ocrx_word' id='word_1_329' title='bbox 1220 1166 1282 1211; x_wconf 77' lang='lat' dir='ltr'>maii</span> <span class='ocrx_word' id='word_1_330' title='bbox 1288 1164 1366 1221; x_wconf 76' lang='lat'>1900).</span> 
     </span>
    </p>
   </div>
   <div class='ocr_carea' id='block_1_12' title="bbox 1216 1331 1383 1751">
    <p class='ocr_par' dir='ltr' id='par_1_15' title="bbox 1216 1331 1382 1509">
     <span class='ocr_line' id='line_1_49' title="bbox 1249 1331 1363 1381; baseline -0.035 0"><span class='ocrx_word' id='word_1_331' title='bbox 1249 1331 1363 1381; x_wconf 77' lang='lat' dir='ltr'>Instilalt&#39;</span> 
     </span>
     <span class='ocr_line' id='line_1_50' title="bbox 1220 1388 1382 1439; baseline -0.037 0"><span class='ocrx_word' id='word_1_332' title='bbox 1220 1404 1304 1439; x_wconf 80' lang='lat' dir='ltr'>namen</span> <span class='ocrx_word' id='word_1_333' title='bbox 1318 1388 1382 1435; x_wconf 81' lang='lat' dir='ltr'>sedes</span> 
     </span>
     <span class='ocr_line' id='line_1_51' title="bbox 1216 1445 1370 1509; baseline -0.013 -14"><span class='ocrx_word' id='word_1_334' title='bbox 1216 1445 1370 1509; x_wconf 70' lang='lat' dir='ltr'>principalis.</span> 
     </span>
    </p>

    <p class='ocr_par' dir='ltr' id='par_1_16' title="bbox 1218 1529 1383 1751">
     <span class='ocr_line' id='line_1_52' title="bbox 1251 1529 1375 1576; baseline -0.032 0"><span class='ocrx_word' id='word_1_335' title='bbox 1251 1529 1375 1576; x_wconf 81' lang='lat' dir='ltr'>Constitu·</span> 
     </span>
     <span class='ocr_line' id='line_1_53' title="bbox 1222 1588 1381 1643; baseline -0.013 -10"><span class='ocrx_word' id='word_1_336' title='bbox 1222 1588 1312 1634; x_wconf 80' lang='lat' dir='ltr'>lionam</span> <span class='ocrx_word' id='word_1_337' title='bbox 1340 1589 1381 1643; x_wconf 79' lang='lat' dir='ltr'>ap·</span> 
     </span>
     <span class='ocr_line' id='line_1_54' title="bbox 1218 1640 1383 1705; baseline -0.018 -14"><span class='ocrx_word' id='word_1_338' title='bbox 1218 1645 1329 1705; x_wconf 74' lang='lat' dir='ltr'>probatio</span> <span class='ocrx_word' id='word_1_339' title='bbox 1349 1640 1383 1688; x_wconf 86' lang='lat' dir='ltr'>ad</span> 
     </span>
     <span class='ocr_line' id='line_1_55' title="bbox 1221 1702 1367 1751; baseline -0.021 -2"><span class='ocrx_word' id='word_1_340' title='bbox 1221 1702 1367 1751; x_wconf 69' lang='lat' dir='ltr'>sexennium.</span> 
     </span>
    </p>
   </div>
   <div class='ocr_carea' id='block_1_13' title="bbox 1221 1904 1370 2023">
    <p class='ocr_par' dir='ltr' id='par_1_17' title="bbox 1221 1904 1370 2023">
     <span class='ocr_line' id='line_1_56' title="bbox 1251 1904 1354 1964; baseline 0 -13"><span class='ocrx_word' id='word_1_341' title='bbox 1251 1904 1310 1951; x_wconf 81' lang='lat' dir='ltr'>Dies</span> <span class='ocrx_word' id='word_1_342' title='bbox 1330 1907 1354 1964; x_wconf 88' lang='lat'>(7</span> 
     </span>
     <span class='ocr_line' id='line_1_57' title="bbox 1221 1964 1370 2023; baseline 0.007 -12"><span class='ocrx_word' id='word_1_343' title='bbox 1221 1964 1282 2011; x_wconf 78' lang='lat' dir='ltr'>maii</span> <span class='ocrx_word' id='word_1_344' title='bbox 1292 1968 1370 2023; x_wconf 84' lang='lat'><strong>1906).</strong></span> 
     </span>
    </p>
   </div>
   <div class='ocr_carea' id='block_1_14' title="bbox 1219 3003 1341 3103">
    <p class='ocr_par' dir='ltr' id='par_1_18' title="bbox 1219 3003 1341 3103">
     <span class='ocr_line' id='line_1_58' title="bbox 1249 3003 1341 3050; baseline -0.033 0"><span class='ocrx_word' id='word_1_345' title='bbox 1249 3003 1341 3050; x_wconf 78' lang='lat' dir='ltr'>Orator</span> 
     </span>
     <span class='ocr_line' id='line_1_59' title="bbox 1219 3061 1314 3103; baseline 0.011 -1"><span class='ocrx_word' id='word_1_346' title='bbox 1219 3061 1314 3103; x_wconf 73' lang='lat' dir='ltr'>Petit:</span> 
     </span>
    </p>
   </div>
   <div class='ocr_carea' id='block_1_15' title="bbox 1247 3138 1422 3197">
    <p class='ocr_par' dir='ltr' id='par_1_19' title="bbox 1247 3138 1422 3197">
     <span class='ocr_line' id='line_1_60' title="bbox 1247 3138 1422 3197; baseline 0 -13"><span class='ocrx_word' id='word_1_347' title='bbox 1247 3155 1271 3184; x_wconf 76' lang='grc' dir='ltr'>Ι.</span> <span class='ocrx_word' id='word_1_348' title='bbox 1288 3138 1326 3184; x_wconf 79' lang='lat' dir='ltr'>De</span> <span class='ocrx_word' id='word_1_349' title='bbox 1343 3138 1384 3184; x_wconf 80' lang='lat' dir='ltr'>in·</span> <span class='ocrx_word' id='word_1_350' title='bbox 1419 3192 1422 3197; x_wconf 32' lang='grc' dir='ltr'>Ι</span> 
     </span>
    </p>
   </div>
   <div class='ocr_carea' id='block_1_16' title="bbox 1218 3197 1359 3417">
    <p class='ocr_par' dir='ltr' id='par_1_20' title="bbox 1218 3197 1359 3417">
     <span class='ocr_line' id='line_1_61' title="bbox 1220 3197 1351 3250; baseline -0.023 -8"><span class='ocrx_word' id='word_1_351' title='bbox 1220 3197 1351 3250; x_wconf 76' lang='lat' dir='ltr'>vocatione,</span> 
     </span>
     <span class='ocr_line' id='line_1_62' title="bbox 1221 3253 1358 3300; baseline -0.007 -2"><span class='ocrx_word' id='word_1_352' title='bbox 1221 3271 1231 3298; x_wconf 83' lang='grc' dir='ltr'>ι</span> <span class='ocrx_word' id='word_1_353' title='bbox 1244 3253 1293 3300; x_wconf 84' lang='lat' dir='ltr'>Cor</span> <span class='ocrx_word' id='word_1_354' title='bbox 1303 3253 1319 3299; x_wconf 87' lang='lat' dir='ltr'><em>I</em></span> <span class='ocrx_word' id='word_1_355' title='bbox 1320 3266 1358 3299; x_wconf 85' lang='lat' dir='ltr'>esu</span> 
     </span>
     <span class='ocr_line' id='line_1_63' title="bbox 1218 3310 1359 3358; baseline -0.014 0"><span class='ocrx_word' id='word_1_356' title='bbox 1218 3310 1359 3358; x_wconf 76' lang='lat' dir='ltr'>sacratissi-</span> 
     </span>
     <span class='ocr_line' id='line_1_64' title="bbox 1219 3382 1314 3417; baseline -0.021 -1"><span class='ocrx_word' id='word_1_357' title='bbox 1219 3382 1292 3417; x_wconf 86' lang='lat' dir='ltr'>mum.</span> <span class='ocrx_word' id='word_1_358' title='bbox 1305 3384 1314 3410; x_wconf 76' lang='lat' dir='ltr'>i</span> 
     </span>
    </p>
   </div>
   <div class='ocr_carea' id='block_1_17' title="bbox 1221 3566 1384 3905">
    <p class='ocr_par' dir='ltr' id='par_1_21' title="bbox 1221 3566 1384 3905">
     <span class='ocr_line' id='line_1_65' title="bbox 1249 3566 1384 3627; baseline -0.03 -12"><span class='ocrx_word' id='word_1_359' title='bbox 1249 3571 1274 3615; x_wconf 74' lang='lat'>2.</span> <span class='ocrx_word' id='word_1_360' title='bbox 1290 3567 1327 3627; x_wconf 85' lang='lat' dir='ltr'>Dc</span> <span class='ocrx_word' id='word_1_361' title='bbox 1344 3566 1384 3612; x_wconf 81' lang='lat' dir='ltr'>in-</span> 
     </span>
     <span class='ocr_line' id='line_1_66' title="bbox 1221 3627 1350 3678; baseline -0.023 -5"><span class='ocrx_word' id='word_1_362' title='bbox 1221 3627 1350 3678; x_wconf 79' lang='lat' dir='ltr'>vocatione,</span> 
     </span>
     <span class='ocr_line' id='line_1_67' title="bbox 1223 3681 1384 3729; baseline -0.006 -1"><span class='ocrx_word' id='word_1_363' title='bbox 1223 3684 1303 3729; x_wconf 71' lang='lat' dir='ltr'>«Dan</span> <span class='ocrx_word' id='word_1_364' title='bbox 1317 3681 1384 3727; x_wconf 84' lang='lat' dir='ltr'>Nos·</span> 
     </span>
     <span class='ocr_line' id='line_1_68' title="bbox 1222 3740 1346 3787; baseline 0 -1"><span class='ocrx_word' id='word_1_365' title='bbox 1222 3748 1260 3787; x_wconf 83' lang='lat' dir='ltr'>lra</span> <span class='ocrx_word' id='word_1_366' title='bbox 1270 3740 1346 3786; x_wconf 79' lang='lat' dir='ltr'>SSmi</span> 
     </span>
     <span class='ocr_line' id='line_1_69' title="bbox 1221 3800 1365 3845; baseline -0.014 0"><span class='ocrx_word' id='word_1_367' title='bbox 1221 3800 1365 3845; x_wconf 81' lang='lat' dir='ltr'>Sacramen-</span> 
     </span>
     <span class='ocr_line' id='line_1_70' title="bbox 1223 3859 1275 3905; baseline -0.038 -3"><span class='ocrx_word' id='word_1_368' title='bbox 1223 3859 1250 3905; x_wconf 81' lang='lat' dir='ltr'>ri.</span> <span class='ocrx_word' id='word_1_369' title='bbox 1266 3872 1275 3900; x_wconf 74' lang='lat' dir='ltr'>i</span> 
     </span>
    </p>
   </div>
   <div class='ocr_carea' id='block_1_18' title="bbox 1222 4073 1385 4236">
    <p class='ocr_par' dir='ltr' id='par_1_22' title="bbox 1222 4073 1385 4236">
     <span class='ocr_line' id='line_1_71' title="bbox 1246 4073 1384 4121; baseline -0.029 -1"><span class='ocrx_word' id='word_1_370' title='bbox 1246 4079 1269 4121; x_wconf 80' lang='grc'>3.</span> <span class='ocrx_word' id='word_1_371' title='bbox 1282 4073 1384 4120; x_wconf 76' lang='lat' dir='ltr'>lavara-</span> 
     </span>
     <span class='ocr_line' id='line_1_72' title="bbox 1223 4131 1385 4177; baseline -0.025 0"><span class='ocrx_word' id='word_1_372' title='bbox 1223 4134 1256 4177; x_wconf 79' lang='lat' dir='ltr'>la&#39;a</span> <span class='ocrx_word' id='word_1_373' title='bbox 1281 4131 1385 4176; x_wconf 78' lang='lat' dir='ltr'>Sanctae</span> 
     </span>
     <span class='ocr_line' id='line_1_73' title="bbox 1222 4187 1353 4236; baseline -0.015 0"><span class='ocrx_word' id='word_1_374' title='bbox 1222 4187 1353 4236; x_wconf 78' lang='lat' dir='ltr'>Familiae.</span> 
     </span>
    </p>
   </div>
   <div class='ocr_carea' id='block_1_19' title="bbox 0 0 1484 4900">
    <p class='ocr_par' dir='ltr' id='par_1_23' title="bbox 0 0 1484 4900">
     <span class='ocr_line' id='line_1_74' title="bbox 0 0 1484 4900; baseline 0 1"><span class='ocrx_word' id='word_1_375' title='bbox 0 0 1484 4900; x_wconf 95' lang='lat' dir='ltr'> </span> 
     </span>
    </p>
   </div>
  </div>
 </body>
</html>
