2959 4900
307 273 347 336 58
750 293 956 330 surrruuuurn

350 438 383 519 e)
403 435 524 502 Donec
541 433 756 501 sollemniter
768 431 897 499 fuerint
912 433 1071 520 professi,
1086 446 1235 521 possunt
1251 453 1271 500 a
1285 431 1384 519 Supe·

306 522 397 590 riore
419 523 571 612 generali
595 543 677 590 cum
697 543 763 589 suo
780 521 937 590 Consilio
954 521 1055 605 (facta
1070 522 1222 610 quadam
1239 521 1385 588 subdele-

306 613 411 702 gandi
427 625 607 702 potestate,
637 611 840 698 praesertim
863 632 928 700 pro
943 610 1030 678 locis
1046 611 1189 696 dissitis)
1206 610 1335 678 dimitti
1350 610 1386 676 ab

309 702 473 770 instituto
486 701 660 792 religiose.
677 700 730 767 Ad
744 721 853 789 quam
867 698 1113 767 dimissionem
1125 699 1385 783 decernendam,

306 811 369 858 nec
385 812 569 879 processus
585 783 861 878 requiritur'nee
881 788 1002 856 iudicii
1027 789 1163 876 forma,
1191 787 1387 878 Superiores

305 895 422 947 tamen
453 880 672 968 «procedere
699 878 827 946 debent
854 899 993 946 summa
1016 879 1169 964 caritate,
1196 876 1385 967 prudentia,

306 984 339 1037 et
354 990 394 1036 ex
409 968 509 1038 iustis
525 984 558 1036 et
573 968 839 1036 rationabilibus
855 967 981 1055 causis,
1000 989 1225 1056 quacumque
1241 968 1387 1034 humana

306 1058 487 1126 affectione
518 1073 663 1143 remota,
701 1078 800 1124 secus
839 1077 963 1135 eorum
1001 1056 1212 1124 conscientia
1247 1055 1389 1144 graviter

306 1162 446 1215 onerata
462 1162 641 1214 remaneat
662 1171 675 1208 r
698 1153 721 1213 ¹.

353 1247 568 1314 Dimissione
595 1260 712 1314 autem
728 1248 899 1313 tolluntur
922 1259 1016 1332 vota,
1042 1247 1140 1334 quasi
1171 1247 1253 1313 huic
1280 1243 1390 1313 condi·

303 1336 398 1404 cioni
414 1336 514 1404 tacite
531 1335 695 1403 obnoxia.

352 1461 382 1504 2.
416 1438 551 1505 Recens
582 1454 712 1523 autern,
746 1437 765 1504 3
794 1435 876 1504 maii
906 1459 1002 1526 1902,
1028 1437 1168 1504 decreto
1192 1435 1388 1527 Perpenrir,
1459 1465 1460 1468 ¹

309 1527 382 1594 Leo
397 1527 492 1606 Xlll
513 1526 739 1615 professionis
762 1526 932 1614 simplicis
947 1527 1062 1616 legem
1078 1527 1230 1594 traduxit
1255 1526 1298 1594 ad
1318 1527 1389 1592 Mo·

305 1617 426 1700 nieles,
446 1615 513 1682 nisi
530 1616 625 1704 quod
642 1615 763 1683 dilatio
788 1614 1012 1703 professionis
1028 1617 1212 1683 sollemnis
1236 1615 1390 1682 commit·

306 1707 388 1772 titur
412 1704 602 1773 Ordinatio
629 1707 683 1772 vel
712 1703 892 1793 Superiori
924 1706 1077 1792 generali
1106 1725 1167 1771 seu
1192 1701 1390 1806 provinciali

307 1795 349 1878 (si
366 1794 479 1882 agitur
495 1793 539 1918 de2
555 1793 776 1862 monasteriis
791 1795 987 1883 exemptis),
1012 1808 1046 1860 et
1066 1792 1229 1861 dimissio
1256 1792 1292 1862 S.
1315 1791 1390 1861 Sedi

306 1898 509 1952 reservatur.

354 1985 475 2073 ltaque
491 1984 527 2051 in
545 1983 741 2052 Ordinibus
764 1982 950 2072 religiosis,
979 2006 1061 2052 cum
1088 1984 1130 2050 ad
1159 1984 1270 2051 finem
1286 1982 1392 2071 vergit

306 2075 473 2162 simplicis
496 2073 722 2162 professionis
749 2073 914 2161 spatium,
940 2074 1076 2162 cogitur
1092 2071 1287 2162 capitulum
1304 2072 1392 2139 unde

307 2163 509 2251 simpliciter
524 2163 668 2251 professi
686 2162 929 2249 excluduntur,
958 2163 995 2229 in
1019 2184 1104 2250 qu0,
1123 2162 1262 2229 secretis
1279 2161 1392 2228 suffra·

306 2255 384 2341 giis,
403 2254 446 2318 de
462 2251 685 2320 admittendis
701 2252 744 2318 ad
761 2253 971 2319 sollemnem
987 2251 1242 2338 professionem
1259 2268 1391 2317 senten·

306 2344 390 2408 tiam
413 2341 533 2407 dieunt
549 2341 605 2407 cui
622 2340 674 2408 vis
689 2341 780 2408 inest
795 2341 866 2407 voti
883 2341 1116 2408 consultativi.
1138 2341 1219 2407 Hoc
1237 2355 1388 2428 exceptu,

308 2428 474 2519 Superior
486 2431 657 2520 generalis
670 2452 752 2498 cum
764 2452 829 2497 suo
842 2429 1015 2518 Consilio,
1029 2452 1094 2518 pro
1111 2452 1174 2497 sua
1187 2428 1393 2498 conscientia

307 2534 340 2587 et
355 2520 510 2607 arbitrio,
540 2519 667 2606 addita,
696 2520 725 2588 si
754 2519 870 2587 visum
893 2520 1009 2607 fuerit,
1027 2541 1118 2587 nova
1134 2520 1391 2601 informatione,

307 2629 447 2677 causam
464 2608 610 2675 dirimit.

326 2798 332 2811 ἡ
354 2710 460 2795 Hinc,
479 2709 698 2777 subdifficilis
714 2706 825 2778 oritur
849 2710 1009 2799 quaestio
1032 2710 1076 2777 de
1104 2710 1262 2800 legitima
1278 2707 1394 2777 dimis-

308 2801 416 2867 sronis
446 2800 592 2887 tatione,
626 2800 697 2867 sive
729 2821 870 2867 causam
907 2815 1041 2887 spectes
1072 2799 1292 2887 requisitam,
1326 2800 1394 2866 sive

308 2889 455 2955 modum
478 2910 550 2978 quo
577 2888 697 2955 adesse
724 2904 758 2955 et
780 2903 939 2956 constare
954 2888 1068 2956 debet.
1089 2888 1197 2974 Quod
1214 2908 1395 2977 argumen-

306 2993 382 3045 tum
398 2979 616 3067 aliquatenus
633 2998 768 3045 versare
783 2977 887 3068 nobis
903 2991 953 3046 est
969 2979 1204 3066 propositum.
1269 2977 1271 2980 ’

352 3086 594 3153 Observanda
622 3088 819 3170 principia.
849 3117 890 3129 -
926 3078 1016 3166 Ipsis
1046 3078 1223 3167 responsis
1255 3076 1394 3166 praesti·

307 3172 435 3237 tuenda
451 3171 612 3236 videntur
627 3190 738 3257 pauca
754 3167 927 3257 quaedam
943 3166 1113 3256 principia
1140 3167 1183 3233 ad
1208 3166 1394 3235 meliorem

307 3258 356 3325 rei
373 3258 599 3325 intellectum.

357 3384 384 3428 r.
417 3359 586 3427 Dimissio
618 3361 752 3426 nullam
778 3358 933 3425 continet
959 3374 1121 3425 votorum
1150 3356 1393 3440 irritationem,

308 3451 360 3517 vel
376 3449 673 3536 dispensationem
689 3469 751 3515 seu
767 3447 1091 3531 commutationem,
1105 3447 1178 3533 sed,
1193 3446 1222 3513 si
1240 3446 1394 3535 legitime

308 3536 350 3606 sit
365 3538 463 3623 facta,
483 3538 648 3626 adimplet
670 3537 917 3605 resolutoriam
944 3551 1108 3604 votorum
1131 3535 1392 3616 condicionem.

309 3627 532 3713 Dispensatio
556 3626 652 3693 enim
667 3641 831 3693 votorum
847 3626 1129 3693 substantialium
1146 3624 1327 3713 religionis
1344 3637 1396 3691 est

308 3717 346 3786 S.
363 3717 443 3786 Sedi
461 3737 604 3804 prorsus
620 3730 803 3783 reservata.

348 3806 421 3887 ¹Per
452 3818 708 3903 dimissionem,
741 3816 923 3883 communi
954 3814 1134 3903 religionis
1170 3829 1203 3881 et
1240 3812 1396 3881 Instituti
1460 3783 1462 3880 i

307 3910 402 3977 bono
433 3908 638 3994 consulitur,
667 3926 740 3973 non
765 3920 894 3989 autem,
923 3906 1046 3972 saltem
1074 3903 1216 3991 directe,
1242 3902 1397 3993 privatae

337 4194 344 4227 1
360 4192 506 4237 Decretum
516 4187 697 4242 Seuerissimus,
711 4182 816 4233 12iunii
831 4190 894 4237 1858,
905 4197 932 4231 n.
946 4184 984 4231 1v
994 4184 1064 4231 etV.
1289 4227 1292 4233 ,
1326 4229 1330 4235 ,

335 4259 345 4292 ‘2
361 4258 507 4303 Decretum
517 4254 650 4313 Perpenst's,
661 4266 688 4300 n.
701 4252 739 4299 IV
748 4255 776 4299 et
783 4250 847 4298 XII.
859 4250 914 4297 Cfr.
925 4249 1079 4296 Monumenta
1086 4254 1179 4298 nostra
1194 4262 1221 4298 n.
1234 4258 1272 4307 64.
