2959 4900
293 375 411 412 lutumst
426 376 567 414 EFFECTUS
582 376 720 414 VOTORUM
733 376 978 414 Teneonnmotttm
1138 353 1178 416 65

258 553 738 640 supersuunruu
769 512 1013 639 suxruu

186 763 243 827 DE
276 761 507 828 IURIDICIS
539 761 825 829 EFFECTIBUS
857 765 1080 832 VOTORUM

427 863 836 930 TEMPORARIORUM
1015 902 1017 909 ·

132 1061 245 1123 Ratio
267 1051 470 1123 scribendi.
501 1088 542 1101 -
573 1050 617 1117 ln
640 1051 813 1138 praesenti
831 1051 1175 1141 disciplina‘lnstitu-

93 1156 206 1208 torum
233 1159 396 1210 votorum
425 1139 651 1227 simplicium,
671 1143 907 1209 communiter
930 1142 1118 1230 requiritur
1140 1156 1179 1209 ut

93 1231 266 1318 perpetuis
280 1231 368 1297 votis
381 1232 590 1318 temporaria
603 1245 873 1316 praeponantur.
885 1231 1177 1321 Quorum‘legiti·

93 1341 189 1386 mum
205 1319 359 1408 spatium
386 1335 438 1386 est
465 1317 716 1386 recentioribus
736 1319 875 1388 'normis
897 1321 944 1387 ita
968 1320 1175 1388 definitum:

97 1435 107 1472 r
127 1409 211 1476 Tria
228 1409 401 1496 praedicta
413 1423 493 1473 vota
510 1407 748 1496 (paupertatis.
767 1410 931 1477 castitatis
944 1428 977 1476 et
992 1409 1177 1477 oboedien-

93 1499 168 1582 tiae)
186 1499 389 1564 emittantur
401 1497 448 1564 od
463 1517 593 1564 annum
609 1518 671 1585 per
683 1498 870 1587 periodum
882 1499 989 1565 trium
1002 1520 1178 1567 annorum

94 1587 292 1672 minimum,
317 1602 352 1653 et
375 1607 431 1652 sex
456 1606 631 1652 annorum
644 1602 692 1652 'ut
708 1587 859 1655 maxime
876 1592 952 1671 (art.
966 1588 1064 1672 Ι103).
1093 1587 1179 1656 Post

93 1692 157 1743 tres
184 1691 306 1743 annos*
321 1692 484 1742 votorum
508 1675 687 1742 annalium
715 1676 790 1744 fieri
816 1691 940 1765 potest,
959 1677 987 1744 si
1014 1675 1177 1746 instituto

94 1767 210 1852 placet,
230 1765 296 1832 alia
313 1763 482 1852 professio
497 1764 678 1831 triennalis
693 1790 701 1833 :
718 1767 775 1834 ita
797 1787 941 1856 prorsus
963 1779 1002 1832 ut
1017 1767 1178 1834 universa

94 1854 254 1941 periodus
281 1868 445 1921 votorum
475 1868 785 1938 temporaneorum
813 1855 1015 1923 extendatur
1046 1856 1089 1922 ad
1118 1876 1179 1923 sex

95 1964 200 2010 annos
217 1943 411 2010 maximum
428 1946 505 2026 (art.
529 1948 617 2029 104).
640 1968 653 2004 r

31 2061 33 2074 ’
133 2045 268 2112 Verum
284 2044 327 2111 de
344 2044 488 2112 iuridico
504 2060 594 2112 statu
611 2045 737 2133 inquo
761 2061 895 2132 ponant
917 2059 1114 2129 voventem,
1133 2047 1178 2114 de

96 2150 211 2201 mutua
226 2137 386 2202 voventis
402 2149 434 2201 et
461 2132 615 2202 Instituti
640 2133 860 2220 habitudine,
879 2156 980 2223 parce
996 2135 1109 2203 adhuc
1126 2149 1179 2203 est

95 2223 269 2310 scriptum.
305 2224 430 2291 Plures
455 2238 585 2303 tamen,
606 2244 668 2312 per
692 2243 816 2292 eorum
843 2239 1007 2292 votorum
1030 2223 1178 2292 occasio

96 2333 183 2395 nem,
205 2326 404 2380 nascuntur
428 2313 650 2399 quaestiones
677 2333 768 2400 quae
796 2314 956 2381 animum
978 2314 1050 2381 sive
1068 2312 1179 2400 Supe-

95 2401 222 2471 riorum
255 2403 328 2470 sive
363 2402 587 2471 subditorum
626 2422 700 2469 non
738 2403 859 2484 leviter
892 2403 1034 2471 anxium
1068 2402 1179 2471 facere

97 2492 212 2560 solent.
233 2491 409 2579 Quocirca
426 2492 541 2559 visum
559 2506 610 2559 est
633 2506 883 2580 argumentum
906 2493 998 2561 istud
1022 2493 1179 2581 aliquan·

97 2594 167 2647 tum
182 2602 321 2655 versare¹
334 2596 369 2648 et
384 2582 566 2670 explicare.

136 2690 318 2755 Votorum
338 2692 654 2774 temporariorum
675 2690 778 2755 linis.
797 2719 839 2733 -
856 2684 932 2771 Age
948 2704 1065 2770 porr0,
1081 2684 1178 2750 ut'ab

98 2773 282 2841 intentione
313 2774 401 2863 legis
428 2794 610 2841 sumamus
642 2773 797 2860 initium,
825 2772 906 2839 ideo
934 2772 1075 2839 inducta
1098 2786 1180 2840 sunt

98 2860 156 2929 ista
190 2879 272 2931 vota
305 2863 528 2951 temporaria,
562 2877 601 2929 ut
639 2862 772 2929 maiore
807 2862 944 2929 consilii
983 2860 1179 2929 maturitate

99 2967 255 3041 perpetua
271 2951 395 3020 fierent
418 2967 510 3033 vota,
536 2967 570 3019 et
593 2951 767 3019 candidati
784 2952 896 3040 magis
919 2950 1055 3039 probati
1078 2949 1120 3017 ad
1138 2971 1177 3018 ea
1222 3028 1224 3032 ,

100 3041 363 3109 admitterentur.
396 3040 529 3109 Similis
555 3041 673 3129 itaque
700 3054 752 3107 est
779 3061 904 3107 eorum
931 3039 1018 3108 ratio
1042 3054 1075 3105 et
1091 3038 1178 3107 ratio

101 3130 316 3216 professionis
347 3131 515 3219 simplicis
543 3152 625 3219 qua,
654 3130 693 3196 in
721 3128 918 3197 Ordinibus
945 3127 1177 3218 regularibus

100 3238 312 3307 praeparatur
351 3220 521 3308 professio
553 3218 747 3286 sollemnis.
785 3218 945 3306 Utraque
975 3216 1179 3285 ulteriorem

101 3310 266 3394 quandam
294 3311 449 3377 continet
472 3308 730 3397 probationem.
763 3308 858 3375 Illud
889 3323 1007 3375 tamen
1037 3306 1180 3374 interest

101 3393 179 3463 inter
194 3416 394 3486 utramque,
413 3399 508 3488 quod
526 3397 677 3487 simplici
690 3418 754 3464 sua
770 3397 1000 3485 professione,
1014 3397 1179 3464 alumnus

101 3482 236 3555 Ordinis
252 3488 422 3577 regularis
438 3486 588 3576 perfecte
604 3509 641 3555 se
657 3486 762 3554 tradit
785 3486 906 3554 divino
930 3485 1113 3553 famulatui
1141 3485 1179 3552 in

103 3570 257 3645 instituto
285 3598 364 3662 su0,
383 3592 417 3644 et
433 3576 550 3644 minor
570 3589 708 3644 tanturn
732 3589 784 3643 est
805 3575 958 3643 Instituti
982 3573 1176 3663 obligati03

102 3664 178 3731 dum
204 3667 416 3753 temporaria
438 3680 517 3733 vota
544 3666 728 3754 aequalem
752 3666 872 3732 sinunt
898 3685 974 3732 esse
996 3662 1178 3751 obligatio·

102 3770 172 3819 nem
192 3754 344 3823 instituti
363 3770 396 3822 et
412 3754 559 3823 alumni.
574 3754 749 3823 Absoluto
766 3754 1039 3842 enimvotorum
1052 3750 1177 3840 spatio,

102 3840 251 3994 pilumnus
272 3842 438 3912 Instituto
454 3845 524 3911 iam
540 3844 638 3911 nulla
653 3842 802 3911 iuridica
819 3842 1034 3932 obligatione
1051 3862 1120 3931 per
1142 3862 1179 3909 se

121 3948 295 4003 evmcrtur.

141 4032 270 4102 Ordine
302 4048 421 4103 autem
451 4049 531 4103 vota
562 4033 626 4101 ista
661 4032 963 4101 considerabimus
1001 4031 1099 4122 prius
1136 4031 1174 4099 in

105 4132 240 4209 vovente,
265 4124 393 4191 deinde
420 4124 457 4192 in
484 4123 680 4205 Instituto;
707 4138 746 4190 ut
772 4122 925 4211 denique
942 4122 985 4189 de
1000 4122 1033 4187 vi
1050 4120 1177 4189 decreti

105 4207 217 4303 Auctis
242 4212 456 4300 Admodum,
485 4213 581 4301 quod
609 4212 653 4280 ad
681 4232 741 4280 eos
768 4212 829 4300 qui
854 4233 951 4280 sacro
968 4209 1091 4279 ordine
1106 4210 1176 4279 sint

107 4299 260 4389 lusigniti,
279 4304 399 4391 paucis
415 4304 640 4376 disseramus.
916 4327 919 4331 ’
