2959 4900
291 237 329 299 'la
728 256 931 293 sacraturum

289 381 390 479 lium,
414 392 681 460 confessarium
717 391 847 480 eligere
886 413 960 460 non
997 407 1145 482 possunt
1178 390 1246 458 nisi
1286 391 1375 457 inter

291 483 462 574 approbat
462 503 502 550 os
511 503 584 572 pro
601 480 815 548 monialibus

335 593 536 682 Exceptio
529 608 593 658 rsta
620 609 671 657 est
698 591 765 658 hoc
792 591 900 658 modo
922 591 1181 682 intellegenda:
1212 599 1253 681 3)
1284 588 1373 690 Eligi

289 700 400 772 potest
427 681 656 750 confessarius
688 682 749 768 qui
781 701 845 778 pro
877 702 950 747 uno
981 696 1118 749 tanturn
1150 677 1374 780 monasterio,

290 773 445 840 eiusdem
463 790 580 840 tamen
592 769 775 855 dioecesis,
790 769 834 835 sit
850 770 1073 862 approbatus.
1091 771 1175 837 Non
1189 765 1376 857 requiritur

290 877 329 927 ut
387 861 617 928 eneraliorem
656 858 781 925 habeat
815 855 1014 925 facultatem
1047 881 1113 958 pro
1147 856 1373 926 monialibus,

289 955 333 1040 b)
353 885 443 1040 {rigi
460 962 572 1038 potest
589 947 693 1014 etiam
709 947 738 1016 13
754 947 987 1014 confessarius
1004 970 1064 1036 qur
1084 970 1146 1034 pro
1163 946 1377 1015 monialibus

291 1039 356 1107 luit
370 1001 594 1128 approbatuS,
609 1037 771 1124 quamvis
783 1055 860 1103 actu
877 1038 947 1102 iam
960 1038 1101 1120 nonsit,
1120 1035 1317 1104 dummodo
1334 1055 1376 1101 ne

292 1128 394 1196 fuerit
409 1129 599 1196 formaliter
622 1144 779 1192 revocata
806 1126 1012 1214 approbatio
1029 1143 1061 1193 et
1085 1143 1163 1193 actu
1187 1127 1230 1192 sit
1253 1145 1378 1214 appro-

293 1216 393 1285 batus
415 1218 457 1283 ad
482 1214 676 1283 audiendos
698 1215 831 1282 fideles.
862 1215 934 1282 Cfr.
962 1217 1138 1282 declarat.
1167 1216 1377 1282 Brmmcrr

290 1305 390 1384 XIV,
412 1303 585 1373 Celebrut
557 1314 693 1386 tionem,
716 1324 795 1392 749
813 1327 925 1377 11.ιι
942 1305 1118 1391 13331133,
1141 1305 1194 1372 De
1210 1303 1375 1387 rubrlaeo

291 1417 325 1482 p.
350 1396 433 1481 133,
465 1395 625 1475 Bessort,
654 1394 748 1460 REV
779 1393 928 1461 THEOL.
956 1411 1089 1476 FRANq..
1122 1415 1278 1482 rqo4‚p.
1299 1411 1375 1490 249.

292 1490 331 1575 c)
350 1483 387 1552 Si
414 1505 496 1550 vero
528 1483 698 1550 moniales
725 1504 798 1549 non
825 1484 895 1549 sint
921 1487 1138 1568 claustratae,
1168 1498 1316 1572 posunt
1341 1479 1378 1546 in

165 1658 168 1662 Ι
293 1574 503 1662 quibusdam
527 1571 916 1655 33311133,13Ε33133113
941 1574 1107 1660 publicis
1117 1573 1242 1638 3311313
1267 1569 1378 1637 valide

268 1717 270 1722 ,
291 1663 382 1750 apud
400 1663 592 1750 quemlibet
608 1660 859 1728 confessarium
876 1661 1046 1729 confiteri.
1068 1661 1182 1728 iidem
1197 1680 1281 1728 1333
1297 1679 1379 1725 con·

292 1751 421 1818 fessarii
438 1769 539 1818 erunt
557 1773 620 1838 pro
637 1749 790 1816 iubilaeo
806 1767 1053 1838 competentes,

298 1881 368 1927 ·.2
386 1867 587 1932 Absolutio
614 1887 637 1931 a
661 1870 834 1932 censuris
862 1870 904 1932 et
927 1871 1079 1934 casibus
1104 1871 1323 1934 reservatis.
1340 1903 1380 1912 —

295 1949 454 2018 Facultas
485 1952 704 2038 protenditur
732 1951 774 2017 ad
803 1972 920 2018 omnes
947 1974 1059 2035 33333,
1093 1955 1166 2018 sive
1192 1952 1281 2018 intra
1309 1950 1379 2017 sive

295 2053 385 2106 extra
405 2039 608 2106 institutum
633 2054 837 2125 r,eservatos
862 2061 944 2106 cum
973 2061 1119 2108 censura
1147 2043 1199 2107 vel
1227 2040 1304 2107 sine
1326 2059 1377 2138 ea,

293 2129 503 2224 cuicumque
528 2149 697 2227 personae
722 2144 756 2194 et
778 2150 797 2195 a
821 2150 1043 2217 quacumque
1058 2131 1188 2197 fuerint
1203 2128 1378 2212 reservati,

294 2237 322 2283 sr
339 2218 530 2305 dempseris
554 2238 686 2284 crimen
714 2217 947 2285 absolutionis
969 2220 1162 2306 complicis,
1181 2220 1234 2284 vel
1250 2222 1379 2285 calum·

292 2306 429 2372 niosam
459 2308 716 2372 accusationem
739 2308 1003 2392 sollicitationis,
1038 2327 1071 2375 et
1096 2329 1260 2375 censuras
1291 2326 1380 2394 quae

294 2394 416 2463 iudicis
433 2399 603 2463 sententia
619 2414 700 2463 sunt
716 2395 928 2468 nominatim
944 2401 1030 2465 latae
1046 2400 1101 2466 vel
1116 2398 1318 2465 declaratae.

335 2511 521 2578 Absolutio
538 2511 601 2578 ista
618 2533 691 2585 non
707 2511 848 2612 prodest
860 2511 927 2577 nisi
944 2513 980 2577 13
996 2513 1072 2579 1010
1089 2513 1239 2579 interno.
1257 2510 1381 2577 Danda

294 2618 346 2666 est
360 2600 500 2667 servatis
516 2601 695 2667 servandis
712 2616 745 2666 et
761 2601 916 2667 iniuncta
932 2603 1071 2669 salutari
1091 2600 1311 2692 paenitentia.

270 2785 272 2789 ,
337 2709 368 2776 3.
388 2718 636 2809 Dispensatio
659 2718 704 2781 ab
726 2716 1087 2810 irregularitate-
1047 2697 1213 2778 -Haec
1241 2710 1381 2776 facultas

293 2820 366 2865 non
382 2800 528 2867 habetur
543 2821 609 2866 nrsr
627 2798 670 2866 de
686 2802 937 2891 irregularitate
954 2802 1098 2889 occulta,
1128 2821 1217 2888 quae
1240 2814 1381 2887 propter

291 2908 455 2973 censurae
472 2890 696 2956 violationem
712 2890 757 2955 sit
772 2906 956 2958 contracta

294 3024 370 3087 4
390 3008 643 3075 Commutatio
657 3010 911 3070 votorum—
870 3000 1115 3089 —Ercipitur
1139 3018 1259 3067 votum
1283 2999 1381 3066 casti·

295 3108 371 3159 tans
395 3109 593 3189 perpetuae
613 3093 771 3157 absolute
794 3090 988 3176 emissum,
1017 3108 1140 3157 votum
1163 3086 1381 3178 ingrediendi

296 3182 513 3271 religionem,
532 3181 647 3249 stricte
663 3181 791 3265 talem,
814 3195 847 3244 et
864 3193 985 3247 votum
1001 3202 1020 3245 a
1036 3180 1138 3246 tertio
1154 3197 1379 3266 acceptatum.

296 3270 427 3356 Quare,
446 3291 485 3336 ex
507 3271 565 3335 tali
595 3269 765 3353 facultate,
795 3268 1003 3333 commutari
1031 3290 1104 3335 non
1132 3285 1278 3355 possunt
1303 3282 1382 3333 vota

297 3380 387 3460 quae
418 3380 498 3449 pars
529 3374 610 3424 sunt
637 3354 865 3457 professionis
895 3357 1113 3447 religiosae,
1121 3358 1224 3425 etiam
1251 3375 1383 3443 tempo·

297 3449 454 3517 rariae.·
442 3448 653 3532 ·Facultas,
683 3444 720 3511 13
743 3462 822 3511 3313
847 3444 1077 3513 confessionis
1093 3447 1291 3531 exercenda,
1310 3464 1382 3511 non

296 3554 346 3606 est
361 3538 428 3605 nisi
452 3498 716 3604 commutandi
707 3586 717 3620 ,
744 3554 851 3634 quare
867 3536 1126 3625 surrogandum
1142 3555 1189 3603 est
1208 3557 1297 3623 opus
1313 3534 1382 3602 fere

296 3627 529 3714 aequivalens,
545 3642 577 3691 et
590 3624 680 3690 iusta
695 3623 885 3711 requiritur
900 3645 1014 3694 causa.

318 3731 370 3797 5
381 3736 660 3802 Commutatio
649 3752 818 3818 ipsorum
830 3751 986 3816 operum
999 3732 1046 3797 ad
1056 3731 1279 3797 lucrandum
1291 3734 1380 3797 iubi-

295 3826 420 3892 laeum
435 3828 754 3893 necessariorum.
776 3853 817 3865 -
841 3817 895 3882 Ad
924 3817 990 3883 hoc
1014 3817 1202 3904 requiritur
1226 3834 1265 3881 ut
1292 3836 1383 3904 prae·

298 3913 422 4011 scripta
439 3932 545 3998 opera
560 3910 738 3977 moraliter
755 3904 830 3971 fieri
847 3924 1024 3992 nequeant
1046 3928 1066 3971 a
1089 3926 1239 3993 persona
1254 3904 1299 3971 de
1316 3925 1381 3993 qua

298 4000 421 4086 agitur
444 3999 526 4068 Sine
543 3999 708 4087 scrupulo
731 4012 850 4063 tamen
865 4012 914 4060 est
932 3994 1132 4083 agendum,
1150 4002 1227 4080 nec,
1246 4015 1275 4061 31
1265 3994 1382 4062 bona

295 4087 367 4157 fide
394 4111 448 4158 133
475 4090 697 4177 transigatur,
716 4082 852 4151 videtur
868 4083 910 4149 de
935 4086 1050 4150 valore
1074 4104 1148 4151 esse
1172 4046 1263 4151 sefio
1287 4082 1383 4151 dubi·

296 4179 453 4247 tandum
473 4178 555 4246 su
534 4195 603 4247 rus
619 4198 674 4245 res
690 4187 913 4262 componrtur
926 4194 963 4239 tn
979 4186 1206 4241 sacramento
