2959 4900
244 327 307 391 -148
700 350 881 387 ntorvuuaura

336 510 435 599 145.
458 560 497 571 -
522 521 557 597 s.
583 522 618 594 n.
643 520 800 593 lanata
824 520 876 593 er
899 523 961 595 ss.
987 524 1254 598 retinuimus

332 690 594 751 RESCRIPTUM
609 692 667 749 EX
682 690 910 748 Aburnium
928 692 1005 751 ssm
1023 695 1062 752 13
1078 696 1159 751 wll.
1181 694 1266 751 1906

248 845 460 919 sammua·
479 844 620 917 gratiae
635 856 701 914 pro
713 842 816 903 lutis
829 843 919 904 viae
931 805 1121 927 dolorosae
1138 846 1179 903 n.
1200 845 1243 905 N.
1265 844 1294 904 1.
1309 844 1342 901 e.

481 927 683 999 aesopiam
703 927 921 986 Gandiornnt
940 929 979 987 B.
1000 929 1047 985 Μ.
1066 929 1108 989 V.
1166 967 1168 970 -

286 1089 386 1145 Frater
420 1088 625 1143 bonaventura
656 1085 796 1154 Murrani,
832 1087 1008 1145 Procurator
1040 1086 1190 1144 Generalis
1223 1085 1345 1143 Ordinis

250 1160 386 1217 Fratrum
402 1160 560 1221 Minorum,
577 1160 613 1214 ad
628 1158 715 1235 pedes
731 1156 898 1216 Sanctitatis
912 1160 1031 1215 Vestrae
1045 1159 1220 1235 provolutus
1234 1157 1344 1214 humil·

249 1231 320 1289 lime
331 1234 412 1307 petit,
428 1244 461 1285 ut
483 1231 585 1287 eadem
605 1230 749 1285 Sanctitas
772 1230 873 1285 Vestra
887 1246 940 1303 pro
961 1230 1070 1287 Festis:
1086 1235 1117 1302 a)
1133 1230 1345 1301 Mysteriorum

249 1303 322 1359 Viae
350 1303 509 1358 Dolorosae
534 1301 629 1373 (Feria
653 1301 693 1355 Vl
722 1312 790 1359 ante
816 1303 1002 1357 Dominicam
1028 1304 1065 1357 Se
1087 1300 1288 1373 tuagesimae),
1316 1312 1345 1355 et

250 1374 277 1445 b)
293 1376 410 1446 Septem
433 1372 616 1428 Gaudiorum
641 1372 747 1430 Beatae
771 1372 882 1428 Mariae
903 1373 1031 1449 Virginis
1055 1320 1224 1442 (bominica
1244 1373 1256 1427 l
1278 1381 1345 1445 post

250 1447 390 1503 Octavam
404 1446 622 1517 Assumptionis
635 1444 766 1499 eiusdem
783 1445 887 1498 Beatae
901 1448 1014 1502 Mariae
1027 1444 1176 1517 Virginis),
1187 1454 1344 1516 sequentes

249 1516 414 1590 spirituales
429 1514 534 1587 gratias
548 1515 673 1586 benigne
686 1516 844 1570 concedere
858 1515 1003 1587 dignetur,
1020 1531 1144 1588 nempe:

287 1588 309 1643 l.
330 1588 556 1651 Absolutionem
576 1586 742 1658 generalem
757 1586 906 1641 Fratribus
929 1603 963 1641 ac
977 1586 1135 1643 Sororibus
1153 1584 1243 1641 trium
1259 1582 1344 1640 Ordi-

250 1675 323 1715 num
350 1658 539 1731 Regularium
570 1657 804 1729 impertiendam,
836 1660 935 1730 prouti
961 1658 992 1713 in
1018 1659 1084 1713 aliis
1115 1658 1208 1713 Festis
1234 1654 1343 1711 Christi

252 1730 370 1787 Domini
386 1746 507 1801 eiusque
522 1728 708 1788 Beatissimae
724 1728 827 1785 Matris
839 1747 897 1785 ram
910 1746 1083 1787 concessum
1096 1743 1148 1785 est.

286 1802 325 1856 ll.
349 1804 512 1857 Plenariam
526 1801 738 1872 indulgentiam
754 1801 790 1855 ab
800 1801 939 1856 omnibus
952 1818 985 1855 ex
999 1814 1126 1872 utroque
1138 1816 1209 1855 sexu
1223 1795 1343 1853 Christi-

185 1917 190 1925 .
249 1870 385 1928 fidelibus
408 1872 589 1937 lucrandam,
612 1872 715 1946 quiin
739 1871 874 1943 praefatis
897 1873 1014 1927 duobus
1040 1871 1131 1927 Festis
1159 1868 1284 1927 confessi
1309 1884 1343 1923 ac

250 1943 338 1999 Sacra
364 1945 473 2016 Synaxi
497 1942 606 2006 reiecti,
634 1944 765 2015 aliquam
792 1943 943 1999 ecclesiam
971 1946 1016 1999 vel
1041 1943 1161 2015 aliquod
1188 1940 1342 2015 publicum

249 2015 389 2072 sacellum
402 2015 534 2088 ipsorum
557 2015 692 2070 Fratrum
715 2030 749 2069 ac
761 2014 904 2069 Sororum
917 2015 1020 2070 devote
1040 2014 1225 2082 visitaverint,
1241 2012 1341 2084 ibique

249 2088 285 2141 ad
298 2100 427 2145 mentem
440 2086 605 2151 Sanctitatis
617 2086 737 2143 Vestrae
750 2085 798 2158 pie
807 2085 962 2143 oraverint.

286 2159 323 2213 Et
340 2159 427 2225 Deus,
444 2170 498 2212 etc.
1326 2216 1329 2219 ¹

285 2228 491 2285 Sanctissimus
513 2228 656 2282 Dominus
671 2228 778 2283 Noster
796 2228 863 2283 Pius
878 2228 956 2298 Papa
970 2229 1005 2289 X.
1021 2228 1051 2282 in
1070 2225 1230 2283 Audientia
1242 2222 1340 2280 habita

248 2300 295 2356 die
313 2302 341 2356 13
356 2300 428 2355 iunii
448 2301 515 2373 1906
528 2300 565 2353 ab
586 2298 769 2371 infrascripto
794 2299 942 2354 Cardinali
968 2300 1116 2355 Praefecto
1138 2298 1245 2355 Sacrae
1264 2296 1340 2350 Con-

248 2372 424 2444 gregationis
447 2370 638 2443 lndulgentiis
660 2370 814 2441 Sacrisque
838 2371 979 2442 Reliquiis
999 2369 1189 2443 praepositae,
1215 2367 1339 2438 benigne

248 2443 352 2499 annuit
364 2461 418 2518 pro
431 2443 522 2514 gratia
535 2461 566 2496 in
579 2441 716 2498 omnibus
728 2443 808 2498 iuxta
822 2459 930 2523 preces.
949 2442 1096 2500 Praesenti
1110 2442 1140 2496 in
1165 2453 1339 2514 perpetuum

248 2516 373 2571 valituro
387 2516 437 2569 abs
460 2530 496 2569 ue
515 2513 576 2568 ulla
598 2515 696 2568 Brevis
711 2516 906 2590 expeditione.
922 2516 1081 2588 Contrariis
1104 2511 1339 2588 quibuscumque

248 2603 306 2642 non
320 2587 446 2642 obstanti
470 2601 514 2640 us.
639 2643 641 2646 ,

286 2659 394 2713 Datum
420 2658 540 2724 Romae,
570 2671 586 2710 e
611 2655 770 2712 Secretaria
794 2656 925 2712 eiusdem
950 2657 1055 2711 Sacrae
1085 2651 1336 2728 Congregationis,

248 2729 294 2784 die
311 2729 339 2784 13
355 2728 430 2784 iunii
449 2729 527 2802 1906.

765 2797 801 2851 A.
823 2798 908 2852 Card.
928 2797 1061 2861 Tatrrrr,
1083 2797 1190 2868 Pracs.

638 2881 677 2936 D.
698 2882 818 2951 Paniai,
838 2881 981 2955 Archiap.
1002 2882 1165 2973 Laodicen.
1193 2881 1305 2938 Secret.

678 3067 680 3072 ·
705 3029 883 3084 Annorarro

284 3151 446 3223 Utriusque
459 3149 522 3205 festi
536 3147 680 3205 institutio
690 3164 791 3204 recens
804 3160 846 3202 est
860 3162 887 3202 et
900 3147 1070 3203 continetur
1079 3147 1196 3203 decreto
1211 3165 1245 3217 ¹4
1256 3155 1338 3202 mart.

252 3223 331 3294 1906.
347 3221 407 3278 Cfr.
426 3223 595 3289 Paratomos,
612 3232 632 3276 t.
648 3237 674 3287 a,
686 3237 714 3292 p.
735 3237 793 3291 117,
808 3237 838 3273 n.
854 3227 925 3286 127.

640 3385 960 3394 mm

250 3519 347 3605 146.
369 3571 410 3581 -
433 3531 590 3601 stenar
617 3532 765 3601 anuuit
793 3532 1043 3602 conaretur.
1071 3531 1133 3612 (27
1161 3530 1214 3599 rut.
1242 3527 1342 3609 tana)

355 3704 565 3762 ianuarum
581 3705 635 3758 na
653 3704 775 3759 arasa
797 3705 944 3761 vorrvA
962 3704 992 3757 s.
1012 3676 1235 3759 rainerscr

376 3855 545 3933 'Fratrum
565 3857 744 3912 Minorum
765 3857 973 3913 Provinciae
992 3856 1210 3926 Seraphicae

283 4018 350 4086 Quo
365 4018 460 4072 cultus
480 4029 508 4072 et
527 4016 618 4088 pietas
637 4035 705 4090 erga
728 4017 934 4073 Portiunculae
954 4017 1159 4073 Sanctuarium
1178 4016 1341 4072 Assisiense

247 4089 340 4161 magis
353 4089 504 4160 magisque
526 4087 667 4155 foveatur,
695 4089 962 4144 Reverendissimus
984 4090 1070 4145 Pater
1085 4089 1172 4144 frater
1188 4090 1340 4143 Bonaven-

246 4172 312 4215 tura
332 4160 471 4226 Marranr,
500 4161 675 4214 Procurator
700 4160 849 4216 Generalis
872 4161 990 4215 Ordinis
1011 4161 1145 4215 Fratrum
1175 4160 1338 4225 Minorum,

246 4231 320 4285 votis
340 4247 459 4301 quoque
484 4231 698 4301 Religiosorum
723 4231 897 4303 Seraphicae
916 4231 994 4285 illius
1023 4231 1193 4286 Provinciae
1213 4229 1339 4286 satisfac-

247 4311 340 4368 turus,
356 4301 577 4362 Sanctissimum
590 4302 755 4359 Dominum
769 4304 911 4357 Nostrum
933 4304 1019 4357 Pium
1041 4305 1151 4377 Papam
1164 4304 1192 4358 X
1210 4301 1338 4358 humilli-
