<?xml version="1.0" encoding="UTF-8"?>
<!DOCTYPE html PUBLIC "-//W3C//DTD XHTML 1.0 Transitional//EN"
    "http://www.w3.org/TR/xhtml1/DTD/xhtml1-transitional.dtd">
<html xmlns="http://www.w3.org/1999/xhtml" xml:lang="en" lang="en">
 <head>
  <title>
</title>
<meta http-equiv="Content-Type" content="text/html;charset=utf-8" />
  <meta name='ocr-system' content='tesseract 3.04.00' />
  <meta name='ocr-capabilities' content='ocr_page ocr_carea ocr_par ocr_line ocrx_word'/>
</head>
<body>
  <div class='ocr_page' id='page_1' title='image "./dereligiosisins01vermgoog_0098.png"; bbox 0 0 2959 4900; ppageno 0'>
   <div class='ocr_carea' id='block_1_1' title="bbox 307 290 945 352">
    <p class='ocr_par' dir='ltr' id='par_1_1' title="bbox 307 290 945 352">
     <span class='ocr_line' id='line_1_1' title="bbox 307 290 945 352; baseline 0 -2"><span class='ocrx_word' id='word_1_1' title='bbox 307 290 347 350; x_wconf 83' lang='grc'>91)</span> <span class='ocrx_word' id='word_1_2' title='bbox 616 308 619 314; x_wconf 91' lang='grc'><strong>’</strong></span> <span class='ocrx_word' id='word_1_3' title='bbox 680 309 684 314; x_wconf 87' lang='grc'><strong>’</strong></span> <span class='ocrx_word' id='word_1_4' title='bbox 765 311 945 352; x_wconf 74' lang='lat' dir='ltr'>uoxoxeuxa</span> 
     </span>
    </p>
   </div>
   <div class='ocr_carea' id='block_1_2' title="bbox 304 447 1387 878">
    <p class='ocr_par' dir='ltr' id='par_1_2' title="bbox 304 447 1387 878">
     <span class='ocr_line' id='line_1_2' title="bbox 305 447 1387 524; baseline 0 -22"><span class='ocrx_word' id='word_1_5' title='bbox 305 447 442 503; x_wconf 84' lang='lat' dir='ltr'>haerebat</span> <span class='ocrx_word' id='word_1_6' title='bbox 452 449 488 503; x_wconf 89' lang='lat' dir='ltr'>de</span> <span class='ocrx_word' id='word_1_7' title='bbox 503 448 704 521; x_wconf 85' lang='lat' dir='ltr'>frequentibus</span> <span class='ocrx_word' id='word_1_8' title='bbox 719 449 948 524; x_wconf 83' lang='lat' dir='ltr'>expositionibus</span> <span class='ocrx_word' id='word_1_9' title='bbox 960 448 990 505; x_wconf 93' lang='lat' dir='ltr'>in</span> <span class='ocrx_word' id='word_1_10' title='bbox 1001 449 1165 506; x_wconf 90' lang='lat' dir='ltr'>ostensorio</span> <span class='ocrx_word' id='word_1_11' title='bbox 1175 465 1249 522; x_wconf 88' lang='lat' dir='ltr'>quae</span> <span class='ocrx_word' id='word_1_12' title='bbox 1259 450 1292 503; x_wconf 89' lang='lat' dir='ltr'>in</span> <span class='ocrx_word' id='word_1_13' title='bbox 1304 448 1387 504; x_wconf 89' lang='lat' dir='ltr'>domi·</span> 
     </span>
     <span class='ocr_line' id='line_1_3' title="bbox 305 519 1385 592; baseline -0.001 -19"><span class='ocrx_word' id='word_1_14' title='bbox 305 520 360 573; x_wconf 91' lang='lat' dir='ltr'>bus</span> <span class='ocrx_word' id='word_1_15' title='bbox 378 536 514 575; x_wconf 89' lang='lat' dir='ltr'>sororum</span> <span class='ocrx_word' id='word_1_16' title='bbox 536 520 636 576; x_wconf 90' lang='lat' dir='ltr'>multis</span> <span class='ocrx_word' id='word_1_17' title='bbox 657 520 767 577; x_wconf 87' lang='lat' dir='ltr'>fiebant</span> <span class='ocrx_word' id='word_1_18' title='bbox 786 521 856 575; x_wconf 90' lang='lat' dir='ltr'>anni</span> <span class='ocrx_word' id='word_1_19' title='bbox 878 520 980 578; x_wconf 89' lang='lat' dir='ltr'>diebus</span> <span class='ocrx_word' id='word_1_20' title='bbox 998 522 1044 576; x_wconf 89' lang='lat' dir='ltr'>vel</span> <span class='ocrx_word' id='word_1_21' title='bbox 1067 538 1118 592; x_wconf 92' lang='lat' dir='ltr'>per</span> <span class='ocrx_word' id='word_1_22' title='bbox 1140 534 1232 576; x_wconf 88' lang='lat' dir='ltr'>totam</span> <span class='ocrx_word' id='word_1_23' title='bbox 1251 521 1332 577; x_wconf 91' lang='lat' dir='ltr'>diem</span> <span class='ocrx_word' id='word_1_24' title='bbox 1349 519 1385 573; x_wconf 85' lang='lat' dir='ltr'>vel</span> 
     </span>
     <span class='ocr_line' id='line_1_4' title="bbox 305 591 1386 666; baseline 0 -21"><span class='ocrx_word' id='word_1_25' title='bbox 305 591 407 646; x_wconf 91' lang='lat' dir='ltr'>saltem</span> <span class='ocrx_word' id='word_1_26' title='bbox 420 601 486 662; x_wconf 91' lang='lat' dir='ltr'>post</span> <span class='ocrx_word' id='word_1_27' title='bbox 495 591 615 647; x_wconf 90' lang='lat' dir='ltr'>missam</span> <span class='ocrx_word' id='word_1_28' title='bbox 628 605 656 648; x_wconf 91' lang='lat' dir='ltr'>et</span> <span class='ocrx_word' id='word_1_29' title='bbox 670 609 812 666; x_wconf 82' lang='lat' dir='ltr'>vesperas.</span> <span class='ocrx_word' id='word_1_30' title='bbox 829 593 860 647; x_wconf 85' lang='lat' dir='ltr'>S.</span> <span class='ocrx_word' id='word_1_31' title='bbox 877 591 999 647; x_wconf 88' lang='lat' dir='ltr'>Rituum</span> <span class='ocrx_word' id='word_1_32' title='bbox 1012 591 1206 665; x_wconf 89' lang='lat' dir='ltr'>Congregatio</span> <span class='ocrx_word' id='word_1_33' title='bbox 1223 613 1238 642; x_wconf 74' lang='lat' dir='ltr'>a</span> <span class='ocrx_word' id='word_1_34' title='bbox 1251 610 1317 647; x_wconf 90' lang='lat' dir='ltr'>rem</span> <span class='ocrx_word' id='word_1_35' title='bbox 1329 609 1386 666; x_wconf 89' lang='lat' dir='ltr'>pru-</span> 
     </span>
     <span class='ocr_line' id='line_1_5' title="bbox 305 662 1386 731; baseline 0 -15"><span class='ocrx_word' id='word_1_36' title='bbox 305 662 384 717; x_wconf 90' lang='lat' dir='ltr'>denti</span> <span class='ocrx_word' id='word_1_37' title='bbox 412 662 534 718; x_wconf 90' lang='lat' dir='ltr'>arbitrio</span> <span class='ocrx_word' id='word_1_38' title='bbox 566 664 714 719; x_wconf 89' lang='lat' dir='ltr'>Ordinarii</span> <span class='ocrx_word' id='word_1_39' title='bbox 741 662 861 729; x_wconf 88' lang='lat' dir='ltr'>remisit,</span> <span class='ocrx_word' id='word_1_40' title='bbox 889 675 930 731; x_wconf 91' lang='lat' dir='ltr'>ut,</span> <span class='ocrx_word' id='word_1_41' title='bbox 956 664 1075 719; x_wconf 90' lang='lat' dir='ltr'>remotis</span> <span class='ocrx_word' id='word_1_42' title='bbox 1106 662 1259 718; x_wconf 90' lang='lat' dir='ltr'>cuiuslibet</span> <span class='ocrx_word' id='word_1_43' title='bbox 1288 665 1386 719; x_wconf 88' lang='lat' dir='ltr'>abusus</span> 
     </span>
     <span class='ocr_line' id='line_1_6' title="bbox 304 733 1386 808; baseline -0.002 -20"><span class='ocrx_word' id='word_1_44' title='bbox 304 733 516 803; x_wconf 87' lang='lat' dir='ltr'>occasionibus,</span> <span class='ocrx_word' id='word_1_45' title='bbox 532 735 676 790; x_wconf 90' lang='lat' dir='ltr'>eiusmodi</span> <span class='ocrx_word' id='word_1_46' title='bbox 691 735 888 808; x_wconf 86' lang='lat' dir='ltr'>expositiones</span> <span class='ocrx_word' id='word_1_47' title='bbox 913 752 999 807; x_wconf 88' lang='lat' dir='ltr'>saepe</span> <span class='ocrx_word' id='word_1_48' title='bbox 1018 735 1091 790; x_wconf 87' lang='lat' dir='ltr'>fiant</span> <span class='ocrx_word' id='word_1_49' title='bbox 1111 734 1162 788; x_wconf 91' lang='lat' dir='ltr'>ubi</span> <span class='ocrx_word' id='word_1_50' title='bbox 1183 738 1308 806; x_wconf 81' lang='lat' dir='ltr'>ipsemet</span> <span class='ocrx_word' id='word_1_51' title='bbox 1328 751 1386 790; x_wconf 88' lang='lat' dir='ltr'>con-</span> 
     </span>
     <span class='ocr_line' id='line_1_7' title="bbox 304 805 968 878; baseline 0.003 -18"><span class='ocrx_word' id='word_1_52' title='bbox 304 806 405 861; x_wconf 88' lang='lat' dir='ltr'>cedere</span> <span class='ocrx_word' id='word_1_53' title='bbox 417 805 496 861; x_wconf 92' lang='lat' dir='ltr'>velit.</span> <span class='ocrx_word' id='word_1_54' title='bbox 513 829 528 858; x_wconf 84' lang='grc'><em>»</em></span> <span class='ocrx_word' id='word_1_55' title='bbox 540 805 611 874; x_wconf 83' lang='lat' dir='ltr'>(Cir.</span> <span class='ocrx_word' id='word_1_56' title='bbox 626 806 718 864; x_wconf 89' lang='lat' dir='ltr'>Decr.</span> <span class='ocrx_word' id='word_1_57' title='bbox 733 806 816 862; x_wconf 73' lang='lat' dir='ltr'>auth,</span> <span class='ocrx_word' id='word_1_58' title='bbox 831 824 861 862; x_wconf 92' lang='lat' dir='ltr'>n.</span> <span class='ocrx_word' id='word_1_59' title='bbox 877 807 968 878; x_wconf 84' lang='lat'>3703.)</span> 
     </span>
    </p>
   </div>
   <div class='ocr_carea' id='block_1_3' title="bbox 302 900 1388 1402">
    <p class='ocr_par' dir='ltr' id='par_1_3' title="bbox 302 900 1388 1402">
     <span class='ocr_line' id='line_1_8' title="bbox 341 900 1382 975; baseline -0.001 -19"><span class='ocrx_word' id='word_1_60' title='bbox 341 903 383 958; x_wconf 90' lang='lat' dir='ltr'>De</span> <span class='ocrx_word' id='word_1_61' title='bbox 405 902 468 975; x_wconf 91' lang='lat' dir='ltr'>ipsa</span> <span class='ocrx_word' id='word_1_62' title='bbox 482 916 612 958; x_wconf 88' lang='lat' dir='ltr'>ceterum</span> <span class='ocrx_word' id='word_1_63' title='bbox 628 903 810 975; x_wconf 84' lang='lat' dir='ltr'>expositione</span> <span class='ocrx_word' id='word_1_64' title='bbox 823 919 923 958; x_wconf 89' lang='lat' dir='ltr'>coram</span> <span class='ocrx_word' id='word_1_65' title='bbox 934 903 1052 974; x_wconf 63' lang='lat' dir='ltr'>‚populo</span> <span class='ocrx_word' id='word_1_66' title='bbox 1066 901 1138 956; x_wconf 88' lang='lat' dir='ltr'>dixit</span> <span class='ocrx_word' id='word_1_67' title='bbox 1160 900 1279 956; x_wconf 90' lang='lat' dir='ltr'>retineri</span> <span class='ocrx_word' id='word_1_68' title='bbox 1304 901 1382 956; x_wconf 88' lang='lat' dir='ltr'>etiam</span> 
     </span>
     <span class='ocr_line' id='line_1_9' title="bbox 302 973 1386 1046; baseline -0.002 -18"><span class='ocrx_word' id='word_1_69' title='bbox 302 990 387 1046; x_wconf 91' lang='lat' dir='ltr'>posse</span> <span class='ocrx_word' id='word_1_70' title='bbox 412 973 656 1029; x_wconf 89' lang='lat' dir='ltr'>consuetudinem</span> <span class='ocrx_word' id='word_1_71' title='bbox 680 974 846 1046; x_wconf 89' lang='lat' dir='ltr'>exponendi</span> <span class='ocrx_word' id='word_1_72' title='bbox 874 973 1095 1028; x_wconf 74' lang='lat' dir='ltr'>sanctissimum</span> <span class='ocrx_word' id='word_1_73' title='bbox 1121 973 1343 1029; x_wconf 86' lang='lat' dir='ltr'>Sacramentum</span> <span class='ocrx_word' id='word_1_74' title='bbox 1363 984 1386 1027; x_wconf 88' lang='lat' dir='ltr'>et</span> 
     </span>
     <span class='ocr_line' id='line_1_10' title="bbox 302 1043 1385 1116; baseline 0.001 -18"><span class='ocrx_word' id='word_1_75' title='bbox 302 1060 403 1099; x_wconf 89' lang='lat' dir='ltr'>coram</span> <span class='ocrx_word' id='word_1_76' title='bbox 412 1062 447 1100; x_wconf 91' lang='lat' dir='ltr'>eo</span> <span class='ocrx_word' id='word_1_77' title='bbox 461 1045 581 1100; x_wconf 91' lang='lat' dir='ltr'>missam</span> <span class='ocrx_word' id='word_1_78' title='bbox 595 1045 762 1101; x_wconf 88' lang='lat' dir='ltr'>celebrandi</span> <span class='ocrx_word' id='word_1_79' title='bbox 776 1043 1157 1115; x_wconf 72' lang='lat' dir='ltr'>(occasionenovemdialisl</span> <span class='ocrx_word' id='word_1_80' title='bbox 1169 1044 1199 1097; x_wconf 91' lang='lat' dir='ltr'>in</span> <span class='ocrx_word' id='word_1_81' title='bbox 1213 1061 1271 1116; x_wconf 92' lang='lat' dir='ltr'>qua</span> <span class='ocrx_word' id='word_1_82' title='bbox 1286 1043 1319 1098; x_wconf 91' lang='lat' dir='ltr'>fit</span> <span class='ocrx_word' id='word_1_83' title='bbox 1330 1057 1385 1115; x_wconf 88' lang='lat' dir='ltr'>post</span> 
     </span>
     <span class='ocr_line' id='line_1_11' title="bbox 302 1115 1386 1189; baseline 0 -20"><span class='ocrx_word' id='word_1_84' title='bbox 302 1115 486 1187; x_wconf 88' lang='lat' dir='ltr'>evangelium</span> <span class='ocrx_word' id='word_1_85' title='bbox 499 1116 676 1189; x_wconf 89' lang='lat' dir='ltr'>praedicatio</span> <span class='ocrx_word' id='word_1_86' title='bbox 690 1116 770 1172; x_wconf 85' lang='lat' dir='ltr'>verbi</span> <span class='ocrx_word' id='word_1_87' title='bbox 792 1117 844 1172; x_wconf 90' lang='lat' dir='ltr'>Dei</span> <span class='ocrx_word' id='word_1_88' title='bbox 860 1128 887 1172; x_wconf 93' lang='lat' dir='ltr'>et</span> <span class='ocrx_word' id='word_1_89' title='bbox 900 1115 930 1170; x_wconf 93' lang='lat' dir='ltr'>in</span> <span class='ocrx_word' id='word_1_90' title='bbox 945 1134 1004 1188; x_wconf 89' lang='lat' dir='ltr'>qua</span> <span class='ocrx_word' id='word_1_91' title='bbox 1022 1116 1150 1188; x_wconf 91' lang='lat' dir='ltr'>populus</span> <span class='ocrx_word' id='word_1_92' title='bbox 1163 1115 1302 1188; x_wconf 86' lang='lat' dir='ltr'>frequens</span> <span class='ocrx_word' id='word_1_93' title='bbox 1314 1131 1386 1171; x_wconf 86' lang='lat' dir='ltr'>acce-</span> 
     </span>
     <span class='ocr_line' id='line_1_12' title="bbox 302 1186 1386 1260; baseline 0.001 -21"><span class='ocrx_word' id='word_1_94' title='bbox 302 1186 345 1240; x_wconf 88' lang='lat' dir='ltr'>dit</span> <span class='ocrx_word' id='word_1_95' title='bbox 369 1187 405 1260; x_wconf 83' lang='lat' dir='ltr'>ad</span> <span class='ocrx_word' id='word_1_96' title='bbox 431 1204 544 1243; x_wconf 87' lang='lat' dir='ltr'>sacram</span> <span class='ocrx_word' id='word_1_97' title='bbox 569 1187 712 1260; x_wconf 83' lang='lat' dir='ltr'>synaxim,</span> <span class='ocrx_word' id='word_1_98' title='bbox 743 1189 905 1243; x_wconf 91' lang='lat' dir='ltr'>dummodo</span> <span class='ocrx_word' id='word_1_99' title='bbox 933 1200 1131 1257; x_wconf 85' lang='lat' dir='ltr'>apponeretur</span> <span class='ocrx_word' id='word_1_100' title='bbox 1161 1187 1294 1242; x_wconf 87' lang='lat' dir='ltr'>velamen</span> <span class='ocrx_word' id='word_1_101' title='bbox 1327 1197 1386 1241; x_wconf 88' lang='lat' dir='ltr'>ante</span> 
     </span>
     <span class='ocr_line' id='line_1_13' title="bbox 302 1257 1388 1384; baseline 0.001 -73"><span class='ocrx_word' id='word_1_102' title='bbox 302 1257 524 1384; x_wconf 60' lang='lat' dir='ltr'>Sanctissitpum</span> <span class='ocrx_word' id='word_1_103' title='bbox 543 1259 615 1326; x_wconf 84' lang='lat' dir='ltr'>dum</span> <span class='ocrx_word' id='word_1_104' title='bbox 634 1259 791 1315; x_wconf 88' lang='lat' dir='ltr'>haberetur</span> <span class='ocrx_word' id='word_1_105' title='bbox 813 1258 927 1315; x_wconf 80' lang='lat' dir='ltr'>concio,</span> <span class='ocrx_word' id='word_1_106' title='bbox 952 1259 1054 1328; x_wconf 79' lang='lat' dir='ltr'>(Decr.</span> <span class='ocrx_word' id='word_1_107' title='bbox 1076 1258 1158 1316; x_wconf 84' lang='lat' dir='ltr'>auth.</span> <span class='ocrx_word' id='word_1_108' title='bbox 1187 1275 1219 1314; x_wconf 88' lang='lat' dir='ltr'>n.</span> <span class='ocrx_word' id='word_1_109' title='bbox 1244 1259 1323 1329; x_wconf 81' lang='lat'>3728,</span> <span class='ocrx_word' id='word_1_110' title='bbox 1349 1258 1388 1312; x_wconf 91' lang='lat' dir='ltr'>die</span> 
     </span>
     <span class='ocr_line' id='line_1_14' title="bbox 306 1333 533 1402; baseline 0.009 -20"><span class='ocrx_word' id='word_1_111' title='bbox 306 1347 337 1383; x_wconf 90' lang='lat'>10</span> <span class='ocrx_word' id='word_1_112' title='bbox 348 1345 418 1383; x_wconf 86' lang='lat' dir='ltr'>man</span> <span class='ocrx_word' id='word_1_113' title='bbox 436 1348 445 1382; x_wconf 93' lang='lat'>1</span> <span class='ocrx_word' id='word_1_114' title='bbox 468 1333 533 1402; x_wconf 80' lang='grc' dir='ltr'>9ο.)</span> 
     </span>
    </p>
   </div>
   <div class='ocr_carea' id='block_1_4' title="bbox 301 1424 1456 1784">
    <p class='ocr_par' dir='ltr' id='par_1_4' title="bbox 301 1424 1456 1784">
     <span class='ocr_line' id='line_1_15' title="bbox 339 1424 1443 1496; baseline 0.003 -17"><span class='ocrx_word' id='word_1_115' title='bbox 339 1425 401 1480; x_wconf 91' lang='lat' dir='ltr'>Nec</span> <span class='ocrx_word' id='word_1_116' title='bbox 415 1426 445 1480; x_wconf 92' lang='lat' dir='ltr'>in</span> <span class='ocrx_word' id='word_1_117' title='bbox 458 1425 566 1481; x_wconf 90' lang='lat' dir='ltr'>iudicio</span> <span class='ocrx_word' id='word_1_118' title='bbox 580 1426 616 1480; x_wconf 88' lang='lat' dir='ltr'>de</span> <span class='ocrx_word' id='word_1_119' title='bbox 630 1443 660 1481; x_wconf 90' lang='lat' dir='ltr'>re</span> <span class='ocrx_word' id='word_1_120' title='bbox 676 1426 796 1481; x_wconf 87' lang='lat' dir='ltr'>ferendo</span> <span class='ocrx_word' id='word_1_121' title='bbox 807 1426 968 1481; x_wconf 90' lang='lat' dir='ltr'>omittenda</span> <span class='ocrx_word' id='word_1_122' title='bbox 982 1438 1024 1480; x_wconf 89' lang='lat' dir='ltr'>est</span> <span class='ocrx_word' id='word_1_123' title='bbox 1038 1424 1167 1496; x_wconf 85' lang='lat' dir='ltr'>regionis</span> <span class='ocrx_word' id='word_1_124' title='bbox 1185 1425 1383 1480; x_wconf 82' lang='lat' dir='ltr'>consideratio.</span> <span class='ocrx_word' id='word_1_125' title='bbox 1442 1475 1443 1482; x_wconf 72' lang='grc'>,</span> 
     </span>
     <span class='ocr_line' id='line_1_16' title="bbox 304 1495 1386 1570; baseline 0.001 -21"><span class='ocrx_word' id='word_1_126' title='bbox 304 1498 337 1549; x_wconf 91' lang='grc'>10</span> <span class='ocrx_word' id='word_1_127' title='bbox 352 1496 463 1568; x_wconf 83' lang='lat' dir='ltr'>Belgio,</span> <span class='ocrx_word' id='word_1_128' title='bbox 484 1517 511 1553; x_wconf 85' lang='lat' dir='ltr'>v.</span> <span class='ocrx_word' id='word_1_129' title='bbox 527 1497 609 1570; x_wconf 82' lang='lat' dir='ltr'>g.&#39;ob</span> <span class='ocrx_word' id='word_1_130' title='bbox 627 1497 734 1553; x_wconf 90' lang='lat' dir='ltr'>avitam</span> <span class='ocrx_word' id='word_1_131' title='bbox 748 1497 848 1569; x_wconf 91' lang='lat' dir='ltr'>populi</span> <span class='ocrx_word' id='word_1_132' title='bbox 874 1497 1062 1554; x_wconf 86' lang='lat' dir='ltr'>devotionem</span> <span class='ocrx_word' id='word_1_133' title='bbox 1084 1513 1152 1568; x_wconf 88' lang='lat' dir='ltr'>erga</span> <span class='ocrx_word' id='word_1_134' title='bbox 1172 1495 1386 1552; x_wconf 86' lang='lat' dir='ltr'>Sanctissimum</span> 
     </span>
     <span class='ocr_line' id='line_1_17' title="bbox 302 1567 1385 1644; baseline 0.002 -24"><span class='ocrx_word' id='word_1_135' title='bbox 302 1568 533 1644; x_wconf 81' lang='lat' dir='ltr'>Sacramentum,</span> <span class='ocrx_word' id='word_1_136' title='bbox 549 1568 611 1640; x_wconf 89' lang='lat' dir='ltr'>ipse</span> <span class='ocrx_word' id='word_1_137' title='bbox 626 1569 815 1624; x_wconf 85' lang='lat' dir='ltr'>Innocentius</span> <span class='ocrx_word' id='word_1_138' title='bbox 828 1570 868 1624; x_wconf 91' lang='lat' dir='ltr'>XI</span> <span class='ocrx_word' id='word_1_139' title='bbox 883 1568 992 1641; x_wconf 88' lang='lat' dir='ltr'>pluries</span> <span class='ocrx_word' id='word_1_140' title='bbox 1005 1585 1057 1640; x_wconf 88' lang='lat' dir='ltr'>per</span> <span class='ocrx_word' id='word_1_141' title='bbox 1071 1584 1185 1622; x_wconf 89' lang='lat' dir='ltr'>annum</span> <span class='ocrx_word' id='word_1_142' title='bbox 1201 1567 1385 1638; x_wconf 87' lang='lat' dir='ltr'>Regularibus</span> 
     </span>
     <span class='ocr_line' id='line_1_18' title="bbox 301 1637 1456 1712; baseline 0.002 -20"><span class='ocrx_word' id='word_1_143' title='bbox 301 1638 441 1694; x_wconf 90' lang='lat' dir='ltr'>dioecesis</span> <span class='ocrx_word' id='word_1_144' title='bbox 464 1638 683 1696; x_wconf 90' lang='lat' dir='ltr'>Mechliniensis</span> <span class='ocrx_word' id='word_1_145' title='bbox 703 1640 850 1708; x_wconf 68' lang='lat' dir='ltr'>publicam</span> <span class='ocrx_word' id='word_1_146' title='bbox 878 1639 1009 1712; x_wconf 90' lang='lat' dir='ltr'>permisit</span> <span class='ocrx_word' id='word_1_147' title='bbox 1035 1637 1215 1696; x_wconf 86' lang='lat' dir='ltr'>Sanctissimi</span> <span class='ocrx_word' id='word_1_148' title='bbox 1240 1639 1386 1711; x_wconf 90' lang='lat' dir='ltr'>expositio·</span> <span class='ocrx_word' id='word_1_149' title='bbox 1455 1695 1456 1708; x_wconf 50' lang='lat'>,</span> 
     </span>
     <span class='ocr_line' id='line_1_19' title="bbox 302 1710 1456 1784; baseline 0.001 -20"><span class='ocrx_word' id='word_1_150' title='bbox 302 1727 379 1765; x_wconf 89' lang='lat' dir='ltr'>nem.</span> <span class='ocrx_word' id='word_1_151' title='bbox 395 1710 454 1765; x_wconf 87' lang='lat' dir='ltr'>Cfr.</span> <span class='ocrx_word' id='word_1_152' title='bbox 469 1722 605 1766; x_wconf 87' lang='lat' dir='ltr'>nostrum</span> <span class='ocrx_word' id='word_1_153' title='bbox 620 1722 641 1764; x_wconf 94' lang='lat' dir='ltr'>t.</span> <span class='ocrx_word' id='word_1_154' title='bbox 657 1712 679 1766; x_wconf 93' lang='grc'>1.</span> <span class='ocrx_word' id='word_1_155' title='bbox 696 1710 745 1768; x_wconf 87' lang='lat' dir='ltr'>De</span> <span class='ocrx_word' id='word_1_156' title='bbox 757 1710 931 1784; x_wconf 80' lang='lat' dir='ltr'>Religiosis,</span> <span class='ocrx_word' id='word_1_157' title='bbox 945 1729 974 1767; x_wconf 92' lang='lat' dir='ltr'>n.</span> <span class='ocrx_word' id='word_1_158' title='bbox 989 1721 1064 1778; x_wconf 83' lang='lat'><strong>510.</strong></span> <span class='ocrx_word' id='word_1_159' title='bbox 1455 1711 1456 1718; x_wconf 75' lang='grc'>’</span> 
     </span>
    </p>
   </div>
   <div class='ocr_carea' id='block_1_5' title="bbox 299 1808 1456 2168">
    <p class='ocr_par' dir='ltr' id='par_1_5' title="bbox 299 1808 1456 2168">
     <span class='ocr_line' id='line_1_20' title="bbox 336 1808 1383 1884; baseline 0.002 -21"><span class='ocrx_word' id='word_1_160' title='bbox 336 1818 361 1863; x_wconf 80' lang='grc'>4,</span> <span class='ocrx_word' id='word_1_161' title='bbox 382 1808 430 1864; x_wconf 91' lang='lat' dir='ltr'>De</span> <span class='ocrx_word' id='word_1_162' title='bbox 443 1811 530 1866; x_wconf 81' lang='lat' dir='ltr'>venia</span> <span class='ocrx_word' id='word_1_163' title='bbox 546 1809 716 1866; x_wconf 84' lang='lat' dir='ltr'>Ordinarii.</span> <span class='ocrx_word' id='word_1_164' title='bbox 729 1812 756 1880; x_wconf 82' lang='lat' dir='ltr'>a)</span> <span class='ocrx_word' id='word_1_165' title='bbox 770 1810 910 1878; x_wconf 86' lang='lat' dir='ltr'>Quamvis</span> <span class='ocrx_word' id='word_1_166' title='bbox 920 1810 1006 1866; x_wconf 85' lang='lat' dir='ltr'>venia</span> <span class='ocrx_word' id='word_1_167' title='bbox 1016 1811 1089 1866; x_wconf 91' lang='lat' dir='ltr'>haec</span> <span class='ocrx_word' id='word_1_168' title='bbox 1099 1810 1212 1866; x_wconf 86' lang='lat' dir='ltr'>dicatur</span> <span class='ocrx_word' id='word_1_169' title='bbox 1222 1811 1253 1864; x_wconf 91' lang='lat' dir='ltr'>in</span> <span class='ocrx_word' id='word_1_170' title='bbox 1262 1810 1383 1884; x_wconf 83' lang='lat' dir='ltr'>singulis</span> 
     </span>
     <span class='ocr_line' id='line_1_21' title="bbox 300 1880 1382 1962; baseline 0.001 -27"><span class='ocrx_word' id='word_1_171' title='bbox 300 1880 416 1936; x_wconf 84' lang='lat' dir='ltr'>casibus</span> <span class='ocrx_word' id='word_1_172' title='bbox 441 1881 610 1946; x_wconf 90' lang='lat' dir='ltr'>obtinenda,</span> <span class='ocrx_word' id='word_1_173' title='bbox 638 1899 698 1937; x_wconf 93' lang='lat' dir='ltr'>non</span> <span class='ocrx_word' id='word_1_174' title='bbox 723 1881 848 1962; x_wconf 74' lang='lat' dir='ltr'>exigitur</span> <span class='ocrx_word' id='word_1_175' title='bbox 878 1893 912 1936; x_wconf 88' lang='lat' dir='ltr'>ut</span> <span class='ocrx_word' id='word_1_176' title='bbox 942 1881 1048 1938; x_wconf 90' lang='lat' dir='ltr'>totiens</span> <span class='ocrx_word' id='word_1_177' title='bbox 1080 1881 1226 1954; x_wconf 90' lang='lat' dir='ltr'>quotiens,</span> <span class='ocrx_word' id='word_1_178' title='bbox 1257 1882 1382 1937; x_wconf 83' lang='lat' dir='ltr'>distincto</span> 
     </span>
     <span class='ocr_line' id='line_1_22' title="bbox 300 1951 1456 2026; baseline -0.002 -18"><span class='ocrx_word' id='word_1_179' title='bbox 300 1953 461 2024; x_wconf 90' lang='lat' dir='ltr'>postuletur</span> <span class='ocrx_word' id='word_1_180' title='bbox 472 1968 548 2018; x_wconf 81' lang='lat' dir='ltr'>actu,</span> <span class='ocrx_word' id='word_1_181' title='bbox 562 1953 611 2010; x_wconf 88' lang='lat' dir='ltr'>sed</span> <span class='ocrx_word' id='word_1_182' title='bbox 621 1952 715 2010; x_wconf 91' lang='lat' dir='ltr'>verbis</span> <span class='ocrx_word' id='word_1_183' title='bbox 724 1952 836 2021; x_wconf 86' lang='lat' dir='ltr'>sausfit,</span> <span class='ocrx_word' id='word_1_184' title='bbox 851 1951 930 2008; x_wconf 90' lang='lat' dir='ltr'>etita</span> <span class='ocrx_word' id='word_1_185' title='bbox 945 1953 999 2008; x_wconf 86' lang='lat' dir='ltr'>sert</span> <span class='ocrx_word' id='word_1_186' title='bbox 1009 1969 1089 2022; x_wconf 86' lang='lat' dir='ltr'>usus,</span> <span class='ocrx_word' id='word_1_187' title='bbox 1102 1953 1126 2007; x_wconf 88' lang='lat' dir='ltr'>si</span> <span class='ocrx_word' id='word_1_188' title='bbox 1141 1972 1169 2008; x_wconf 92' lang='lat' dir='ltr'>v.</span> <span class='ocrx_word' id='word_1_189' title='bbox 1181 1971 1209 2025; x_wconf 88' lang='lat' dir='ltr'>g.</span> <span class='ocrx_word' id='word_1_190' title='bbox 1228 1953 1386 2026; x_wconf 88' lang='lat' dir='ltr'>Episcopus</span> <span class='ocrx_word' id='word_1_191' title='bbox 1455 1993 1456 2022; x_wconf 52' lang='lat'>,</span> 
     </span>
     <span class='ocr_line' id='line_1_23' title="bbox 300 2023 1456 2100; baseline 0 -22"><span class='ocrx_word' id='word_1_192' title='bbox 300 2023 466 2094; x_wconf 87' lang='lat' dir='ltr'>catalogum</span> <span class='ocrx_word' id='word_1_193' title='bbox 493 2024 712 2096; x_wconf 87' lang='lat' dir='ltr'>expositionum</span> <span class='ocrx_word' id='word_1_194' title='bbox 736 2024 825 2080; x_wconf 90' lang='lat' dir='ltr'>semel</span> <span class='ocrx_word' id='word_1_195' title='bbox 852 2024 1064 2097; x_wconf 84' lang='lat' dir='ltr'>approbaverit,</span> <span class='ocrx_word' id='word_1_196' title='bbox 1089 2024 1129 2078; x_wconf 89' lang='lat' dir='ltr'>ita</span> <span class='ocrx_word' id='word_1_197' title='bbox 1150 2036 1183 2078; x_wconf 91' lang='lat' dir='ltr'>ut</span> <span class='ocrx_word' id='word_1_198' title='bbox 1202 2025 1231 2078; x_wconf 93' lang='lat' dir='ltr'>in</span> <span class='ocrx_word' id='word_1_199' title='bbox 1254 2024 1383 2100; x_wconf 79' lang='lat' dir='ltr'>singulos-</span> <span class='ocrx_word' id='word_1_200' title='bbox 1455 2023 1456 2042; x_wconf 76' lang='lat'>³</span> 
     </span>
     <span class='ocr_line' id='line_1_24' title="bbox 299 2094 731 2168; baseline 0.002 -19"><span class='ocrx_word' id='word_1_201' title='bbox 299 2111 385 2150; x_wconf 87' lang='lat' dir='ltr'>casus</span> <span class='ocrx_word' id='word_1_202' title='bbox 399 2096 482 2150; x_wconf 87' lang='lat' dir='ltr'>cadat</span> <span class='ocrx_word' id='word_1_203' title='bbox 497 2094 589 2168; x_wconf 87' lang='lat' dir='ltr'>ipsius</span> <span class='ocrx_word' id='word_1_204' title='bbox 602 2095 731 2151; x_wconf 86' lang='lat' dir='ltr'>licentia.</span> 
     </span>
    </p>
   </div>
   <div class='ocr_carea' id='block_1_6' title="bbox 298 2179 1456 2761">
    <p class='ocr_par' dir='ltr' id='par_1_6' title="bbox 298 2179 1456 2761">
     <span class='ocr_line' id='line_1_25' title="bbox 334 2179 1456 2265; baseline 0 -19"><span class='ocrx_word' id='word_1_205' title='bbox 334 2193 364 2262; x_wconf 83' lang='grc'>1))</span> <span class='ocrx_word' id='word_1_206' title='bbox 386 2193 571 2263; x_wconf 89' lang='lat' dir='ltr'>Responsum</span> <span class='ocrx_word' id='word_1_207' title='bbox 592 2191 723 2263; x_wconf 88' lang='lat' dir='ltr'>loquitur</span> <span class='ocrx_word' id='word_1_208' title='bbox 745 2193 781 2246; x_wconf 92' lang='lat' dir='ltr'>de</span> <span class='ocrx_word' id='word_1_209' title='bbox 805 2191 849 2246; x_wconf 90' lang='lat' dir='ltr'>his</span> <span class='ocrx_word' id='word_1_210' title='bbox 873 2210 948 2264; x_wconf 90' lang='lat' dir='ltr'>quae</span> <span class='ocrx_word' id='word_1_211' title='bbox 975 2209 1027 2265; x_wconf 87' lang='lat' dir='ltr'>per</span> <span class='ocrx_word' id='word_1_212' title='bbox 1049 2209 1079 2246; x_wconf 90' lang='lat' dir='ltr'>se</span> <span class='ocrx_word' id='word_1_213' title='bbox 1101 2193 1302 2264; x_wconf 87' lang='lat' dir='ltr'>requiruntur,</span> <span class='ocrx_word' id='word_1_214' title='bbox 1322 2206 1379 2258; x_wconf 88' lang='lat' dir='ltr'>nec,</span> <span class='ocrx_word' id='word_1_215' title='bbox 1455 2179 1456 2190; x_wconf 39' lang='lat'>¹</span> 
     </span>
     <span class='ocr_line' id='line_1_26' title="bbox 299 2262 1455 2344; baseline 0 -28"><span class='ocrx_word' id='word_1_216' title='bbox 299 2274 398 2318; x_wconf 89' lang='lat' dir='ltr'>nostra</span> <span class='ocrx_word' id='word_1_217' title='bbox 412 2263 565 2328; x_wconf 88' lang='lat' dir='ltr'>sententia,</span> <span class='ocrx_word' id='word_1_218' title='bbox 580 2264 714 2334; x_wconf 82' lang='lat' dir='ltr'>¹reprobat</span> <span class='ocrx_word' id='word_1_219' title='bbox 727 2264 964 2318; x_wconf 83' lang='lat' dir='ltr'>consuetudinem</span> <span class='ocrx_word' id='word_1_220' title='bbox 1006 2280 1044 2318; x_wconf 87' lang='lat' dir='ltr'>ua</span> <span class='ocrx_word' id='word_1_221' title='bbox 1065 2262 1228 2344; x_wconf 89' lang='lat' dir='ltr'>Episcopus</span> <span class='ocrx_word' id='word_1_222' title='bbox 1241 2279 1383 2318; x_wconf 88' lang='lat' dir='ltr'>concesse·</span> <span class='ocrx_word' id='word_1_223' title='bbox 1454 2262 1455 2267; x_wconf 73' lang='grc'>’</span> 
     </span>
     <span class='ocr_line' id='line_1_27' title="bbox 299 2281 1380 2406; baseline 0.001 -19"><span class='ocrx_word' id='word_1_224' title='bbox 299 2335 336 2388; x_wconf 92' lang='lat' dir='ltr'>rit</span> <span class='ocrx_word' id='word_1_225' title='bbox 360 2333 507 2388; x_wconf 91' lang='lat' dir='ltr'>licentiam</span> <span class='ocrx_word' id='word_1_226' title='bbox 530 2335 698 2406; x_wconf 87' lang='lat' dir='ltr'>generalem</span> <span class='ocrx_word' id='word_1_227' title='bbox 715 2351 833 2406; x_wconf 83' lang='lat' dir='ltr'>semper</span> <span class='ocrx_word' id='word_1_228' title='bbox 853 2281 1070 2400; x_wconf 60' lang='lat' dir='ltr'>revocabiiew</span> <span class='ocrx_word' id='word_1_229' title='bbox 1094 2354 1113 2389; x_wconf 86' lang='lat' dir='ltr'>t.</span> <span class='ocrx_word' id='word_1_230' title='bbox 1136 2352 1161 2389; x_wconf 92' lang='lat' dir='ltr'>e.</span> <span class='ocrx_word' id='word_1_231' title='bbox 1185 2333 1380 2388; x_wconf 88' lang='lat' dir='ltr'>definitionem</span> 
     </span>
     <span class='ocr_line' id='line_1_28' title="bbox 298 2405 1382 2479; baseline -0.002 -18"><span class='ocrx_word' id='word_1_232' title='bbox 298 2405 384 2461; x_wconf 89' lang='lat' dir='ltr'>tacite</span> <span class='ocrx_word' id='word_1_233' title='bbox 408 2405 570 2477; x_wconf 84' lang='lat' dir='ltr'>permiserit</span> <span class='ocrx_word' id='word_1_234' title='bbox 597 2405 732 2477; x_wconf 87' lang='lat' dir='ltr'>prudenti</span> <span class='ocrx_word' id='word_1_235' title='bbox 762 2406 949 2479; x_wconf 86' lang='lat' dir='ltr'>Regularium</span> <span class='ocrx_word' id='word_1_236' title='bbox 970 2405 1088 2462; x_wconf 82' lang='lat' dir='ltr'>iudicia.</span> <span class='ocrx_word' id='word_1_237' title='bbox 1111 2407 1258 2478; x_wconf 84' lang='lat' dir='ltr'>Namque,</span> <span class='ocrx_word' id='word_1_238' title='bbox 1286 2405 1382 2461; x_wconf 88' lang='lat' dir='ltr'>saltem</span> 
     </span>
     <span class='ocr_line' id='line_1_29' title="bbox 299 2476 1382 2551; baseline -0.001 -20"><span class='ocrx_word' id='word_1_239' title='bbox 299 2477 380 2548; x_wconf 92' lang='lat' dir='ltr'>quod</span> <span class='ocrx_word' id='word_1_240' title='bbox 394 2478 431 2531; x_wconf 91' lang='lat' dir='ltr'>ad</span> <span class='ocrx_word' id='word_1_241' title='bbox 452 2476 647 2549; x_wconf 85' lang='lat' dir='ltr'>expositiones</span> <span class='ocrx_word' id='word_1_242' title='bbox 660 2477 723 2533; x_wconf 89' lang='lat' dir='ltr'>fieri</span> <span class='ocrx_word' id='word_1_243' title='bbox 737 2478 846 2547; x_wconf 86' lang='lat' dir='ltr'>solitas,</span> <span class='ocrx_word' id='word_1_244' title='bbox 870 2478 931 2551; x_wconf 89' lang='lat' dir='ltr'>ipsa</span> <span class='ocrx_word' id='word_1_245' title='bbox 953 2480 982 2533; x_wconf 87' lang='lat' dir='ltr'>S.</span> <span class='ocrx_word' id='word_1_246' title='bbox 1004 2479 1113 2548; x_wconf 89' lang='lat' dir='ltr'>Congr.</span> <span class='ocrx_word' id='word_1_247' title='bbox 1131 2477 1343 2550; x_wconf 88' lang='lat' dir='ltr'>Episcoporum</span> <span class='ocrx_word' id='word_1_248' title='bbox 1358 2488 1382 2531; x_wconf 89' lang='lat' dir='ltr'>et</span> 
     </span>
     <span class='ocr_line' id='line_1_30' title="bbox 301 2546 1382 2620; baseline -0.004 -16"><span class='ocrx_word' id='word_1_249' title='bbox 301 2548 491 2620; x_wconf 89' lang='lat' dir='ltr'>Regularium</span> <span class='ocrx_word' id='word_1_250' title='bbox 504 2548 581 2604; x_wconf 88' lang='lat' dir='ltr'>hanc</span> <span class='ocrx_word' id='word_1_251' title='bbox 600 2548 691 2603; x_wconf 90' lang='lat' dir='ltr'>suasit</span> <span class='ocrx_word' id='word_1_252' title='bbox 703 2548 828 2603; x_wconf 86' lang='lat' dir='ltr'>formam</span> <span class='ocrx_word' id='word_1_253' title='bbox 844 2566 1012 2605; x_wconf 90' lang='lat' dir='ltr'>consensus.</span> <span class='ocrx_word' id='word_1_254' title='bbox 1035 2548 1095 2605; x_wconf 86' lang='lat' dir='ltr'>Cft.</span> <span class='ocrx_word' id='word_1_255' title='bbox 1112 2548 1232 2613; x_wconf 90' lang='lat' dir='ltr'>Bizzari,</span> <span class='ocrx_word' id='word_1_256' title='bbox 1255 2546 1382 2603; x_wconf 84' lang='lat' dir='ltr'>collectu-</span> 
     </span>
     <span class='ocr_line' id='line_1_31' title="bbox 299 2618 1379 2746; baseline -0.003 -71"><span class='ocrx_word' id='word_1_257' title='bbox 299 2638 355 2746; x_wconf 69' lang='grc' dir='ltr'>0Ξο</span> <span class='ocrx_word' id='word_1_258' title='bbox 369 2631 397 2673; x_wconf 90' lang='lat' dir='ltr'>et</span> <span class='ocrx_word' id='word_1_259' title='bbox 410 2619 507 2691; x_wconf 91' lang='lat' dir='ltr'>ipsum</span> <span class='ocrx_word' id='word_1_260' title='bbox 526 2636 699 2691; x_wconf 89' lang='lat' dir='ltr'>responsum</span> <span class='ocrx_word' id='word_1_261' title='bbox 712 2621 742 2675; x_wconf 88' lang='lat' dir='ltr'>S.</span> <span class='ocrx_word' id='word_1_262' title='bbox 760 2620 880 2675; x_wconf 89' lang='lat' dir='ltr'>Rituum</span> <span class='ocrx_word' id='word_1_263' title='bbox 893 2621 1002 2692; x_wconf 89' lang='lat' dir='ltr'>Congr.</span> <span class='ocrx_word' id='word_1_264' title='bbox 1018 2622 1032 2675; x_wconf 85' lang='lat'>3</span> <span class='ocrx_word' id='word_1_265' title='bbox 1053 2620 1152 2693; x_wconf 87' lang='lat' dir='ltr'>aprilis</span> <span class='ocrx_word' id='word_1_266' title='bbox 1174 2621 1250 2688; x_wconf 79' lang='lat'>1821,</span> <span class='ocrx_word' id='word_1_267' title='bbox 1265 2637 1295 2675; x_wconf 87' lang='grc'>0.</span> <span class='ocrx_word' id='word_1_268' title='bbox 1319 2618 1379 2673; x_wconf 74' lang='lat'>2615</span> 
     </span>
     <span class='ocr_line' id='line_1_32' title="bbox 299 2710 376 2761; baseline 0.026 -16"><span class='ocrx_word' id='word_1_269' title='bbox 299 2711 316 2745; x_wconf 89' lang='lat' dir='ltr'>a</span> <span class='ocrx_word' id='word_1_270' title='bbox 347 2710 376 2761; x_wconf 83' lang='lat'>4.</span> 
     </span>
    </p>
   </div>
   <div class='ocr_carea' id='block_1_7' title="bbox 298 2788 1384 2996">
    <p class='ocr_par' dir='ltr' id='par_1_7' title="bbox 298 2788 1384 2996">
     <span class='ocr_line' id='line_1_33' title="bbox 336 2788 1380 2860; baseline -0.001 -19"><span class='ocrx_word' id='word_1_271' title='bbox 336 2788 449 2842; x_wconf 91' lang='lat' dir='ltr'>Notum</span> <span class='ocrx_word' id='word_1_272' title='bbox 462 2798 513 2854; x_wconf 91' lang='lat' dir='ltr'>est,</span> <span class='ocrx_word' id='word_1_273' title='bbox 529 2789 686 2844; x_wconf 90' lang='lat' dir='ltr'>contraius</span> <span class='ocrx_word' id='word_1_274' title='bbox 697 2788 834 2860; x_wconf 88' lang='lat' dir='ltr'>Episcopi</span> <span class='ocrx_word' id='word_1_275' title='bbox 845 2789 1010 2859; x_wconf 86' lang='lat' dir='ltr'>ordinandi,</span> <span class='ocrx_word' id='word_1_276' title='bbox 1027 2790 1116 2845; x_wconf 86' lang='lat' dir='ltr'>etiam</span> <span class='ocrx_word' id='word_1_277' title='bbox 1129 2789 1207 2859; x_wconf 90' lang='lat' dir='ltr'>apud</span> <span class='ocrx_word' id='word_1_278' title='bbox 1220 2788 1380 2860; x_wconf 89' lang='lat' dir='ltr'>Regulares,</span> 
     </span>
     <span class='ocr_line' id='line_1_34' title="bbox 299 2856 1384 2935; baseline -0.001 -22"><span class='ocrx_word' id='word_1_279' title='bbox 299 2858 429 2933; x_wconf 90' lang='lat' dir='ltr'>publicas</span> <span class='ocrx_word' id='word_1_280' title='bbox 461 2859 641 2913; x_wconf 84' lang='lat' dir='ltr'>Sanctissimi</span> <span class='ocrx_word' id='word_1_281' title='bbox 681 2859 877 2935; x_wconf 85' lang='lat' dir='ltr'>expositiones</span> <span class='ocrx_word' id='word_1_282' title='bbox 910 2861 1067 2933; x_wconf 86' lang='lat' dir='ltr'>praescribi</span> <span class='ocrx_word' id='word_1_283' title='bbox 1101 2877 1162 2915; x_wconf 92' lang='lat' dir='ltr'>non</span> <span class='ocrx_word' id='word_1_284' title='bbox 1194 2876 1290 2931; x_wconf 86' lang='lat' dir='ltr'>posse.</span> <span class='ocrx_word' id='word_1_285' title='bbox 1327 2856 1384 2913; x_wconf 58' lang='lat' dir='ltr'>Cir,</span> 
     </span>
     <span class='ocr_line' id='line_1_35' title="bbox 298 2932 638 2996; baseline 0 -11"><span class='ocrx_word' id='word_1_286' title='bbox 298 2942 433 2985; x_wconf 89' lang='lat' dir='ltr'>nostrum</span> <span class='ocrx_word' id='word_1_287' title='bbox 447 2943 468 2984; x_wconf 84' lang='lat' dir='ltr'>t.</span> <span class='ocrx_word' id='word_1_288' title='bbox 486 2932 508 2984; x_wconf 93' lang='lat' dir='ltr'>l.</span> <span class='ocrx_word' id='word_1_289' title='bbox 523 2947 553 2985; x_wconf 91' lang='lat' dir='ltr'>n.</span> <span class='ocrx_word' id='word_1_290' title='bbox 566 2940 638 2996; x_wconf 83' lang='lat'><strong>510.</strong></span> 
     </span>
    </p>
   </div>
   <div class='ocr_carea' id='block_1_8' title="bbox 296 3023 1379 3384">
    <p class='ocr_par' dir='ltr' id='par_1_8' title="bbox 296 3023 1379 3384">
     <span class='ocr_line' id='line_1_36' title="bbox 335 3023 1376 3100; baseline -0.002 -19"><span class='ocrx_word' id='word_1_291' title='bbox 335 3023 360 3081; x_wconf 77' lang='lat'>5&#39;.</span> <span class='ocrx_word' id='word_1_292' title='bbox 381 3025 429 3080; x_wconf 87' lang='lat' dir='ltr'>De</span> <span class='ocrx_word' id='word_1_293' title='bbox 447 3026 652 3080; x_wconf 87' lang='lat' dir='ltr'>commuuione</span> <span class='ocrx_word' id='word_1_294' title='bbox 671 3026 748 3080; x_wconf 83' lang='lat' dir='ltr'>inter</span> <span class='ocrx_word' id='word_1_295' title='bbox 770 3027 891 3081; x_wconf 83' lang='lat' dir='ltr'>missam</span> <span class='ocrx_word' id='word_1_296' title='bbox 911 3044 1010 3081; x_wconf 88' lang='lat' dir='ltr'>coram</span> <span class='ocrx_word' id='word_1_297' title='bbox 1034 3027 1165 3100; x_wconf 87' lang='lat' dir='ltr'>exposito</span> <span class='ocrx_word' id='word_1_298' title='bbox 1194 3026 1376 3081; x_wconf 83' lang='lat' dir='ltr'>Sanctissimo</span> 
     </span>
     <span class='ocr_line' id='line_1_37' title="bbox 298 3096 1375 3170; baseline -0.002 -18"><span class='ocrx_word' id='word_1_299' title='bbox 298 3099 486 3152; x_wconf 88' lang='lat' dir='ltr'>Sacramento</span> <span class='ocrx_word' id='word_1_300' title='bbox 504 3097 689 3152; x_wconf 88' lang='lat' dir='ltr'>celebratam.</span> <span class='ocrx_word' id='word_1_301' title='bbox 706 3096 765 3151; x_wconf 92' lang='lat' dir='ltr'>Ubi</span> <span class='ocrx_word' id='word_1_302' title='bbox 787 3098 873 3170; x_wconf 89' lang='lat' dir='ltr'>plura</span> <span class='ocrx_word' id='word_1_303' title='bbox 895 3111 963 3153; x_wconf 90' lang='lat' dir='ltr'>sunt</span> <span class='ocrx_word' id='word_1_304' title='bbox 975 3098 1086 3165; x_wconf 88' lang='lat' dir='ltr'>altaria,</span> <span class='ocrx_word' id='word_1_305' title='bbox 1103 3100 1132 3153; x_wconf 86' lang='lat' dir='ltr'>S.</span> <span class='ocrx_word' id='word_1_306' title='bbox 1151 3097 1272 3153; x_wconf 86' lang='lat' dir='ltr'>Rituum</span> <span class='ocrx_word' id='word_1_307' title='bbox 1287 3098 1375 3166; x_wconf 83' lang='lat' dir='ltr'>Cong.</span> 
     </span>
     <span class='ocr_line' id='line_1_38' title="bbox 298 3166 1376 3242; baseline -0.001 -21"><span class='ocrx_word' id='word_1_308' title='bbox 298 3185 358 3223; x_wconf 93' lang='lat' dir='ltr'>non</span> <span class='ocrx_word' id='word_1_309' title='bbox 371 3169 459 3223; x_wconf 90' lang='lat' dir='ltr'>semel</span> <span class='ocrx_word' id='word_1_310' title='bbox 482 3167 564 3223; x_wconf 90' lang='lat' dir='ltr'>iussit</span> <span class='ocrx_word' id='word_1_311' title='bbox 583 3186 605 3224; x_wconf 82' lang='lat' dir='ltr'>s</span> <span class='ocrx_word' id='word_1_312' title='bbox 620 3169 859 3224; x_wconf 89' lang='lat' dir='ltr'>communionem</span> <span class='ocrx_word' id='word_1_313' title='bbox 878 3168 1038 3242; x_wconf 90' lang='lat' dir='ltr'>dispensari</span> <span class='ocrx_word' id='word_1_314' title='bbox 1062 3183 1141 3224; x_wconf 90' lang='lat' dir='ltr'>extra</span> <span class='ocrx_word' id='word_1_315' title='bbox 1162 3170 1252 3224; x_wconf 89' lang='lat' dir='ltr'>altare</span> <span class='ocrx_word' id='word_1_316' title='bbox 1271 3166 1376 3241; x_wconf 89' lang='lat' dir='ltr'>exposi-</span> 
     </span>
     <span class='ocr_line' id='line_1_39' title="bbox 297 3238 1379 3312; baseline -0.001 -19"><span class='ocrx_word' id='word_1_317' title='bbox 297 3239 394 3293; x_wconf 81' lang='lat' dir='ltr'>tionis</span> <span class='ocrx_word' id='word_1_318' title='bbox 412 3240 455 3293; x_wconf 92' lang='lat' dir='ltr'>lta</span> <span class='ocrx_word' id='word_1_319' title='bbox 473 3258 499 3293; x_wconf 91' lang='lat'>11</span> <span class='ocrx_word' id='word_1_320' title='bbox 521 3240 591 3294; x_wconf 90' lang='lat' dir='ltr'>maii</span> <span class='ocrx_word' id='word_1_321' title='bbox 615 3240 690 3308; x_wconf 80' lang='lat'>1878,</span> <span class='ocrx_word' id='word_1_322' title='bbox 707 3240 744 3294; x_wconf 90' lang='lat' dir='ltr'>ad</span> <span class='ocrx_word' id='word_1_323' title='bbox 759 3259 781 3296; x_wconf 91' lang='lat'>1.</span> <span class='ocrx_word' id='word_1_324' title='bbox 795 3240 897 3304; x_wconf 75' lang='lat' dir='ltr'>(Decr.</span> <span class='ocrx_word' id='word_1_325' title='bbox 912 3240 994 3296; x_wconf 83' lang='lat' dir='ltr'>auth.</span> <span class='ocrx_word' id='word_1_326' title='bbox 1015 3257 1044 3294; x_wconf 91' lang='lat' dir='ltr'>n.</span> <span class='ocrx_word' id='word_1_327' title='bbox 1062 3241 1154 3312; x_wconf 82' lang='lat'>3448),</span> <span class='ocrx_word' id='word_1_328' title='bbox 1174 3242 1203 3295; x_wconf 79' lang='lat'>18</span> <span class='ocrx_word' id='word_1_329' title='bbox 1217 3240 1285 3294; x_wconf 90' lang='lat' dir='ltr'>maii</span> <span class='ocrx_word' id='word_1_330' title='bbox 1308 3238 1379 3310; x_wconf 83' lang='lat'>1878,</span> 
     </span>
     <span class='ocr_line' id='line_1_40' title="bbox 296 3310 1138 3384; baseline 0.005 -20"><span class='ocrx_word' id='word_1_331' title='bbox 296 3311 333 3364; x_wconf 87' lang='lat' dir='ltr'>ad</span> <span class='ocrx_word' id='word_1_332' title='bbox 347 3311 373 3365; x_wconf 88' lang='grc'>3.</span> <span class='ocrx_word' id='word_1_333' title='bbox 389 3310 430 3380; x_wconf 76' lang='lat' dir='ltr'>(n.</span> <span class='ocrx_word' id='word_1_334' title='bbox 445 3311 543 3383; x_wconf 78' lang='lat'>3449);</span> <span class='ocrx_word' id='word_1_335' title='bbox 563 3312 592 3367; x_wconf 80' lang='lat'>13</span> <span class='ocrx_word' id='word_1_336' title='bbox 607 3310 779 3384; x_wconf 88' lang='lat' dir='ltr'>septembris</span> <span class='ocrx_word' id='word_1_337' title='bbox 798 3312 874 3384; x_wconf 80' lang='lat'>1879,</span> <span class='ocrx_word' id='word_1_338' title='bbox 889 3312 926 3365; x_wconf 88' lang='lat' dir='ltr'>ad</span> <span class='ocrx_word' id='word_1_339' title='bbox 945 3330 967 3367; x_wconf 89' lang='lat' dir='ltr'>t.</span> <span class='ocrx_word' id='word_1_340' title='bbox 984 3312 1025 3383; x_wconf 81' lang='lat' dir='ltr'>(n.</span> <span class='ocrx_word' id='word_1_341' title='bbox 1042 3312 1138 3383; x_wconf 82' lang='grc'>3505).</span> 
     </span>
    </p>
   </div>
   <div class='ocr_carea' id='block_1_9' title="bbox 296 3408 1383 3695">
    <p class='ocr_par' dir='ltr' id='par_1_9' title="bbox 296 3408 1383 3695">
     <span class='ocr_line' id='line_1_41' title="bbox 332 3408 1383 3481; baseline -0.003 -19"><span class='ocrx_word' id='word_1_342' title='bbox 332 3410 429 3479; x_wconf 83' lang='lat' dir='ltr'>Atque</span> <span class='ocrx_word' id='word_1_343' title='bbox 442 3408 514 3462; x_wconf 89' lang='lat' dir='ltr'>dum</span> <span class='ocrx_word' id='word_1_344' title='bbox 537 3408 567 3462; x_wconf 90' lang='lat' dir='ltr'>id</span> <span class='ocrx_word' id='word_1_345' title='bbox 587 3408 778 3481; x_wconf 89' lang='lat' dir='ltr'>praescripsit,</span> <span class='ocrx_word' id='word_1_346' title='bbox 801 3409 830 3463; x_wconf 89' lang='lat' dir='ltr'>S.</span> <span class='ocrx_word' id='word_1_347' title='bbox 847 3408 1042 3481; x_wconf 85' lang='lat' dir='ltr'>Congregatio</span> <span class='ocrx_word' id='word_1_348' title='bbox 1062 3408 1235 3465; x_wconf 90' lang='lat' dir='ltr'>sollemnem</span> <span class='ocrx_word' id='word_1_349' title='bbox 1259 3422 1383 3465; x_wconf 88' lang='lat' dir='ltr'>commu-</span> 
     </span>
     <span class='ocr_line' id='line_1_42' title="bbox 297 3478 1379 3552; baseline -0.002 -19"><span class='ocrx_word' id='word_1_350' title='bbox 297 3479 394 3534; x_wconf 91' lang='lat' dir='ltr'>nionis</span> <span class='ocrx_word' id='word_1_351' title='bbox 404 3478 652 3552; x_wconf 89' lang='lat' dir='ltr'>dispensationem</span> <span class='ocrx_word' id='word_1_352' title='bbox 662 3497 678 3533; x_wconf 87' lang='lat' dir='ltr'>a</span> <span class='ocrx_word' id='word_1_353' title='bbox 688 3478 786 3534; x_wconf 90' lang='lat' dir='ltr'>minus</span> <span class='ocrx_word' id='word_1_354' title='bbox 799 3479 935 3535; x_wconf 88' lang='lat' dir='ltr'>sollemni</span> <span class='ocrx_word' id='word_1_355' title='bbox 948 3480 1115 3536; x_wconf 88' lang='lat' dir='ltr'>nullatenus</span> <span class='ocrx_word' id='word_1_356' title='bbox 1125 3480 1266 3537; x_wconf 90' lang='lat' dir='ltr'>distinxit.</span> <span class='ocrx_word' id='word_1_357' title='bbox 1277 3481 1379 3547; x_wconf 90' lang='lat' dir='ltr'>Quare,</span> 
     </span>
     <span class='ocr_line' id='line_1_43' title="bbox 297 3548 1380 3623; baseline -0.002 -19"><span class='ocrx_word' id='word_1_358' title='bbox 297 3552 328 3605; x_wconf 91' lang='lat' dir='ltr'>in</span> <span class='ocrx_word' id='word_1_359' title='bbox 338 3550 481 3623; x_wconf 88' lang='lat' dir='ltr'>praesenti</span> <span class='ocrx_word' id='word_1_360' title='bbox 491 3568 588 3618; x_wconf 89' lang='lat' dir='ltr'>causa,</span> <span class='ocrx_word' id='word_1_361' title='bbox 600 3566 775 3622; x_wconf 89' lang='lat' dir='ltr'>responsum</span> <span class='ocrx_word' id='word_1_362' title='bbox 788 3552 824 3605; x_wconf 92' lang='lat' dir='ltr'>ad</span> <span class='ocrx_word' id='word_1_363' title='bbox 836 3553 874 3619; x_wconf 94' lang='lat' dir='ltr'>ll,</span> <span class='ocrx_word' id='word_1_364' title='bbox 889 3569 945 3607; x_wconf 88' lang='lat' dir='ltr'>uon</span> <span class='ocrx_word' id='word_1_365' title='bbox 961 3552 1061 3620; x_wconf 88' lang='lat' dir='ltr'>licere,</span> <span class='ocrx_word' id='word_1_366' title='bbox 1073 3552 1196 3609; x_wconf 91' lang='lat' dir='ltr'>minime</span> <span class='ocrx_word' id='word_1_367' title='bbox 1214 3568 1248 3609; x_wconf 90' lang='lat' dir='ltr'>ex</span> <span class='ocrx_word' id='word_1_368' title='bbox 1264 3548 1380 3607; x_wconf 88' lang='lat' dir='ltr'>oratoris</span> 
     </span>
     <span class='ocr_line' id='line_1_44' title="bbox 296 3621 1125 3695; baseline 0.002 -17"><span class='ocrx_word' id='word_1_369' title='bbox 296 3623 417 3678; x_wconf 76' lang='lat' dir='ltr'>verbis«</span> <span class='ocrx_word' id='word_1_370' title='bbox 432 3621 613 3677; x_wconf 89' lang='lat' dir='ltr'>sollemniter</span> <span class='ocrx_word' id='word_1_371' title='bbox 626 3621 818 3677; x_wconf 89' lang='lat' dir='ltr'>ministranda</span> <span class='ocrx_word' id='word_1_372' title='bbox 832 3644 848 3673; x_wconf 84' lang='lat'><em>„</em></span> <span class='ocrx_word' id='word_1_373' title='bbox 862 3624 989 3695; x_wconf 91' lang='lat' dir='ltr'>pendere</span> <span class='ocrx_word' id='word_1_374' title='bbox 1002 3623 1125 3680; x_wconf 87' lang='lat' dir='ltr'>videtur.</span> 
     </span>
    </p>
   </div>
   <div class='ocr_carea' id='block_1_10' title="bbox 299 3719 1378 3935">
    <p class='ocr_par' dir='ltr' id='par_1_10' title="bbox 299 3719 1378 3935">
     <span class='ocr_line' id='line_1_45' title="bbox 334 3719 1378 3795; baseline -0.003 -20"><span class='ocrx_word' id='word_1_375' title='bbox 334 3721 480 3785; x_wconf 85' lang='lat' dir='ltr'>Ceterum,</span> <span class='ocrx_word' id='word_1_376' title='bbox 500 3719 683 3787; x_wconf 83' lang='lat' dir='ltr'>sollemnitas</span> <span class='ocrx_word' id='word_1_377' title='bbox 702 3719 756 3775; x_wconf 90' lang='lat' dir='ltr'>ista</span> <span class='ocrx_word' id='word_1_378' title='bbox 779 3737 840 3775; x_wconf 92' lang='lat' dir='ltr'>non</span> <span class='ocrx_word' id='word_1_379' title='bbox 863 3720 920 3776; x_wconf 90' lang='lat' dir='ltr'>alia</span> <span class='ocrx_word' id='word_1_380' title='bbox 942 3722 1057 3777; x_wconf 88' lang='lat' dir='ltr'>videtur</span> <span class='ocrx_word' id='word_1_381' title='bbox 1077 3722 1206 3795; x_wconf 87' lang='lat' dir='ltr'>intellegi</span> <span class='ocrx_word' id='word_1_382' title='bbox 1229 3739 1311 3795; x_wconf 89' lang='lat' dir='ltr'>posse</span> <span class='ocrx_word' id='word_1_383' title='bbox 1328 3720 1378 3775; x_wconf 90' lang='lat' dir='ltr'>nisi</span> 
     </span>
     <span class='ocr_line' id='line_1_46' title="bbox 299 3790 1377 3867; baseline 0 -22"><span class='ocrx_word' id='word_1_384' title='bbox 299 3808 374 3863; x_wconf 90' lang='lat' dir='ltr'>quae</span> <span class='ocrx_word' id='word_1_385' title='bbox 387 3808 421 3846; x_wconf 90' lang='lat' dir='ltr'>ex</span> <span class='ocrx_word' id='word_1_386' title='bbox 434 3790 576 3846; x_wconf 86' lang='lat' dir='ltr'>exteriore</span> <span class='ocrx_word' id='word_1_387' title='bbox 590 3792 721 3863; x_wconf 87' lang='lat' dir='ltr'>quodam</span> <span class='ocrx_word' id='word_1_388' title='bbox 735 3803 876 3864; x_wconf 88' lang='lat' dir='ltr'>apparatu</span> <span class='ocrx_word' id='word_1_389' title='bbox 889 3794 1024 3862; x_wconf 87' lang='lat' dir='ltr'>manarit,</span> <span class='ocrx_word' id='word_1_390' title='bbox 1040 3806 1144 3867; x_wconf 89' lang='lat' dir='ltr'>utputa</span> <span class='ocrx_word' id='word_1_391' title='bbox 1158 3811 1227 3850; x_wconf 91' lang='lat' dir='ltr'>cum</span> <span class='ocrx_word' id='word_1_392' title='bbox 1243 3794 1377 3851; x_wconf 85' lang='lat' dir='ltr'>ministra-</span> 
     </span>
     <span class='ocr_line' id='line_1_47' title="bbox 299 3862 914 3935; baseline 0.003 -18"><span class='ocrx_word' id='word_1_393' title='bbox 299 3876 347 3917; x_wconf 91' lang='lat' dir='ltr'>tur</span> <span class='ocrx_word' id='word_1_394' title='bbox 359 3862 530 3917; x_wconf 91' lang='lat' dir='ltr'>communio</span> <span class='ocrx_word' id='word_1_395' title='bbox 544 3879 619 3933; x_wconf 91' lang='lat' dir='ltr'>quae</span> <span class='ocrx_word' id='word_1_396' title='bbox 628 3862 785 3935; x_wconf 84' lang='lat' dir='ltr'>generalis</span> <span class='ocrx_word' id='word_1_397' title='bbox 799 3862 914 3920; x_wconf 91' lang='lat' dir='ltr'>dicitur.</span> 
     </span>
    </p>
   </div>
   <div class='ocr_carea' id='block_1_11' title="bbox 0 0 1484 4900">
    <p class='ocr_par' dir='ltr' id='par_1_11' title="bbox 0 0 1484 4900">
     <span class='ocr_line' id='line_1_48' title="bbox 0 0 1484 4900; baseline 0 4"><span class='ocrx_word' id='word_1_398' title='bbox 0 0 1484 4900; x_wconf 95' lang='lat' dir='ltr'> </span> 
     </span>
    </p>
   </div>
  </div>
 </body>
</html>
