2959 4900
85 304 170 385 [100]
391 326 518 363 mutua
533 323 774 361 courrouaroeuir
789 320 870 358 uasis
1131 296 1171 357 55

85 478 101 515 a
113 472 191 517 tutto
203 460 325 533 giugno,
344 460 422 517 nelle
443 478 495 517 ore
509 461 586 515 della
603 459 727 514 matrina
746 457 823 513 dalle
837 457 923 530 palie
939 475 969 513 12
982 473 998 512 e
1010 455 1058 511 nel
1073 470 1172 528 pome-

84 532 177 604 riggio
193 533 251 587 due
260 549 312 588 ore
324 532 419 605 prima
433 532 500 588 dell'
514 533 582 587 Ave
593 530 710 587 Maria.

118 617 183 671 Art.
201 617 241 675 ll.
259 617 392 672 L’esame
413 618 545 673 consterit
568 616 597 670 di
621 625 664 671 tre
682 614 768 687 parti,
784 613 866 668 eloe:
895 631 918 668 1.
935 608 1053 666 nozioni
1072 609 1173 665 fonda-

84 686 205 742 mentali
226 687 256 743 di
270 688 357 743 Sacra
370 687 551 761 Eloquentia,
572 687 699 743 secondo
716 684 737 740 il
756 683 915 740 sommario
935 682 988 738 che
1000 681 1024 738 si
1037 680 1174 754 pubblica

84 757 135 829 qui
156 757 263 827 unit0·‚
288 777 315 814 2.
335 759 449 815 cultura
472 759 607 831 generale
636 756 782 837 teologica
800 756 861 811 cosi
885 753 1062 810 dommatica
1089 768 1173 808 come

84 828 207 896 morale,
224 829 379 902 perimenti
400 831 529 886 secondo
549 830 570 884 il
592 844 752 885 sommano
773 827 827 883 che
841 825 866 881 si
879 825 1042 898 aggiunge3
1059 824 1085 879 3.
1100 840 1173 879 eser-

84 900 229 957 citazione
246 901 366 974 pratica,
386 901 440 958 che
454 904 539 975 potra
557 900 732 957 consistere:
747 901 775 971 al
790 898 820 953 in
831 915 892 952 una
904 896 1087 971 spiegazione
1100 906 1173 951 cate·

84 970 204 1028 chistica
227 988 313 1045 sopra
334 990 376 1028 un
397 973 489 1029 brano
508 972 554 1028 del
580 970 763 1027 Catechismo
785 970 825 1025 ad
839 968 1001 1049 parochos,
1022 966 1051 1038 b)
1072 965 1103 1021 in
1114 982 1174 1023 una

84 1042 192 1098 omelia
205 1060 292 1115 sopra
304 1061 346 1099 un
365 1045 458 1100 brano
471 1043 517 1099 del
530 1045 622 1099 Santo
634 1041 777 1113 Vangelo‚
798 1043 824 1112 c]
838 1058 869 1095 m
882 1057 925 1096 un
939 1039 1070 1095 discorso
1089 1053 1175 1111 sopra

83 1130 125 1167 un
138 1127 218 1170 tema
232 1114 370 1188 religioso
382 1133 400 1172 ο
411 1115 533 1172 morale.

119 1198 184 1253 Art.
202 1198 257 1254 ΙΙΙ.
276 1198 350 1253 Dall’
366 1214 463 1254 esame
483 1198 707 1254 sulia'seconda
728 1208 810 1269 parte
831 1195 877 1250 del
899 1210 1086 1267 programma
1100 1207 1174 1247 sono

84 1266 244 1338 dispensati
257 1270 348 1341 quelli
362 1270 416 1326 che
429 1271 527 1327 hanno
539 1268 711 1342 conseguito
724 1269 754 1323 la
766 1268 865 1323 laurea
880 1264 911 1321 in
926 1266 957 1322 S.
970 1264 1123 1336 Teologia.

97 1420 103 1429 υ
119 1353 185 1408 Art.
200 1353 250 1408 IV.
268 1354 323 1409 Per
336 1365 467 1410 ottenere
480 1353 530 1427 poi
543 1354 571 1409 la
584 1352 721 1425 dispensa
735 1352 773 1407 da
785 1364 862 1406 tutto
882 1350 1008 1417 l'esame‚
1024 1348 1047 1403 si
1060 1364 1175 1423 presen-

84 1433 147 1478 tino
170 1423 228 1478 alla
250 1424 287 1480 Se
323 1425 412 1481 eteria
433 1426 479 1482 del
503 1424 649 1481 Vicariato
673 1423 742 1497 quei
764 1422 841 1478 titoli
862 1422 916 1478 che
934 1421 1073 1477 ciascuno
1091 1418 1175 1475 crede

84 1491 243 1550 sufficienti
255 1513 272 1552 e
305 1498 331 1553 ei
344 1495 424 1568 quali
440 1497 499 1552 Noi
512 1498 538 1552 ci
550 1496 721 1555 riserviamo
736 1494 894 1567 giudicare.

123 1577 229 1646 Roma,
243 1576 321 1633 dalla
336 1580 444 1635 Nostra
460 1579 619 1635 Residenza
632 1580 662 1634 31
678 1578 794 1634 ottobre
810 1578 889 1651 1905.

688 1663 801 1717 Prarao
816 1659 902 1716 Card.
916 1658 1033 1715 Vicario

123 1743 158 1798 L·
173 1744 193 1805 †
208 1745 239 1799 S.
569 1747 739 1802 Francesco
758 1744 833 1800 Can.
850 1743 973 1811 Faberi,
986 1742 1174 1816 Segretario.

181 1896 353 1954 Sommario
367 1916 425 1973 per
446 1900 567 1956 l'esame
585 1901 617 1955 di
635 1900 753 1955 cultura
770 1897 917 1973 generale
935 1896 1083 1971 teologica

124 2020 168 2074 La
183 2020 260 2075 Fede
273 2038 290 2076 e
303 2022 331 2077 le
350 2033 438 2095 prove
456 2023 534 2078 della
553 2040 605 2079 sua
626 2022 798 2087 credibilita,
822 2032 936 2088 preteso
949 2018 1069 2074 dissidio
1087 2029 1132 2073 tra
1149 2017 1179 2073 la
1199 2066 1202 2074 .

87 2090 210 2171 ragione
223 2108 239 2146 e
253 2091 281 2146 la
303 2092 376 2148 fede.
399 2127 434 2135 -
455 2094 619 2150 Possibilita
634 2094 680 2149 dei
698 2091 842 2148 miracoli.
862 2123 898 2133 -
923 2089 1079 2146 L'ateismo
1101 2089 1179 2145 nella

87 2162 277 2241 legislazione
288 2164 372 2220 civile
385 2182 400 2221 e
413 2166 490 2221 nella
504 2166 614 2221 scuola.
629 2197 665 2207 -
678 2165 829 2221 Necessita
843 2164 890 2218 del
905 2162 985 2217 culto
1004 2174 1129 2217 esterno.
1144 2192 1179 2200 —

90 2233 269 2313 lsprrazione
291 2236 389 2291 divina
413 2237 488 2293 delle
511 2237 598 2293 Sacre
617 2236 757 2293 Scritture
769 2254 785 2291 e
798 2236 864 2291 loro
877 2250 942 2289 us0.
956 2265 991 2273 -
1004 2230 1180 2287 Tradizione

87 2304 208 2372 divina3
232 2306 330 2362 valore
351 2324 367 2363 e
391 2325 446 2363 uso
467 2309 534 2364 dell’
558 2310 684 2364 autorita
705 2308 752 2363 dei
774 2307 860 2361 Padri
883 2323 899 2361 e
925 2304 971 2360 dei
996 2302 1121 2359 Dottori.
1145 2333 1181 2343 -

88 2373 182 2431 Unita
194 2376 271 2457 della
290 2395 414 2448 persona
433 2379 635 2436 edistinzione
656 2378 732 2435 delle
751 2391 856 2434 nature
878 2377 908 2431 in
932 2373 1010 2431 Gesu
1025 2374 1131 2441 Crist0,
1145 2373 1181 2430 ed

90 2445 221 2504 efficacia
235 2447 312 2504 della
329 2450 523 2510 Redenzione.
543 2485 578 2492 —
599 2454 721 2520 Natura,
745 2450 905 2507 eccellenza
923 2446 1093 2504 enecessita
1106 2445 1182 2502 della

90 2642 125 2688 ad
134 2648 281 2691 exeuntem
298 2658 417 2693 mensem
435 2644 552 2700 iunium,
571 2656 651 2692 mane
670 2641 707 2690 ab
725 2643 752 2690 h.
772 2661 786 2701 9
803 2642 840 2691 ad
852 2655 894 2698 ης
912 2645 1011 2701 etpost
1029 2637 1180 2696 meridiem,

91 2706 199 2756 duabus
210 2707 286 2758 horis
297 2718 445 2772 antequam
454 2712 578 2771 pulsetur
587 2709 624 2758 ad
633 2710 684 2757 Ave
694 2709 790 2756 Maria.

118 2777 177 2822 Art.
191 2777 231 2825 11.
248 2775 350 2825 Tribus
357 2776 483 2837 partibus
491 2775 629 2825 constabit
638 2788 761 2832 examen,
774 2774 803 2823 id
811 2780 869 2824 est:
884 2792 904 2822 1.
916 2771 1075 2823 notionibus
1086 2771 1183 2822 lunda·

92 2840 438 2904 mentalibuseloquentiae
445 2839 1019 2901 sacraesecundumsummariumquodhic
1026 2839 1182 2900 appositum

92 2907 236 2967 vulgatum
249 2927 272 2960 a.
285 2911 404 2970 generali
416 2909 569 2959 eruditione
577 2908 744 2971 theologica,
754 2912 810 2955 tam
820 2907 975 2966 dogmatica
983 2922 1066 2969 quam
1074 2903 1179 2960 morali,

93 2973 195 3029 pariter
205 2975 359 3024 secundum
370 2975 416 3024 hie
425 2975 583 3036 appositum
599 2972 802 3028 summarium
820 2980 842 3020 3.
854 2973 1046 3023 exercitatione
1060 2970 1182 3033 practica

95 3050 163 3095 quae
183 3040 334 3090 consistere
352 3041 453 3102 poterit
473 3046 500 3097 a)
517 3040 547 3089 in
564 3037 735 3088 catechetica
752 3038 935 3098 explicatione
954 3039 1110 3100 cuiuspiam
1129 3035 1182 3085 loci

94 3103 259 3154 Catechismi
277 3107 309 3155 ad
323 3109 455 3168 paraclos;
475 3106 504 3166 b)
514 3106 543 3154 in
553 3105 666 3154 homilia
678 3105 707 3152 in
717 3106 809 3153 iocum
824 3105 917 3154 Sancti
934 3105 1093 3167 Evangelii;
1113 3105 1139 3162 c)
1155 3101 1184 3150 in

96 3171 219 3220 contione
229 3176 381 3233 argumenti
394 3172 513 3233 religiosi
524 3174 567 3220 vel
578 3172 698 3221 moralis.

123 3239 179 3284 Art.
193 3239 248 3287 111.
266 3243 291 3288 A
307 3240 430 3289 secunda
444 3247 523 3300 parte
539 3237 674 3287 examinis
691 3237 886 3297 dispensantur
905 3238 953 3298 qui
974 3239 1002 3295 S,
1019 3234 1184 3297 Theologiae

97 3300 215 3351 lauream
225 3311 291 3354 sunt
300 3305 402 3365 adepti.

124 3369 179 3439 llrt.
192 3371 242 3419 lV.
256 3372 343 3421 Porro
354 3378 386 3421 ut
400 3374 482 3432 plena
499 3370 632 3419 examinis
649 3368 806 3419 obtineatur
823 3367 1000 3429 dispensatio
1017 3366 1184 3418 Secretariae

97 3432 251 3485 vicariatus
259 3437 439 3487 exhibeantur
450 3436 522 3487 tituli
539 3436 586 3497 qui
599 3442 729 3496 putentur
737 3434 911 3493 sufficientes,
923 3449 1040 3496 quorum
1050 3433 1184 3483 iudicium

99 3496 176 3547 nobis
184 3515 365 3552 reservamus.

128 3565 239 3625 Romae,
251 3582 285 3617 ex
295 3570 397 3619 Nostra
408 3567 575 3625 Residentia,
589 3576 615 3616 31
626 3574 681 3618 oct.
695 3574 760 3627 1905.

753 3635 866 3682 Parrus
876 3633 959 3683 Card.
971 3631 1097 3681 Vicarius
1145 3667 1146 3674 .

671 3701 829 3758 Franciscus,
842 3701 903 3749 Gan.
915 3700 1015 3756 Faberi,
1027 3700 1181 3747 Secreiarius.

262 3843 429 3891 summarium
444 3843 476 3892 ad
490 3855 586 3892 examen
598 3842 716 3902 generalis
730 3841 871 3890 eruditionis
887 3842 1024 3900 theologicae

129 3951 210 4000 Fides
220 3958 248 4001 et
258 3960 419 4014 argumenta
430 3952 490 4001 eius
500 3950 691 4001 credibilitatis
700 3965 707 4007 ;
719 3957 860 4011 praetexta
870 3950 1007 3999 discordia
1023 3948 1105 3996 fidem
1116 3947 1185 3996 inter

99 4026 128 4063 et
138 4018 277 4067 rationem.
287 4046 317 4055 -
328 4017 465 4067 Miracula
472 4017 530 4066 fieri
539 4031 627 4076 posse.
638 4045 667 4052 -
677 4017 833 4066 Atheismus
845 4017 932 4077 legum
944 4024 970 4064 et
980 4014 1145 4064 scholarum.
1158 4040 1186 4049 -

101 4084 210 4132 Externi
221 4087 311 4134 cultus
321 4085 477 4133 necessitas.
490 4111 518 4119 -
532 4085 677 4134 Sacrarum
694 4083 898 4142 scripturarum
914 4082 1058 4142 inspiratio
1073 4089 1099 4129 et
1111 4093 1184 4128 usus.

101 4150 261 4201 -Traditio
271 4152 382 4207 divina;
402 4151 479 4198 valor
498 4157 525 4199 et
547 4164 612 4197 usus
631 4148 804 4197 auctoritatis
815 4149 930 4212 Petrum
940 4159 967 4196 et
979 4149 1138 4196 Doctorum.
1157 4174 1187 4183 -

103 4217 202 4266 Unitas
217 4234 350 4280 personae
369 4224 396 4278 et
417 4215 559 4267 distinctio
578 4221 738 4264 naturarum
759 4215 787 4262 in
805 4213 1001 4272 Iesu-Christe,
1023 4222 1050 4263 et
1064 4213 1188 4264 efficacia

102 4283 316 4345 Redemptionis.
334 4313 363 4322 -
382 4285 499 4341 Natura,
521 4281 680 4356 excellentia
698 4288 726 4328 et
745 4281 892 4327 necessitas
906 4281 1019 4340 gratiae.
1038 4308 1067 4317 -
1086 4280 1187 4332 Divina

1257 1182 1388 1243 Dispensa-

1227 1242 1365 1346 Zsspama'

1257 1379 1342 1429 Pena.
1403 1402 1406 1409 ·
