2959 4900
274 347 334 411 *182
731 368 910 406 uoumrartrn
940 380 944 387 ·

273 522 378 563 causae
391 506 568 578 analogiam,
590 506 626 560 ad
648 504 721 560 alios
743 522 827 561 casus
844 506 995 562 transferri
1013 524 1109 578 posse,
1126 510 1163 563 ad
1176 525 1227 563 eos
1238 524 1369 588 praeser-

273 577 326 633 tim
339 576 495 649 dequibus
510 588 623 632 constat
639 576 849 648 Legislatorem
862 594 924 633 non
942 578 1095 652 cogitasse.
1111 580 1155 635 Ex
1169 597 1252 634 omni
1265 590 1369 635 autem

272 648 380 705 decreti
405 647 595 721 dispositione
622 648 797 721 perspicitur
819 666 921 705 eorum
948 662 1064 705 tantum
1091 650 1180 706 fuisse
1201 663 1368 723 respectum

273 718 380 789 quibus
403 718 578 775 eucharistia
605 720 641 774 sit
661 719 692 774 in
717 719 853 775 cubiculo
878 720 1044 776 deferenda.
1071 723 1135 778 Nec
1160 722 1240 778 deest
1266 722 1368 793 aliqua

273 788 448 845 discriminis
468 790 553 845 ratio.
574 792 721 861 Aegrotus
744 790 796 862 qui
815 792 944 863 pervias
971 792 1079 847 incedit
1097 809 1114 847 a
1143 809 1268 865 persona
1289 809 1369 865 quae

273 878 353 917 mere
367 862 470 917 debilis
492 874 534 916 est
555 878 616 917 non
639 862 713 918 adeo
736 860 820 917 facile
834 861 1017 918 discernitur.
1042 863 1072 917 Si
1091 862 1190 936 itaque
1211 864 1299 919 etiam
1323 863 1368 918 illi

272 932 422 1005 permittas
443 946 477 987 ut
503 932 538 989 de
559 932 683 988 consilio
703 931 872 988 confessarii
895 933 932 988 ad
953 950 1066 989 sacram
1087 951 1221 990 mensam
1241 935 1368 990 assideat

272 1021 334 1059 non
350 1003 476 1073 ieiunus,
500 1003 665 1075 periculum
688 1015 730 1059 est
751 1020 788 1059 ne
811 1004 920 1059 sensim
940 1005 1004 1061 sine
1027 1022 1115 1061 sensu
1136 1005 1305 1061 confessarii
1327 1006 1367 1061 ob

272 1076 425 1148 quodlibet
448 1075 672 1130 incommodum
696 1074 740 1130 vel
765 1073 968 1131 difficultatem
990 1094 1130 1149 personas
1149 1094 1166 1131 a
1186 1077 1248 1149 lege
1263 1076 1368 1133 ieiunii

273 1147 457 1203 eucharistici
472 1145 619 1201 declarent
631 1147 788 1201 immunes

310 1218 464 1286 Quocirca,
489 1218 583 1272 donec
606 1218 636 1275 S.
661 1216 728 1272 Sedi
751 1216 892 1289 placuerit
914 1217 1116 1289 benigniorem
1136 1235 1220 1274 suam
1233 1229 1368 1273 mentem

272 1290 394 1361 aperire,
416 1305 476 1343 non
500 1288 579 1343 aliud
603 1286 728 1343 infirmis
743 1305 803 1343 non
819 1288 1061 1344 decumbentibus
1074 1290 1238 1345 remedium
1249 1300 1368 1361 praesto

272 1377 335 1417 esse
358 1375 510 1415 censemus
536 1359 591 1414 nisi
610 1372 643 1414 ut
662 1376 678 1413 a
702 1360 732 1414 S.
754 1357 860 1414 Officio
882 1373 1067 1429 consuetum,
1083 1362 1163 1432 quod
1182 1372 1249 1417 ante
1268 1374 1369 1433 petere

273 1432 415 1498 solebant,
430 1430 579 1485 indultum
593 1430 648 1485 sibi
661 1430 827 1503 impetrent.
842 1429 901 1485 Cfr.
918 1431 1054 1498 anrnarq
1069 1430 1089 1487 l.
1104 1448 1129 1490 c.
1145 1449 1173 1505 p.
1194 1434 1253 1487 162.

309 1511 338 1580 b)
370 1510 422 1565 Vis
448 1510 653 1565 concessionis.
679 1542 713 1549 —
747 1509 785 1564 lis
810 1509 909 1581 itaque
936 1526 1011 1581 quos
1032 1511 1126 1566 ‘modo
1150 1510 1367 1584 descripsimus,

272 1582 464 1638 conceditur:

221 1706 223 1713 .
311 1662 352 1727 Ut
364 1661 400 1716 de
414 1660 592 1732 confessarii
604 1660 729 1715 consilio
744 1682 752 1717 :
766 1692 800 1699 —
815 1660 839 1714 is
853 1659 1011 1731 perpendet
1029 1673 1057 1715 et
1077 1660 1252 1734 paenitentis
1271 1662 1370 1733 dispo-

274 1732 420 1800 sitionem,
438 1744 465 1787 et
478 1732 630 1787 veritatem
642 1730 846 1803 impedimenti
859 1731 938 1802 quod
950 1730 1060 1795 ieiunio
1073 1734 1178 1788 obstet.

309 1833 326 1862 tt
338 1811 438 1867 Semel
450 1822 503 1865 aut
514 1810 557 1866 bis
571 1812 601 1865 in
621 1810 817 1877 hebdomada,
831 1810 859 1865 si
871 1820 985 1883 agatur
999 1810 1036 1865 de
1049 1810 1177 1882 infirmis
1190 1812 1242 1885 qui
1256 1812 1372 1884 degunt

274 1882 304 1937 in
318 1882 383 1963 piis
403 1882 536 1937 domibus
560 1882 609 1936 ubi
630 1883 739 1937 sgnum
760 1882 991 1937 Sacramentum
1002 1893 1193 1960 ¹asservatur.
1207 1906 1223 1934 »
1247 1884 1326 1950 Quia
1338 1882 1370 1936 in

273 1954 443 2010 huiusmodi
466 1954 603 2008 domibus
626 1971 706 2009 sacra
728 1952 900 2008 communio
927 1953 1066 2008 omnibus
1083 1971 1136 2025 per
1157 1970 1188 2008 se
1206 1953 1370 2024 dispensari

274 2037 378 2096 potest,
392 2024 514 2096 quicum
535 2042 573 2079 ue
586 2024 626 2079 ibi
640 2025 747 2080 morbo
761 2024 885 2086 laborat,
900 2023 923 2077 si
937 2034 1049 2080 ceterae
1062 2024 1207 2080 adfuerint
1220 2025 1370 2080 condicio-

274 2112 344 2221 nesEl
352 2095 502 2175 privilegio
516 2042 637 2151 leuetur
659 2094 824 2152 refectionis
847 2094 1092 2152 hebdomadariae
1112 2097 1159 2151 vel
1173 2096 1371 2151 semi-hebdo-

275 2184 433 2222 maasiae.

310 2259 326 2288 «
349 2239 412 2292 Aut
434 2235 599 2312 privilegio
621 2240 766 2308 fruuntur
791 2236 999 2293 celebrationis
1021 2238 1139 2292 Missae
1166 2238 1196 2292 in
1223 2236 1370 2291 Oratorio

272 2310 443 2365 domestico.
466 2330 482 2360 »
507 2310 550 2364 Ex
572 2310 663 2364 modo
678 2326 738 2381 quo
753 2310 897 2364 sententia
916 2322 958 2364 est
979 2309 1128 2372 adornata,
1151 2325 1209 2363 vox
1222 2311 1371 2380 fruuntur

273 2381 383 2452 regitur
398 2397 468 2435 voce
481 2379 595 2452 infirmi
606 2393 759 2452 tamquam
774 2380 914 2436 subiecto.
940 2379 1054 2435 Directe
1068 2380 1167 2453 itaque
1179 2392 1209 2435 et
1220 2378 1372 2452 conceptis

274 2452 368 2508 verbis
383 2450 471 2507 semel
486 2454 531 2507 vel
550 2452 593 2506 bis
615 2452 645 2506 in
667 2452 853 2507 hebdomada
874 2452 1093 2507 communicare
1115 2452 1326 2523 permittuntur
1350 2450 1369 2504 ii

228 2522 230 2526 ’
274 2523 328 2603 ipsi
341 2522 561 2648 'qui-privilegio
584 2522 723 2578 fruuntur
742 2523 862 2578 oratorii
877 2522 1039 2590 domestici,
1053 2523 1083 2577 id
1095 2533 1138 2578 est
1150 2523 1302 2577 indultarii
1317 2539 1371 2578 seu

294 2611 377 2649 rrvre
398 2605 457 2648 rati.
1167 2640 1170 2644 .

274 2611 396 2732 pQuidg
412 2677 510 2719 autem
532 2664 567 2718 de
591 2664 673 2720 aliis‘l
697 2665 728 2720 Si
745 2665 908 2720 oratorium
921 2677 964 2722 est
973 2663 1211 2737 'semi-publicum
1236 2675 1257 2730 1,
1281 2665 1371 2736 quale

275 2748 317 2791 est
343 2735 542 2801 Regularium,
574 2737 816 2800 Seminariorum,
846 2749 900 2791 etc.
932 2753 1034 2790 rursus
1059 2753 1111 2808 per
1136 2752 1166 2790 se
1192 2735 1371 2806 permittitur

275 2806 466 2863 eucharistiae
491 2807 669 2887 dispensatio
684 2818 705 2875 ²,
731 2824 766 2862 ac
790 2807 913 2881 proinde
942 2807 1065 2879 quilibet
1091 2805 1220 2878 hospites
1244 2806 1371 2861 eandem

274 2878 490 2950 participabunt
503 2877 645 2951 privilegii
667 2878 821 2934 rationem.
846 2879 876 2932 Si
894 2895 963 2934 vero
985 2877 1148 2933 oratorium
1164 2876 1251 2932 fuerit
1272 2876 1371 2932 stricte

233 2977 238 2982 ·
274 2949 430 3021 privatum.
454 2949 485 3004 in
506 2950 730 3021 particularibus
751 2949 873 3005 aedibus
886 2950 1094 3016 constitutum,
1108 2949 1237 3005 occurrit
1248 2963 1371 3022 respon-

275 3037 341 3077 sum
351 3021 381 3076 S.
395 3020 516 3078 Rituum
526 3021 778 3092 Congregationis,
796 3038 828 3076 io
839 3019 911 3075 febr.
928 3022 1003 3092 1906.
1017 3022 1198 3090 Interrogata
1211 3019 1234 3073 si
1248 3019 1370 3092 quidem

274 3102 376 3146 utrum
396 3107 498 3157 necne,
522 3094 557 3148 de
579 3093 641 3147 sola
664 3091 813 3147 Ordinarii
837 3091 963 3156 licentia,
990 3108 1102 3147 sacram
1124 3090 1370 3146 communionem

274 3163 306 3217 in
319 3163 437 3233 privatis
456 3162 591 3218 oratoriis
603 3163 770 3218 ministrare
792 3162 900 3229 liceret,
916 3162 1076 3234 respondit,
1098 3161 1184 3216 licere
1202 3162 1322 3233 quidem
1337 3172 1371 3215 ut

275 3233 455 3290 ministretur
479 3233 661 3302 indultariis,
686 3233 796 3306 requiri
817 3246 917 3289 autem
944 3234 1092 3288 indultum
1116 3233 1311 3306 apostolicum
1336 3244 1370 3286 ut

275 3305 339 3360 aliis
361 3305 493 3378 personis
514 3305 698 3376 dispensetur
717 3305 739 3361 3.
764 3304 856 3361 Cuius
877 3305 1009 3377 responsi
1030 3305 1103 3360 haec
1116 3304 1207 3358 ferme
1219 3304 1294 3359 ratio
1307 3319 1370 3358 esse

275 3376 398 3431 videtur.
415 3375 605 3444 Communio,
619 3393 681 3431 non
694 3393 777 3432 secus
790 3393 823 3432 ac
842 3376 939 3442 missa,
953 3393 1005 3448 per
1019 3391 1049 3430 se
1061 3375 1213 3430 ecclesiam
1226 3373 1349 3446 requirit
1361 3395 1368 3442 ;

275 3446 333 3502 fata
355 3459 454 3502 autem
478 3448 583 3502 missae
607 3447 785 3520 dispensatio
807 3446 1026 3503 communionis
1049 3446 1131 3518 sequi
1155 3447 1280 3500 videtur.
1310 3446 1370 3501 Ubi

275 3535 345 3589 ergo
360 3517 481 3574 facultas
496 3519 601 3574 missae
613 3535 675 3573 non
693 3519 864 3574 conceditur
883 3518 939 3572 nisi
954 3533 1116 3588 paucorum
1131 3517 1233 3588 gratia.
1248 3515 1300 3588 qui
1314 3516 1370 3571 soli

275 3589 388 3661 possint
412 3590 442 3644 in
471 3589 601 3645 oratorio
626 3589 789 3646 satisfacere
816 3601 970 3661 praecepto
994 3589 1099 3644 missae
1129 3587 1304 3655 dominicae,
1334 3587 1371 3641 iis

275 3660 363 3715 etiam
378 3660 499 3716 facultas
514 3661 751 3716 communicandi
767 3659 984 3730 circumscripta
997 3659 1121 3715 videtur.
1143 3659 1191 3712 Sic
1210 3674 1280 3729 ergo
1293 3657 1370 3712 dice-

274 3748 363 3786 mus:
389 3733 470 3799 Quot
491 3748 633 3803 personae
657 3744 781 3804 possunt
802 3749 837 3787 ex
861 3731 979 3786 lndulto
1003 3729 1034 3784 in
1059 3731 1187 3785 oratorio
1208 3729 1370 3785 domestico

275 3803 439 3858 satisfacere
464 3816 618 3876 praecepto
647 3804 752 3859 missae
776 3802 948 3871 audiendae,
976 3814 1019 3856 tot
1050 3814 1170 3872 possunt
1197 3799 1237 3856 ibi
1252 3817 1371 3879 sacram

304 4016 313 4049 1
329 4013 385 4062 Cfr.
399 4015 546 4062 Decretum
558 4015 682 4074 generale
693 4021 721 4063 23
733 4014 788 4062 ian.
802 4020 858 4070 1899
874 4013 920 4069 (Dc
930 4010 1067 4070 Religiosis,
1080 4015 1132 4059 etc.
1152 4016 1170 4059 t.
1184 4017 1328 4074 2,11.271‚
1341 4028 1370 4067 n,

275 4081 386 4193 227&
398 4146 435 4192 De
445 4145 583 4203 Religiosis,
596 4151 648 4194 etc.
661 4152 682 4194 t.
694 4165 717 4201 ·1,
729 4160 758 4194 n.
770 4153 839 4208 514.

303 4213 314 4246 3
328 4211 384 4258 Cfr.
396 4212 549 4258 Anienem
560 4213 784 4265 Eccrasrnsrrcn.
798 4215 818 4256 t.
832 4214 858 4255 15
868 4210 954 4266 (1907),
967 4222 994 4266 p.
1012 4215 1049 4257 23.
1067 4208 1127 4256 Iam
1137 4217 1200 4256 ante
1210 4207 1371 4256 huiusmodi

275 4289 435 4334 responsum
446 4275 480 4322 de
490 4289 520 4322 re
531 4275 719 4325 dubitabatur.
733 4278 804 4324 Cum
814 4287 847 4321 eo
857 4283 949 4320 autem
964 4273 1091 4332 componi
1106 4286 1161 4321 non
1172 4288 1251 4334 posse
1260 4274 1373 4322 videtur

276 4340 421 4400 benignior
432 4341 565 4388 sententia
576 4344 740 4401 scriptorum
752 4343 787 4389 N.
800 4341 835 4388 R.
848 4341 902 4387 Tit.
915 4339 944 4386 in
954 4345 1020 4387 nota
1030 4346 1049 4387 t.
1063 4347 1090 4397 39
1100 4342 1187 4399 (1907),
1200 4355 1228 4399 p.
1239 4342 1289 4386 161.
