2959 4900
258 331 295 366 au
310 330 457 367 rumorum
472 329 588 366 sorurro
605 331 623 364 a
637 329 659 365 s.
676 329 745 365 srnrr
761 308 803 366 su'·
817 329 902 366 sarra
920 331 1050 369 rmum
1164 311 1204 373 97

104 448 180 533 nisi
208 464 373 532 notabilis
399 444 510 531 obstet
537 461 683 530 mutatio
711 482 880 550 personae
908 462 961 530 vel
992 442 1206 533 Instituti‘1‘l

112 553 259 640 Quanto
286 554 405 620 minus
420 551 519 639 pauci
548 551 603 619 isti
620 550 708 636 dies,
735 553 772 617 in
790 552 874 639 ipsis
904 552 1062 620 claustris
1090 568 1123 620 et
1140 555 1205 622 sub

110 642 224 711 oculis
261 642 483 730 superiorum
521 639 694 725 transacti,
735 640 843 707 valori
884 655 1046 708 votorum
1083 645 1206 711 obesse

110 738 305 820 poterunt!

154 902 199 967 V.
227 912 284 974 De
312 910 596 992 opportunitate
624 886 811 973 recursus*
838 908 885 973 ad
915 909 954 974 S.
989 860 1127 975 Sedem
1157 910 1204 977 ad

108 991 312 1058 enodenda
334 993 461 1057 dubia.

158 1118 228 1185 Per
258 1118 320 1185 has
350 1118 494 1205 quidem
525 1116 725 1184 occasiones
758 1143 941 1208 quaerere
970 1138 1122 1207 pronum
1154 1137 1206 1186 est

48 1250 50 1256 ·
108 1221 231 1275 utrum
262 1227 370 1273 necne
401 1206 586 1293 expediens
620 1205 663 1273 sit
699 1206 744 1273 de
779 1210 910 1295 passim
943 1208 1206 1277 occurrentibus

109 1297 229 1364 dubiis
247 1294 367 1363 Sacrae
383 1297 477 1362 adire
494 1293 807 1384 Congregationes.

155 1394 270 1476 Resp.
310 1386 363 1451 De
395 1385 457 1452 hac
488 1404 525 1451 re
556 1385 759 1452 meminisse
792 1386 926 1453 iuvabit
952 1406 971 1452 a
1003 1385 1204 1455 doctissimo

109 1474 153 1543 C.
173 1474 347 1544 GENNAttr
365 1473 528 1562 scriptam
544 1494 618 1540 esse
635 1473 916 1543 lucubrationem
933 1495 1039 1564 quam
1065 1496 1105 1542 ex
1124 1476 1205 1544 Mo·

108 1580 255 1632 umorue
274 1562 825 1652 Eccrrrsmsrrco²desumptam
844 1564 900 1632 hic
914 1565 1018 1631 latine
1031 1562 1168 1632 damus.

158 1678 171 1716 l
192 1652 293 1720 Vltus
316 1670 349 1718 er
366 1652 516 1719 Basilius
533 1649 775 1740 quaestionem
792 1653 880 1720 hanc
904 1668 1060 1739 movent,
1085 1671 1205 1721 utrum

107 1763 219 1810 necne
252 1741 418 1830 expediat
459 1740 669 1829 frequenter,
717 1742 909 1810 dubiorum
956 1742 1205 1810 solvendorum

106 1832 231 1920 gratia,
260 1834 303 1898 al
321 1828 358 1898 S.
379 1829 507 1898 Sedem
523 1849 711 1896 recurrere.
740 1828 901 1898 Affirmat
916 1831 1030 1911 Virus,
1049 1833 1205 1918 eoquod

106 1919 277 2002 securior,
292 1920 359 1986 hoc
371 1920 491 2004 modo,
510 1920 708 1986 obtineatur
724 1918 914 1987 dubiorum
932 1920 1071 1987 solutio
1090 1921 1207 2010 Negat

107 2024 228 2077 autem
246 2008 408 2084 Basilius,
426 2029 469 2075 eo
485 2007 582 2096 quod
599 2009 642 2074 ad
658 2009 817 2096 proprias
834 2010 986 2077 actiones
1006 2023 1096 2078 recte
1112 2010 1204 2077 ordi-

106 2097 244 2166 nandas
259 2098 432 2186 generalia
448 2098 533 2163 iuris
550 2096 721 2186 principia
733 2097 919 2165 sufficiant.

156 2212 171 2249 r
193 2185 382 2273 Quaeritur
393 2187 463 2253 iam
475 2186 543 2252 utri
557 2185 600 2252 sit
616 2185 847 2254 adiudicanda
863 2208 978 2255 causa.

95 2306 99 2309 ·
156 2302 171 2338 ι
191 2275 246 2343 Ad
264 2275 466 2343 huiusmodi
483 2275 725 2363 quaestionem
752 2276 968 2363 solvendam,
997 2297 1071 2343 non
1089 2275 1205 2344 brevis

106 2364 283 2450 quaedam
295 2365 487 2452 responsio,
506 2363 567 2432 sed
583 2364 716 2454 integer
731 2378 894 2433 tractatus
910 2363 1041 2453 requiri
1053 2364 1202 2434 videtur.
1267 2417 1270 2423 .

108 2455 239 2540 Porr0,
267 2455 329 2521 etsi
346 2456 493 2522 libenter
516 2455 741 2523 concedimus
757 2474 898 2536 necesse
913 2455 1091 2523 interdum
1115 2476 1203 2543 esse,

105 2558 147 2611 ut
163 2558 306 2633 propter
329 2543 480 2611 dubium
495 2544 592 2632 quod
609 2544 710 2632 plene
727 2543 870 2611 enodari
898 2544 1090 2633 specialiter
1118 2544 1205 2612 inte·

106 2647 178 2701 rest
194 2632 238 2699 ad
258 2631 300 2701 S.
321 2631 450 2700 Sedem
476 2646 683 2718 recurratur,
702 2649 818 2721 aperte
840 2648 959 2701 tamen
975 2634 1205 2723 reprobamus

107 2722 262 2789 nimium
289 2721 513 2809 quorundam
529 2722 686 2789 studium
707 2739 740 2788 et
756 2722 855 2811 quasi
872 2723 1047 2812 pruritum
1071 2743 1143 2810 quo
1160 2722 1204 2789 ad

66 2836 70 2842 ’
108 2812 304 2900 quamlibet
334 2811 536 2878 solvendam
568 2811 868 2900 quaestiunculam
907 2812 1068 2880 Romana
1100 2811 1205 2878 tribu·

107 2901 201 2968 nalia
218 2899 360 2985 adeunt,
379 2916 417 2965 ut
433 2899 630 2967 authentica
646 2899 826 2967 obtineant
838 2921 1016 2990 responsa.

155 3015 170 3052 r
192 2987 318 3075 Quam·
339 3009 464 3076 parurn
478 3003 595 3056 autem
611 2990 768 3078 expediat
784 2990 932 3057 modum
948 2989 1050 3056 illum
1077 2989 1202 3080 agendi

108 3093 239 3165 tenere,
255 3077 368 3145 variae
383 3077 624 3146 demonstrant
637 3078 799 3146 rationes.

156 3193 170 3228 l
196 3191 225 3235 1.
258 3164 295 3234 Si
320 3188 340 3234 a
363 3187 527 3254 suprema
555 3181 720 3254 potestate
735 3166 911 3256 quaelibet
927 3187 981 3234 res
1004 3167 1092 3236 foret
1118 3167 1203 3236 deli-

109 3255 251 3339 nienda,
281 3255 397 3322 omnis
424 3256 550 3345 periret
584 3257 737 3324 scientia.
772 3256 813 3323 ln
849 3277 890 3324 eo
919 3255 1014 3324 enim
1041 3257 1203 3326 scientiae

109 3346 197 3412 ratio
214 3344 383 3430 consistit,
412 3359 451 3411 ut
467 3365 506 3411 ex
523 3344 702 3434 principiis
718 3359 884 3413 eruantur
900 3347 1109 3415 consectaria
1125 3346 1203 3435 qui·

110 3433 176 3501 bus
203 3433 331 3501 deinde
347 3432 499 3500 actiones
525 3433 768 3502 informentur.
801 3434 878 3502 Iam
893 3456 989 3521 vero,
1018 3434 1046 3503 si
1063 3456 1203 3504 summa

113 3521 287 3590 Ecclesiae
315 3535 464 3611 potestas
487 3523 573 3610 quid
600 3524 637 3590 in
661 3523 819 3613 quolibet
845 3545 926 3591 casu
955 3524 1132 3613 agendum
1159 3524 1202 3592 sit

109 3611 301 3679 decretoria
316 3614 391 3701 lege
418 3610 577 3699 ediceret,
596 3612 667 3679 iam
693 3614 802 3681 nullo,
820 3625 920 3701 pacto
937 3633 1027 3702 opus
1054 3612 1142 3680 foret
1157 3613 1201 3681 ad

110 3699 281 3802 principia
313 3720 507 3785 recurrere,
547 3701 594 3769 ita
631 3715 670 3768 ut
704 3701 779 3790 ipsa
817 3701 978 3770 scientiae
1017 3700 1202 3770 necessitas

137 3803 249 3857 errret.
514 3845 520 3856 .

110 3810 134 3877 p
159 3904 171 3940 l
193 3901 224 3946 2.
241 3877 473 3965 Minueretur,
484 3879 595 3946 nimio
608 3899 764 3964 recursu,
778 3878 886 3946 libera
898 3878 1077 3947 actionum
1089 3880 1199 3968 optio.

113 3966 185 4035 Res
200 3983 281 4034 sunt
297 3988 389 4056 quae
402 3967 439 4034 in
455 3981 639 4056 utramque
655 3982 788 4056 partem
816 3969 1023 4036 controverti
1040 3982 1197 4058 possunt,

109 4056 208 4123 itaut
222 4077 331 4145 quam
343 4055 409 4124 sibi
426 4056 574 4146 quisque
587 4058 849 4146 praeferendam
864 4056 967 4125 ducat
979 4057 1200 4152 sententiam,

142 4317 150 4350 ¹
163 4317 218 4365 Cir.
230 4318 266 4364 Dr
276 4316 402 4376 Religiosis
412 4320 432 4363 t.
442 4315 455 4362 1
466 4328 494 4362 n.
505 4331 557 4372 190.
567 4340 593 4350 -
605 4318 616 4351 2
626 4314 687 4361 Vol.
701 4314 748 4369 IX,
760 4327 780 4368 r,
793 4327 820 4372 p.
833 4320 884 4361 256.
