2959 4900
69 408 135 496 [50]
313 435 336 472 s.
353 431 377 472 e.
394 437 437 472 ee.
455 435 490 472 ar
506 433 569 473 neo.
588 431 693 472 causan
709 429 921 471 contensiosus
1102 408 1158 475 itii

108 573 165 628 lll.
185 569 397 630 Tusculana.
418 573 627 648 Exemptionis
637 589 674 630 ac
688 573 799 628 iuriam
814 577 835 628 ¹.
851 583 854 590 ’

107 657 206 712 Causa
227 656 267 712 ita
288 657 388 730 paucis
411 658 505 714 verbis
527 657 669 731 reperitur
691 657 834 730 descripta
859 656 889 710 in
911 657 1001 711 Aera·
1014 657 1043 712 S.
1068 657 1168 714 Saum..

108 743 144 798 ln
165 743 275 816 oppido
298 744 402 801 Monte
426 744 581 818 Compatri
605 755 786 818 nuncupato
807 743 992 800 Tusculanae
1012 742 1161 811 dioecesis,

71 814 251 871 Carmelitae
266 816 440 885 Excalceati,
450 831 569 891 praeter
582 817 759 873 coenobium
772 827 800 872 et
813 814 963 886 ecclesiam
978 816 1006 870 S.
1023 815 1162 882 Silvestri‚

71 886 184 942 habent
198 898 277 943 extra
290 887 415 944 claustra
436 888 589 962 publicum
610 888 791 954 Oratorium,
806 885 857 941 ubi
877 887 1044 968 prodigiosa
1065 887 1164 959 imago

72 958 126 1011 sub
146 958 235 1014 titulo
256 959 294 1015 B.
318 960 364 1016 M.
393 960 426 1015 V.
448 959 497 1016 del
520 960 672 1035 Castagno
696 959 843 1025 recolitur,
864 975 938 1030 quae
963 975 993 1013 in
1013 959 1165 1014 nonnullis

72 1028 320 1098 sollemnitatibus
344 1032 379 1086 ad
393 1031 450 1088 loci
472 1033 637 1105 paroeciam
659 1030 808 1086 transferri
830 1042 857 1085 et
881 1029 1013 1102 publicae
1033 1029 1164 1085 fidelrum

71 1101 254 1156 venerationi
277 1103 384 1177 exponi
408 1103 491 1160 solet.
518 1104 583 1159 Hac
605 1102 634 1157 in
658 1119 689 1158 re
707 1102 815 1176 duplex
837 1114 935 1157 exorta
957 1113 998 1158 est
1021 1101 1162 1182 quaestio.

75 1172 176 1227 Prima
189 1172 314 1245 agitatur
327 1173 402 1231 inter
415 1176 535 1231 Curiam
557 1175 759 1230 dioecesanam
782 1188 809 1229 et
825 1173 1006 1241 Camelitas,
1023 1191 1074 1244 qur
1096 1190 1171 1228 con·¹

72 1243 198 1299 tendunt
212 1245 382 1301 Oratorium
394 1247 430 1302 de
444 1248 589 1302 Castaneo
602 1263 663 1302 esse
683 1245 816 1317 ipsorum
840 1244 1002 1318 proprium,
1026 1245 1117 1300 immo
1137 1257 1165 1299 et

73 1327 243 1389 exemptum
256 1317 293 1373 ab
304 1317 452 1374 Ordinarii
464 1318 628 1387 dioecesani
642 1317 852 1384 iurisdictione,
867 1315 992 1387 ideoque
1007 1333 1059 1385 pro
1072 1316 1165 1371 dictae

75 1386 169 1442 iconis
193 1389 393 1459 translatione,
414 1390 501 1446 etiam
527 1401 725 1464 temporanea,
747 1404 923 1448 consensum
950 1386 1165 1459 Religiosorum

74 1458 194 1530 requiri.
210 1459 310 1516 Altera
322 1474 456 1517 movetur
469 1480 486 1517 a
499 1461 586 1516 locali
599 1460 733 1532 parocho,
748 1460 884 1516 adversus
898 1459 1015 1515 eosdem
1027 1459 1165 1514 Carmeli-

74 1541 125 1598 tas,
142 1530 252 1612 quippe
274 1531 335 1603 qui,
356 1532 417 1588 eius
436 1533 562 1588 inimicis
583 1532 708 1587 nimium
731 1532 925 1602 indulgentes,
948 1543 1011 1585 tum
1024 1530 1165 1586 sollemne

75 1599 164 1656 funus
176 1603 330 1658 cuiusdam
351 1603 428 1660 filiae
447 1605 476 1659 in
499 1605 546 1660 die
565 1604 649 1661 tertia
670 1622 687 1659 a
710 1615 816 1670 morte,
836 1602 994 1728 persolutis
1016 1602 1166 1657 dumtaxat

75 1671 158 1728 iustis
170 1673 342 1731 funebribus
352 1676 381 1730 in
393 1677 568 1732 coemeterio
578 1677 688 1746 absque
698 1675 833 1748 exsequia
848 1673 1164 1743 iMissa‚celebrarunr,

75 1754 137 1799 tum
152 1744 182 1799 in
196 1745 269 1802 sesto
283 1747 312 1803 S.
327 1747 450 1804 Antonii
462 1748 584 1804 Abbatis
596 1748 771 1804 sollemnem
795 1749 980 1819 quorundam
994 1744 1166 1801 animalium

79 1815 314 1873 benedictionem
326 1819 441 1891 publice
454 1832 636 1892 peregerunt.

107 1899 296 2027 alimonium
309 1903 471 1976 proposita,
486 1903 605 1976 quaein
620 1904 724 1959 eodem
734 1902 835 1959 libello
851 1901 998 1975 periodico
1019 1901 1059 1957 sic
1078 1901 1166 1957 latine

79 1987 105 2026 re
149 1989 187 2026 un
226 1991 258 2029 r:

111 2055 136 2112 l.
160 2058 211 2112 An
233 2069 344 2115 constet
364 2059 400 2115 de
419 2061 603 2134 proprietate
626 2059 670 2116 Ca
691 2059 769 2115 ellae
787 2076 837 2115 sen
862 2057 999 2114 Oratorii
1018 2059 1054 2114 B.
1083 2058 1117 2114 V.
1132 2059 1167 2113 de

82 2126 227 2185 Castaneo
249 2127 358 2204 favore
382 2133 527 2187 Fratrum
549 2077 784 2188 Carmesstarum
811 2130 1063 2186 Excalceatorum
1092 2130 1167 2184 Con·

81 2211 177 2256 ventus
200 2201 233 2256 S.
256 2202 396 2262 Silvestri
419 2205 460 2258 ad
489 2204 659 2260 Tusculum.
682 2235 717 2243 —
744 2205 781 2258 Et
807 2214 950 2274 quatenus
976 2201 1165 2257 affirmative:

81 2269 120 2328 ΙΙ.
147 2272 255 2328 Utrum
275 2275 385 2329 dictum
412 2274 587 2331 Oratorium
611 2275 766 2330 dicendum
790 2274 829 2329 sit
847 2290 935 2329 exem
957 2283 1016 2328 tum
1036 2291 1055 2329 a
1081 2273 1167 2328 iuris·

81 2342 204 2400 dictione
225 2362 276 2400 seu
301 2346 470 2402 visitatione
491 2347 552 2401 Etm'
573 2347 713 2420 Episcopi
741 2345 905 2401 Tusculani
922 2291 1031 2419 littore
1073 2345 1168 2402 ariter

82 2414 223 2471 dictorum
239 2418 385 2473 Fratrum
403 2418 638 2475 Carmelitarum
654 2418 922 2487 Discalceatorum,
935 2363 1071 2475 neraei

82 2486 158 2541 Emus
173 2488 203 2543 Ε
221 2489 336 2563 iscopus
351 2491 551 2558 dioecesanus,
565 2492 629 2547 sine
639 2507 779 2546 consensu
788 2490 1012 2564 praedictorum
1022 2490 1168 2545 Fratrum

85 2506 317 2616 Carmelitarum
324 2562 589 2633 Excalceatorum‚
601 2563 767 2631 transferre
773 2561 868 2635 possit
877 2560 924 2618 rel
934 2561 1084 2618 licentiam
1095 2561 1169 2616 dare

83 2629 143 2686 alio
156 2633 365 2704 transferendi,
380 2651 431 2689 ex.
441 2652 493 2708 gr.
506 2634 536 2690 in
542 2634 722 2708 parochiam
734 2632 847 2688 Montis
860 2636 1062 2707 Compatrnm,
1077 2632 1167 2688 etiam

84 2701 122 2755 ad
141 2702 226 2759 breve
239 2716 295 2760 tem
318 2722 351 2760 us
363 2705 533 2780 Imaginem
549 2706 587 2762 B.
611 2705 644 2761 V.
659 2706 696 2761 de
708 2708 854 2762 Castaneo
874 2705 904 2759 in
927 2705 1004 2760 dicto
1026 2702 1168 2759 Oratorio

84 2783 255 2831 exstantem.
274 2776 291 2830 I
325 2818 332 2832 .
355 2778 436 2831 Num
456 2778 486 2833 in
502 2778 568 2833 iure
589 2777 666 2833 etin
679 2777 799 2903 {aaron
817 2776 974 2848 probanda
995 2775 1035 2831 sit
1052 2775 1099 2831 vel
1112 2793 1168 2831 non

84 2846 192 2917 agendi
204 2847 284 2903 ratio
297 2848 394 2904 Remu
406 2849 443 2905 P.
459 2850 578 2905 Prioris
589 2865 678 2905 coeno

84 2918 271 2988 Compatram
297 2920 375 2992 quod
387 2920 428 2976 ad
450 2920 677 2978 celebrationem
697 2920 815 2976 Missae
833 2936 977 2994 exsequia

93 2986 125 3067 lf.
138 2989 214 3044 Num
230 2991 261 3045 in
275 2990 342 3047 iure
354 3000 383 3047 et
394 2992 424 3046 in
434 2991 517 3062 sacto
535 2991 743 3065 approbandas
756 2992 795 3047 sit
807 2990 854 3048 rel
867 3009 924 3047 non
941 2990 1055 3066 agendi
1068 2990 1169 3046 modus

86 3060 209 3116 eiusdem
231 3062 329 3118 Remu·
353 3063 390 3119 P.
414 3064 536 3120 Prioris
558 3063 657 3137 quoad
680 3063 910 3120 benedictionem
934 3060 1112 3118 animalium
1139 3062 1169 3117 in

83 3129 156 3197 sesto
167 3132 198 3188 S.
212 3133 338 3191 Antonii
350 3133 475 3198 Abbatis
486 3135 516 3190 in
530 3152 612 3192 casu.

121 3213 151 3269 S.
164 3215 197 3271 C.
215 3217 276 3273 EE.
292 3226 321 3273 et
337 3218 399 3273 RR.
419 3218 558 3274 omnibus
582 3219 619 3275 ad
643 3219 786 3275 trutinam
808 3217 959 3289 revocatis
982 3217 1029 3273 die
1057 3218 1085 3273 13
1101 3216 1169 3273 maii

92 3301 165 3357 1904,
180 3288 414 3359 respondendum
427 3289 540 3346 censuit
553 3311 558 3346 :

122 3370 167 3424 Ad
184 3373 205 3427 1.
227 3372 396 3429 Reformato
409 3374 500 3430 dubio
513 3374 571 3431 hoc
584 3375 693 3431 modo:
718 3376 798 3430 Num
813 3384 923 3431 constet
945 3373 1100 3447 Capellam
1119 3390 1170 3429 sen

91 3439 259 3498 Oratorium
273 3445 312 3501 Β.
334 3444 368 3500 V.
383 3445 419 3501 de
433 3445 582 3503 Castanea
604 3464 622 3502 a
645 3447 806 3503 Fratribus
831 3445 1044 3503 Carmelitanis
1058 3445 1171 3502 Excal-

89 3512 178 3567 ceatis
192 3514 352 3571 Conventus
364 3517 397 3573 S.
410 3517 550 3575 Silvestri
566 3518 730 3575 Tusculani
744 3518 878 3593 legitime
886 3514 1037 3592 possideri
1045 3534 1055 3584 ;

123 3596 149 3648 A
149 3593 317 3669 ffirmatire.

125 3678 171 3733 Ad
184 3680 219 3736 ll.
237 3682 389 3757 Negatire
401 3684 442 3741 ad
449 3686 583 3759 primam
593 3697 712 3760 partem
724 3704 734 3753 ‚·
751 3684 942 3762 Affirmauve
952 3684 1170 3741 obsecundant.

126 3763 171 3817 Ad
185 3766 234 3822 lll.
254 3768 416 3843 Negative.

126 3847 172 3901 Ad
185 3850 221 3904 lV
234 3863 261 3906 et
273 3854 310 3909 V.
334 3853 421 3923 Quod
433 3854 473 3910 ad
486 3854 540 3922 ius,
565 3874 584 3911 a
618 3856 747 3912 rmative
769 3867 797 3912 et
817 3856 857 3912 ad
870 3866 994 3912 mentem
1006 3872 1015 3922 ,·
1036 3871 1117 3911 mens
1130 3865 1173 3911 est

92 3918 321 4069 ιςίἰζάεῖἕέἑξον
336 3925 502 3981 Contentus
513 3926 547 3984 S.
588 3927 702 3984 ilrestri
715 3928 745 3982 in
758 3927 906 3983 similibus
919 3928 1035 3983 casibus
1043 3927 1172 4000 pruden-

131 4091 156 4129 1.
176 4077 300 4136 Dubium
321 4080 451 4153 primum
474 4082 665 4139 relormatum
686 4095 729 4139 est
751 4101 768 4139 a
792 4082 821 4139 S.
844 4082 1087 4155 Congregatione,
1112 4098 1172 4137 non

93 4146 173 4217 quod
188 4151 319 4208 ecclesias
332 4152 537 4211 existimaverit
551 4172 613 4211 esse
626 4156 669 4226 (ut
683 4155 798 4211 videtur
816 4171 937 4226 arguere
954 4153 1076 4227 scriptor
1089 4155 1173 4208 Acri

94 4218 125 4272 S.
140 4217 224 4292 Ssms,
242 4242 268 4296 p.
287 4224 348 4293 585,
365 4243 395 4280 n.
422 4228 459 4298 ιο)
480 4225 510 4281 in
525 4227 588 4282 solo
613 4227 665 4283 Dei
678 4226 819 4296 dominio,
840 4226 890 4282 sed
903 4224 972 4298 quia
986 4226 1083 4282 deesse
1096 4224 1172 4280 vide-

101 4348 407 4365 ...Q——

992 2935 1017 2975 rs
1037 2917 1067 2972 in
1087 2935 1167 2974 casu.

124 4428 131 4459 ¹
148 4428 219 4481 Acts
229 4434 254 4484 S.
267 4436 358 4494 Senis,
370 4439 391 4483 t.
404 4441 441 4493 37,
452 4448 479 4495 p.
491 4438 599 4493 575·585.

1243 573 1344 617 cause.

1065 2416 1167 2473 itan
1258 2436 1263 2447 ⁴
1313 2415 1316 2422 ’

699 2848 722 2903 ii
734 2850 766 2904 S.
783 2848 1021 2975 Silvestriprope
1035 2845 1168 2902 Montem
1216 2912 1218 2918 y

1255 3215 1313 3263 Dies
1323 3216 1364 3272 (rs

1226 3276 1285 3321 ntat't'
1295 3276 1374 3331 1904).

1224 3406 1374 3502 aifatu·

1257 4092 1371 4137 Annulo·

1229 4150 1312 4196 tiones.
