2959 4900
671 360 875 398 SUPPLEMENTA

381 546 860 632 SUPPLEMENTUM
901 546 1170 630 TERTIUM

405 757 457 822 nrt
497 755 688 823 ruuutrrs
722 754 1147 822 sarcumrrznrronrs

514 942 611 1032 (Cfr.
632 953 657 1012 t.
680 964 714 1026 2,
735 967 769 1045 a.
791 965 864 1027 124,
878 966 915 1034 p.
935 944 1043 1027 440.)

279 1130 484 1200 Distinctius
498 1148 530 1200 et
542 1135 734 1202 accuratius
743 1134 1144 1222 proponendusestusos
1155 1151 1318 1219 praesens

234 1220 459 1376 {ndultorum
471 1223 785 1292 saecularizationis
802 1224 947 1311 (dequo
964 1225 1001 1288 in
1018 1236 1099 1289 nota
1115 1241 1149 1306 4,
1168 1243 1201 1308 p.
1220 1224 1315 1306 440).

253 1325 378 1398 taque:

280 1423 308 1466 1.
336 1397 602 1468 Saecularizatio
634 1402 681 1478 od
710 1423 840 1469 annum
885 1410 917 1468 et
954 1399 1091 1466 interim
1136 1419 1209 1465 non
1247 1397 1317 1464 iam

231 1487 373 1554 concedi
398 1491 588 1558 consuevit.
610 1489 703 1558 Cum
730 1491 826 1558 enim
853 1489 1056 1557 huiusmodi
1085 1486 1317 1554 saecularizati

231 1575 371 1645 difficile
399 1579 587 1666 reperirent
617 1579 834 1668 Episcopum
861 1579 922 1667 qui
940 1578 1035 1668 ipsos
1066 1577 1243 1664 reciperet,
1262 1596 1320 1664 po

231 1666 404 1733 stulabant
427 1687 565 1756 semper
593 1667 766 1736 iterandas
793 1671 1058 1756 prorogationes
1078 1665 1222 1752 indulti,
1241 1664 1317 1752 qui·

230 1754 297 1822 bus
314 1754 418 1823 fiebat
433 1773 472 1822 ut
488 1778 561 1824 non
573 1758 673 1846 pauci
691 1757 884 1825 sacerdotes
901 1758 937 1824 in
954 1755 1092 1823 saeculo
1105 1755 1268 1843 degerent
1283 1752 1321 1821 in

231 1845 365 1911 nullam
389 1845 577 1914 dioecesim
600 1846 763 1936 cooptati.
796 1845 895 1932 Quae
919 1866 974 1912 res
995 1845 1067 1911 visa
1094 1860 1145 1911 est
1169 1843 1206 1911 S.
1226 1843 1321 1911 Con-

230 1933 423 2023 gregationi
440 1937 542 2023 plena
559 1936 797 2025 periculorum
813 1950 846 2003 et
862 1932 1185 2002 incommodorum.

277 2045 308 2089 2.
330 2022 398 2089 His
410 2025 484 2112 qui,
500 2045 581 2092 cum
593 2027 713 2092 animo
726 2024 955 2112 postmodum
968 2021 1145 2112 repetendi
1159 2023 1318 2108 claustra,

230 2110 396 2198 peculiari
424 2114 576 2200 quadarn
603 2114 818 2202 necessitate,
848 2136 881 2180 v.
915 2135 966 2202 gr.
1001 2111 1115 2180 alendi
1147 2125 1320 2198 parentes,

231 2199 445 2268 inducuntur
476 2202 518 2269 ad
554 2203 801 2293 postulandam
830 2202 1030 2270 facultatem
1062 2199 1222 2267 versandi
1260 2220 1322 2287 per

231 2289 374 2377 aliquod
390 2304 528 2377 tempus
542 2307 633 2359 extra
645 2291 909 2374 monasterium,
920 2289 1120 2358 conceditur
1137 2289 1320 2356 indultum

232 2378 546 2447 saecularizationis
577 2381 780 2470 temporalis
810 2381 906 2470 quod
942 2379 1190 2468 descripsimus
1221 2395 1245 2445 t.
1285 2399 1317 2464 2,

231 2490 266 2535 n.
288 2477 361 2555 118,
379 2488 413 2549 Β,
434 2490 465 2555 p.
482 2470 559 2556 434.
751 2469 755 2477 “

277 2559 308 2626 3.
338 2560 500 2646 Denique
516 2560 544 2625 si
561 2558 622 2647 qui
639 2558 706 2626 sibi
723 2574 891 2647 quaerant
906 2558 1173 2626 dissolutionem
1193 2557 1319 2625 vinculi

232 2668 303 2735 quo
320 2647 513 2737 iunguntur
528 2670 593 2716 suo
614 2648 792 2735 instituto,
810 2647 1024 2739 conceditur,
1043 2649 1070 2713 si
1085 2646 1175 2714 iusta
1190 2647 1262 2713 visa
1278 2646 1321 2713 sit

232 2758 345 2818 causa,
376 2736 633 2805 saecularizatio
656 2753 834 2827 perpetua,
864 2737 964 2804 cuius
991 2736 1142 2803 formula
1176 2735 1322 2803 habetur

232 2848 266 2894 n.
288 2835 362 2914 118,
386 2844 421 2913 A,
441 2850 474 2913 p.
493 2826 572 2913 433,
587 2827 632 2894 ita
648 2842 766 2894 tamen
781 2843 821 2893 ut
847 2826 1007 2914 quisunt
1031 2826 1068 2892 in
1084 2824 1189 2892 sacris
1206 2825 1322 2911 prohi-

231 2916 378 2984 beantur
392 2918 549 2983 deserere
566 2915 753 2996 Ordinem,
771 2931 960 3003 antequam
981 2915 1197 3002 Episcopum
1217 2914 1320 2981 bene·

232 3006 352 3074 volum
365 3021 580 3093 receptorem
593 3004 790 3072 invenerint
801 3025 839 3071 ac
852 3025 989 3072 sacrum
1002 3003 1067 3070 sibi
1080 3002 1320 3070 constituerint

231 3094 495 3183 patrimonium.
1301 3153 1303 3158 .

279 3184 327 3251 N.
349 3184 390 3250 B.
420 3182 457 3251 Si
477 3183 676 3271 Episcopus
700 3181 892 3249 benevolus
919 3196 1074 3269 receptor
1097 3178 1320 3248 declaraverit

232 3272 304 3339 fore
320 3289 359 3339 ut
374 3293 528 3362 congrua
543 3272 617 3359 ipse
635 3285 797 3360 procuret
822 3271 999 3354 alimenta,
1017 3269 1180 3336 facillime
1195 3269 1238 3336 ab
1261 3268 1320 3337 ha·

232 3359 348 3428 bendo
361 3360 499 3450 proprie
513 3361 605 3428 dicto
620 3360 832 3449 patrimonio
845 3357 1318 3447 dispensatS.Congregati0.

371 3706 849 3790 SUPPLEMENTUM
884 3706 1180 3810 QUARTUM

583 3918 633 3978 DE
663 3914 802 3978 VARIIS
832 3912 969 3977 DUBllS

279 4113 308 4181 I.
333 4113 388 4179 De
414 4110 560 4179 Litteris
576 4109 871 4198 testimonialibus,
890 4108 937 4205 od
953 4105 1216 4198 ingrediendum
1234 4107 1325 4174 novi·

231 4201 260 4267 t·
323 4224 368 4269 m.

248 4210 320 4358 min
333 4291 364 4355 A
379 4310 537 4378 quonam
554 4301 637 4355 sunt
656 4286 825 4377 petendae
848 4287 981 4355 litterae
1010 4284 1271 4372 testimoniales,
1289 4285 1318 4351 si
