2959 4900
309 304 349 370 66
765 332 947 371 nonuururii

250 545 253 558 ·
310 501 541 589 110.-ss.
558 517 642 584 iiii.
661 516 991 683 ‘'mgffiffl
1014 517 1050 588 s.
1067 516 1390 588 caiantaiiiiiis

539 793 764 849 DEGRHTUM
774 795 823 871 Ι20
840 792 1077 851 DHGHMBRIS
1090 795 1172 850 1905

451 943 505 999 De
518 943 699 1001 cotidiana
710 942 774 1001 ss.
788 942 1037 1003 sasantinae
1049 944 1253 1019 sumptione
1299 1015 1302 1021 ,
1357 1010 1361 1020 ¹
1452 996 1453 1003 ,

346 1102 370 1157 l.
389 1100 500 1157 Sacra
512 1098 724 1155 undenum
738 1099 914 1171 synodus,
936 1111 1100 1174 perspectas
1113 1099 1223 1155 habens
1237 1099 1390 1157 ineffabiles
1452 1078 1453 1153 i

328 1188 386 1229 uae
404 1170 650 1228 Christilidelibus
672 1171 835 1228 obveniunt
891 1170 1018 1227 atiarum
1041 1170 1164 1238 divitias,
1188 1171 1390 1227 sanctissimam
1452 1170 1453 1197 ³

308 1190 525 1299 {acharistiam
547 1242 730 1298 sumentibus
750 1243 837 1311 (Sess.
857 1188 958 1311 iinl,
978 1260 1043 1316 cap.
1055 1245 1107 1315 vil,
1123 1242 1181 1299 ait:
1198 1241 1326 1315 Optaret
1337 1246 1390 1316 qui·

307 1316 375 1371 dem
397 1323 589 1371 sacrosancta
610 1314 635 1368 S
678 1313 761 1381 odus,
783 1324 815 1368 ut
828 1314 858 1368 in
870 1313 1000 1389 singulis
1014 1314 1120 1370 Missis
1132 1313 1233 1377 fideles
1252 1313 1390 1383 adstantes
1452 1358 1453 1361 ,

309 1403 366 1442 non
379 1386 476 1441 solum
488 1385 615 1459 spiritua
630 1386 641 1438 i
653 1385 770 1461 affectu,
783 1386 836 1441 sed
848 1385 1064 1442 sacramentali
1082 1386 1172 1441 eiiam
1190 1385 1391 1443 Eucharistiae

247 1485 251 1492 ‚
305 1458 493 1531 perceptione
513 1457 776 1512 communicarent.
803 1457 886 1525 Quae
899 1458 987 1512 verba
1001 1458 1070 1512 satis
1085 1468 1184 1529 aperte
1195 1458 1326 1529 produnt
1348 1460 1391 1513 Ec-

308 1529 413 1585 clesiae
428 1528 605 1585 desiderium
614 1539 647 1583 ut
656 1544 761 1583 omnes
769 1526 979 1584 Christifideles
991 1528 1043 1583 illo
1055 1528 1172 1585 caelesti
1184 1528 1320 1585 convivio
1333 1529 1392 1584 coti·

308 1599 357 1656 die
369 1598 547 1668 reficiantur,
560 1613 590 1655 et
603 1599 751 1672 pleniores
763 1616 798 1655 ex
811 1615 847 1655 eo
862 1598 1100 1655 sanctificationis
1113 1600 1252 1655 hauriant
1270 1599 1391 1659 effectus.

129 1692 256 1746 Canama·
346 1681 527 1739 Huiusmodi
538 1699 608 1740 vero
621 1694 689 1738 vota
702 1699 773 1737 cum
793 1681 845 1738 illo
865 1682 1025 1739 cohaerent
1033 1680 1176 1739 desiderio
1195 1699 1257 1755 quo
1268 1682 1392 1737 Christus

111 1763 137 1795 ¹¹⁶
161 1749 256 1796 christi·
311 1755 453 1811 Dominus
472 1754 608 1810 incensus
620 1753 678 1809 boc
691 1753 824 1809 divinum
845 1754 1069 1810 Sacramentum
1081 1752 1215 1810 instituit.
1237 1756 1305 1881 Ipse
1323 1753 1391 1810 enim

122 1809 198 1854 antur
212 1820 254 1853 ¹²⁰·
308 1842 364 1883 nec
375 1824 465 1881 semel
478 1843 532 1882 nec
544 1827 670 1882 obscure
684 1826 887 1881 necessitatem
902 1825 1000 1882 innuit
1013 1842 1083 1882 suae
1095 1824 1190 1881 carnis
1203 1841 1251 1881 cre
1273 1843 1307 1880 ro
1320 1841 1391 1880 nian-
1452 1852 1453 1857 κ

95 1862 182 1914 mm·
308 1896 462 1953 ducandae
473 1896 576 1968 suique
590 1897 741 1968 sanguinis
755 1896 883 1963 bibendi,
898 1897 1068 1970 praesertim
1080 1898 1126 1953 his
1138 1896 1233 1953 verbis
1255 1916 1262 1951 ε
1282 1896 1347 1953 Hic
1357 1905 1392 1975 est

303 1969 396 2042 panis
414 1968 451 2024 de
462 1967 546 2024 caelo
558 1968 750 2040 descendens3
772 1985 829 2023 non
842 1967 919 2023 sicut
931 1968 1186 2025 manducaverunt
1192 1977 1298 2042 patres
1311 1978 1389 2023 vestn

309 2057 422 2096 manna
440 2050 469 2095 et
487 2042 597 2096 mortui
616 2049 707 2096 sunt:
721 2040 775 2113 qui
788 2039 950 2095 manducat
960 2041 1037 2096 ltunc
1046 2058 1157 2114 panem
1170 2042 1249 2095 viret
1262 2039 1292 2094 in
1307 2050 1391 2094 aeter-

309 2128 379 2167 num
395 2113 503 2182 (laam,
518 2130 557 2181 vi,
574 2112 630 2183 59).
645 2114 691 2167 Ei
702 2130 763 2192 qua
771 2112 993 2185 comparatione
1007 2112 1064 2168 cibi
1076 2111 1200 2185 angelici
1209 2128 1280 2167 cum
1289 2127 1362 2183 pane
1369 2122 1392 2165 et

307 2200 418 2238 manna
427 2182 511 2239 facile
523 2200 540 2237 a
550 2182 700 2256 discipulis
710 2182 838 2255 intellegi
850 2194 973 2255 poterat,
988 2184 1238 2256 quemadmodum
1252 2199 1329 2253 pane
1338 2198 1392 2237 cor·

308 2271 364 2326 pus
386 2254 494 2309 cotidie
516 2255 654 2321 nutritur,
679 2266 707 2310 et
730 2272 839 2309 manna
860 2255 891 2309 in
913 2256 1026 2311 deserto
1040 2254 1167 2310 Hebraei
1180 2254 1288 2310 cotidie
1301 2252 1392 2309 refecti

308 2334 387 2393 sunt,
400 2325 441 2380 ita
460 2325 591 2381 animam
606 2325 794 2381 christianam
811 2326 927 2382 caelesti
940 2343 1014 2399 pane
1033 2325 1110 2382 vesci
1128 2342 1214 2398 posse
1238 2324 1345 2381 cotidie
1365 2340 1393 2377 ac

308 2395 442 2456 recreari.
455 2399 577 2467 Insuper
590 2398 671 2470 quod
684 2397 716 2453 in
731 2397 864 2455 oratione
886 2398 1041 2454 Dominica
1061 2398 1179 2471 exposci
1200 2397 1281 2453 iubet
1288 2412 1391 2470 panem

308 2478 441 2524 nostrum
460 2468 653 2536 cotidianum,
678 2487 730 2550 per
749 2470 779 2525 id
799 2471 851 2526 SS.
871 2470 1017 2526 Ecclesiae
1042 2471 1141 2525 Patres
1162 2467 1392 2526 lere'unanimes

308 2542 424 2607 docent,
438 2557 499 2595 non
514 2552 575 2596 tani
588 2541 771 2597 materialem
783 2558 899 2610 panem,
921 2541 1053 2615 corporis
1065 2558 1173 2611 escam,
1187 2557 1279 2613 quam
1292 2555 1391 2612 panem
1451 2577 1452 2582 κ

308 2611 535 2668 eucharisticum
549 2612 659 2668 cotidie
671 2613 848 2668 sumendum
862 2613 991 2686 intellegi
1005 2613 1121 2669 debere.

244 2728 253 2738 -
346 2697 385 2751 ll.
408 2695 591 2751 Desiderium
602 2712 672 2752 vero
687 2698 753 2752 Iesu
766 2695 873 2752 Christi
887 2709 915 2751 et
925 2693 1084 2763 Ecclesiae,
1095 2707 1129 2750 ut
1140 2710 1245 2750 omnes
1258 2693 1390 2750 Christifi·
1451 2711 1452 2726 ³

308 2767 388 2822 deles
400 2767 507 2823 cotidie
518 2767 556 2822 ad
568 2783 684 2823 sacrum
693 2767 860 2823 convivium
869 2770 1018 2836 accedant,
1030 2767 1060 2822 iri
1070 2783 1106 2823 eo
1116 2765 1303 2839 potissimum
1312 2776 1353 2821 est
1363 2774 1390 2818 ut

309 2837 528 2908 Christifideles,
567 2855 599 2894 er
611 2853 827 2895 sacramentum
849 2839 911 2894 Deo
924 2839 1083 2908 coniuncti,
1098 2839 1188 2893 robur
1201 2837 1269 2892 inde
1282 2837 1390 2908 capiant

307 2909 344 2964 ad
358 2927 426 2966 com
464 2927 531 2966 scen
553 2927 601 2965 aiii
614 2909 779 2977 libidinem,
794 2910 831 2964 ad
855 2910 932 2966 leves
958 2911 1059 2982 culpas
1075 2925 1151 2982 quae
1169 2907 1274 2964 cotidie
1295 2924 1388 2964 occur·

307 2993 377 3036 runt
389 2981 425 3037 ab
439 2981 559 3048 uendas,
574 2993 603 3038 et
616 2982 653 3036 ad
666 2981 800 3053 graviora
810 2993 938 3053 peccata,
950 2982 1056 3054 quibus
1066 2981 1196 3036 humana
1206 2979 1345 3052 fragilitas
1355 2989 1391 3035 est

309 3053 447 3120 obnoxia,
459 3053 658 3126 praecavenda
675 3068 754 3108 :nori
768 3066 867 3109 autem
885 3053 1040 3125 praecipue
1059 3065 1091 3109 ut
1105 3051 1225 3108 Domini
1245 3050 1390 3107 honoriae

308 3125 489 3180 venerationi
501 3125 681 3192 consulatur,
696 3141 750 3180 nec
763 3135 797 3178 ut
806 3125 988 3181 sumentibus
998 3124 1028 3179 id
1036 3125 1120 3198 quasi
1128 3138 1239 3180 merces
1252 3134 1305 3178 aut
1318 3137 1391 3198 prae·

308 3195 404 3250 mium
416 3196 453 3250 sit
465 3212 585 3252 suarum
599 3195 743 3251 virtutum
757 3197 764 3254 l
768 3196 798 3251 S.
819 3197 943 3267 August.
959 3197 1053 3255 Serm.
1070 3197 1150 3251 LVII
1173 3195 1203 3250 iri
1221 3194 1325 3250 Matth.
1350 3192 1391 3248 De

310 3265 397 3322 Orat.
412 3267 514 3337 Dom,
528 3285 556 3324 v.
571 3272 610 3340 7).
627 3267 714 3323 Unde
729 3269 758 3324 S.
774 3267 980 3323 Tridentinum
1000 3267 1168 3324 Concilium
1183 3264 1392 3323 Eucharistiam

305 3350 390 3392 vocat
401 3338 566 3393 antidotum
585 3355 643 3412 quo
666 3337 828 3394 liberemur
847 3355 866 3393 a
885 3337 980 3411 culpis
998 3339 1157 3395 cotidianis
1179 3348 1209 3393 et
1235 3336 1390 3411 apeccatis

306 3408 482 3465 mortalibus
489 3426 722 3481 praeservemur
735 3411 825 3478 (Sess.
840 3410 925 3479 Xlll,
937 3427 1000 3482 cap.
1015 3416 1058 3481 ii).
1450 3417 1451 3436 ³

344 3488 399 3543 Ill.
423 3507 446 3543 i.
469 3489 555 3544 Hanc
569 3489 621 3544 Dei
635 3490 818 3545 voluntatem
830 3489 941 3560 priores
956 3488 1166 3546 Christifideles
1179 3489 1272 3562 probe
1285 3485 1391 3544 intelle
1450 3487 1451 3548 j

328 3570 419 3627 entes,
435 3559 541 3615 cotidie
553 3560 591 3618 ad
605 3559 682 3615 hanc
699 3561 775 3616 vitae
794 3577 829 3615 ac
845 3559 1031 3616 fortitudinis
1043 3577 1176 3617 mensam
1196 3560 1390 3628 accurrebant,
1450 3555 1451 3578 ¹

338 3639 409 3684 rant
414 3641 641 3703 perseverantes
655 3631 685 3686 in
699 3631 836 3687 doctrina
856 3632 1068 3705 Apostolorum
1090 3643 1118 3688 et
1129 3629 1391 3687 communicatione

304 3701 465 3772 fractionis
481 3703 572 3776 panis
594 3704 682 3772 (Act,
700 3720 731 3767 11,
747 3704 804 3774 42).
830 3703 919 3771 Quod
938 3705 1060 3760 saeculis
1078 3703 1287 3776 posterioribus
1307 3700 1389 3758 etiam

305 3772 416 3829 factum
425 3790 496 3840 esse,
504 3790 565 3828 non
575 3774 639 3829 sine
648 3791 758 3846 magno
769 3774 956 3846 perfectionis
967 3792 1001 3831 ac
1010 3776 1170 3832 sanctitatis
1180 3775 1387 3834 emolumento,

305 3845 405 3900 Sancti
420 3846 519 3900 Patres
532 3858 621 3916 atque
635 3845 820 3901 ecclesiastici
836 3846 998 3918 Scriptores
1012 3847 1203 3903 tradiderunt.

118 3927 227 3996 'obortae
343 3923 563 3981 Delervescente
581 3924 700 3980 interim
713 3925 829 3997 pietate,
846 3942 880 3980 ac
898 3925 1084 3998 potissimum
1103 3935 1203 3998 postea
1222 3921 1387 3980 lanseniana

95 3984 238 4089 ‘liwir
306 3997 356 4051 lue
366 3996 446 4051 unde
468 4013 566 4069 uaque
574 4006 732 4069 grassante,
744 3996 892 4069 disputari
904 4008 1036 4071 coeptam
1047 4007 1090 4053 est
1098 3997 1135 4052 de
1143 3992 1386 4069 dispositionibus,

94 4048 255 4148 gfjm‘ffffi
308 4067 415 4139 quibus
424 4011 467 4122 aii
476 4067 660 4148 frequentem
672 4079 700 4123 et
714 4068 893 4125 cotidianam
904 4069 1152 4125 communionem
1162 4067 1386 4135 accedere'opor·

95 4157 211 4205 „mm
306 4149 375 4207 teat,
391 4148 479 4211 atque
489 4140 540 4194 alii
552 4156 621 4212 prae
635 4139 700 4194 aliis
714 4139 841 4195 maiores
851 4157 886 4195 ae
897 4138 1086 4207 difficiliores,
1102 4151 1254 4210 tamquam
1267 4149 1387 4192 necessa·

95 4214 254 4275 mgtmaaa-
298 4209 373 4278 rias,
406 4210 637 4283 expostularunt.
662 4210 844 4266 Huiusmodi
869 4209 1095 4337 disceptationes
1116 4210 1146 4264 id
1166 4207 1333 4276 effecerunt,
1357 4212 1387 4257 ut
1449 4249 1450 4254 1

95 4275 176 4321 aentnt
233 4280 255 4320 ‘l
305 4281 444 4354 perpauci
460 4281 541 4354 digni
557 4281 736 4339 haberentur
751 4283 802 4356 qui
822 4282 874 4338 SS.
887 4283 951 4338 Euc
973 4281 1101 4338 aristiam
1113 4280 1220 4338 cotidie
1232 4285 1383 4340 sumerent,
1449 4289 1450 4366 q
