<?xml version="1.0" encoding="UTF-8"?>
<!DOCTYPE html PUBLIC "-//W3C//DTD XHTML 1.0 Transitional//EN"
    "http://www.w3.org/TR/xhtml1/DTD/xhtml1-transitional.dtd">
<html xmlns="http://www.w3.org/1999/xhtml" xml:lang="en" lang="en">
 <head>
  <title>
</title>
<meta http-equiv="Content-Type" content="text/html;charset=utf-8" />
  <meta name='ocr-system' content='tesseract 3.04.00' />
  <meta name='ocr-capabilities' content='ocr_page ocr_carea ocr_par ocr_line ocrx_word'/>
</head>
<body>
  <div class='ocr_page' id='page_1' title='image "./dereligiosisins01vermgoog_0072.png"; bbox 0 0 2959 4900; ppageno 0'>
   <div class='ocr_carea' id='block_1_1' title="bbox 286 292 934 356">
    <p class='ocr_par' dir='ltr' id='par_1_1' title="bbox 286 292 934 356">
     <span class='ocr_line' id='line_1_1' title="bbox 286 292 934 356; baseline -0.011 0"><span class='ocrx_word' id='word_1_1' title='bbox 286 292 327 356; x_wconf 72' lang='grc'>64</span> <span class='ocrx_word' id='word_1_2' title='bbox 730 314 934 351; x_wconf 76' lang='lat' dir='ltr'>suemuerrra</span> 
     </span>
    </p>
   </div>
   <div class='ocr_carea' id='block_1_2' title="bbox 285 436 1459 806">
    <p class='ocr_par' dir='ltr' id='par_1_2' title="bbox 285 436 1459 806">
     <span class='ocr_line' id='line_1_2' title="bbox 287 436 1459 540; baseline -0.004 -23"><span class='ocrx_word' id='word_1_3' title='bbox 287 471 323 518; x_wconf 89' lang='lat' dir='ltr'>re</span> <span class='ocrx_word' id='word_1_4' title='bbox 345 463 494 536; x_wconf 87' lang='lat' dir='ltr'>narrata,</span> <span class='ocrx_word' id='word_1_5' title='bbox 520 449 548 517; x_wconf 92' lang='lat' dir='ltr'>si</span> <span class='ocrx_word' id='word_1_6' title='bbox 580 470 707 540; x_wconf 86' lang='lat' dir='ltr'>magna</span> <span class='ocrx_word' id='word_1_7' title='bbox 731 463 765 516; x_wconf 88' lang='lat' dir='ltr'>et</span> <span class='ocrx_word' id='word_1_8' title='bbox 792 469 920 538; x_wconf 91' lang='lat' dir='ltr'>urgens</span> <span class='ocrx_word' id='word_1_9' title='bbox 943 447 1032 514; x_wconf 89' lang='lat' dir='ltr'>ratio</span> <span class='ocrx_word' id='word_1_10' title='bbox 1063 446 1147 513; x_wconf 92' lang='lat' dir='ltr'>boni</span> <span class='ocrx_word' id='word_1_11' title='bbox 1175 445 1372 513; x_wconf 86' lang='lat' dir='ltr'>eommunis</span> <span class='ocrx_word' id='word_1_12' title='bbox 1458 436 1459 485; x_wconf 65' lang='lat'><em>³</em></span> 
     </span>
     <span class='ocr_line' id='line_1_3' title="bbox 286 534 1372 626; baseline -0.007 -19"><span class='ocrx_word' id='word_1_13' title='bbox 286 538 492 607; x_wconf 89' lang='lat' dir='ltr'>eiectionem</span> <span class='ocrx_word' id='word_1_14' title='bbox 519 540 684 626; x_wconf 91' lang='lat' dir='ltr'>postulet,</span> <span class='ocrx_word' id='word_1_15' title='bbox 713 540 767 606; x_wconf 90' lang='lat' dir='ltr'>vel</span> <span class='ocrx_word' id='word_1_16' title='bbox 794 538 822 605; x_wconf 93' lang='lat' dir='ltr'>si</span> <span class='ocrx_word' id='word_1_17' title='bbox 847 537 1040 604; x_wconf 89' lang='lat' dir='ltr'>frustranea</span> <span class='ocrx_word' id='word_1_18' title='bbox 1062 534 1217 602; x_wconf 88' lang='lat' dir='ltr'>adhibita</span> <span class='ocrx_word' id='word_1_19' title='bbox 1240 534 1284 601; x_wconf 89' lang='lat' dir='ltr'>sit</span> <span class='ocrx_word' id='word_1_20' title='bbox 1299 534 1372 600; x_wconf 90' lang='lat' dir='ltr'>dili·</span> 
     </span>
     <span class='ocr_line' id='line_1_4' title="bbox 285 623 1373 716; baseline -0.006 -21"><span class='ocrx_word' id='word_1_21' title='bbox 285 628 402 716; x_wconf 82' lang='lat' dir='ltr'>gentia</span> <span class='ocrx_word' id='word_1_22' title='bbox 419 629 461 696; x_wconf 91' lang='lat' dir='ltr'>ad</span> <span class='ocrx_word' id='word_1_23' title='bbox 486 628 715 696; x_wconf 85' lang='lat' dir='ltr'>obtinendam</span> <span class='ocrx_word' id='word_1_24' title='bbox 739 627 1034 695; x_wconf 77' lang='lat' dir='ltr'><strong>emendationem.</strong></span> <span class='ocrx_word' id='word_1_25' title='bbox 1062 623 1133 695; x_wconf 91' lang='lat' dir='ltr'>Cfr.</span> <span class='ocrx_word' id='word_1_26' title='bbox 1162 623 1304 707; x_wconf 88' lang='lat' dir='ltr'>Suarez,</span> <span class='ocrx_word' id='word_1_27' title='bbox 1321 624 1373 690; x_wconf 88' lang='lat' dir='ltr'>De</span> 
     </span>
     <span class='ocr_line' id='line_1_5' title="bbox 286 716 960 806; baseline -0.003 -22"><span class='ocrx_word' id='word_1_28' title='bbox 286 716 476 806; x_wconf 83' lang='lat' dir='ltr'>Religione,</span> <span class='ocrx_word' id='word_1_29' title='bbox 495 731 537 785; x_wconf 91' lang='lat' dir='ltr'>tr.</span> <span class='ocrx_word' id='word_1_30' title='bbox 555 717 601 802; x_wconf 88' lang='lat' dir='ltr'>X,</span> <span class='ocrx_word' id='word_1_31' title='bbox 620 718 642 784; x_wconf 91' lang='lat' dir='ltr'>l.</span> <span class='ocrx_word' id='word_1_32' title='bbox 667 739 718 802; x_wconf 92' lang='lat'>10,</span> <span class='ocrx_word' id='word_1_33' title='bbox 737 739 766 784; x_wconf 92' lang='lat' dir='ltr'>c.</span> <span class='ocrx_word' id='word_1_34' title='bbox 792 737 843 803; x_wconf 86' lang='lat'>14,</span> <span class='ocrx_word' id='word_1_35' title='bbox 860 737 896 784; x_wconf 92' lang='lat' dir='ltr'>n.</span> <span class='ocrx_word' id='word_1_36' title='bbox 916 716 960 783; x_wconf 91' lang='lat' dir='ltr'>X.</span> 
     </span>
    </p>
   </div>
   <div class='ocr_carea' id='block_1_3' title="bbox 285 814 1461 1598">
    <p class='ocr_par' dir='ltr' id='par_1_3' title="bbox 285 814 1461 1598">
     <span class='ocr_line' id='line_1_6' title="bbox 330 814 1372 906; baseline -0.001 -25"><span class='ocrx_word' id='word_1_37' title='bbox 330 818 388 883; x_wconf 88' lang='lat' dir='ltr'>De</span> <span class='ocrx_word' id='word_1_38' title='bbox 402 820 610 883; x_wconf 85' lang='lat' dir='ltr'>monitione</span> <span class='ocrx_word' id='word_1_39' title='bbox 624 817 811 883; x_wconf 82' lang='lat' dir='ltr'>iacienda.</span> <span class='ocrx_word' id='word_1_40' title='bbox 830 855 869 869; x_wconf 93' lang='lat'>-</span> <span class='ocrx_word' id='word_1_41' title='bbox 892 841 919 885; x_wconf 86' lang='grc' dir='ltr'>ι.</span> <span class='ocrx_word' id='word_1_42' title='bbox 947 815 1097 903; x_wconf 84' lang='lat' dir='ltr'>Oportet</span> <span class='ocrx_word' id='word_1_43' title='bbox 1119 814 1323 906; x_wconf 83' lang='lat' dir='ltr'>regulariter</span> <span class='ocrx_word' id='word_1_44' title='bbox 1336 827 1372 880; x_wconf 92' lang='lat' dir='ltr'>ut</span> 
     </span>
     <span class='ocr_line' id='line_1_7' title="bbox 285 903 1373 994; baseline -0.006 -19"><span class='ocrx_word' id='word_1_45' title='bbox 285 919 365 975; x_wconf 87' lang='lat' dir='ltr'>ante</span> <span class='ocrx_word' id='word_1_46' title='bbox 377 906 619 974; x_wconf 85' lang='lat' dir='ltr'>dimissionem</span> <span class='ocrx_word' id='word_1_47' title='bbox 632 906 728 993; x_wconf 86' lang='lat' dir='ltr'>prius</span> <span class='ocrx_word' id='word_1_48' title='bbox 741 920 893 973; x_wconf 91' lang='lat' dir='ltr'>tentetur</span> <span class='ocrx_word' id='word_1_49' title='bbox 902 905 1069 973; x_wconf 90' lang='lat' dir='ltr'>correctio</span> <span class='ocrx_word' id='word_1_50' title='bbox 1082 905 1245 994; x_wconf 86' lang='lat' dir='ltr'>religiosi.</span> <span class='ocrx_word' id='word_1_51' title='bbox 1257 903 1373 990; x_wconf 84' lang='lat' dir='ltr'>Quare</span> 
     </span>
     <span class='ocr_line' id='line_1_8' title="bbox 286 993 1373 1077; baseline -0.004 -14"><span class='ocrx_word' id='word_1_52' title='bbox 286 997 394 1064; x_wconf 90' lang='lat' dir='ltr'>semel</span> <span class='ocrx_word' id='word_1_53' title='bbox 417 1011 450 1062; x_wconf 90' lang='lat' dir='ltr'>et</span> <span class='ocrx_word' id='word_1_54' title='bbox 476 995 604 1063; x_wconf 90' lang='lat' dir='ltr'>iterum</span> <span class='ocrx_word' id='word_1_55' title='bbox 620 1009 671 1062; x_wconf 87' lang='lat' dir='ltr'>est</span> <span class='ocrx_word' id='word_1_56' title='bbox 687 995 931 1063; x_wconf 88' lang='lat' dir='ltr'>admonendus</span> <span class='ocrx_word' id='word_1_57' title='bbox 954 1009 994 1062; x_wconf 94' lang='lat' dir='ltr'>ut</span> <span class='ocrx_word' id='word_1_58' title='bbox 1017 1016 1092 1062; x_wconf 92' lang='lat' dir='ltr'>sese</span> <span class='ocrx_word' id='word_1_59' title='bbox 1115 993 1290 1077; x_wconf 90' lang='lat' dir='ltr'>emendet,</span> <span class='ocrx_word' id='word_1_60' title='bbox 1310 993 1373 1060; x_wconf 92' lang='lat' dir='ltr'>nisi</span> 
     </span>
     <span class='ocr_line' id='line_1_9' title="bbox 286 1083 1373 1174; baseline -0.004 -22"><span class='ocrx_word' id='word_1_61' title='bbox 286 1086 352 1152; x_wconf 88' lang='lat' dir='ltr'>tale</span> <span class='ocrx_word' id='word_1_62' title='bbox 369 1086 412 1152; x_wconf 93' lang='lat' dir='ltr'>sit</span> <span class='ocrx_word' id='word_1_63' title='bbox 424 1084 589 1152; x_wconf 87' lang='lat' dir='ltr'>delictum</span> <span class='ocrx_word' id='word_1_64' title='bbox 606 1100 645 1151; x_wconf 91' lang='lat' dir='ltr'>ut</span> <span class='ocrx_word' id='word_1_65' title='bbox 661 1083 774 1150; x_wconf 91' lang='lat' dir='ltr'>statim</span> <span class='ocrx_word' id='word_1_66' title='bbox 792 1084 836 1151; x_wconf 92' lang='lat' dir='ltr'>sit</span> <span class='ocrx_word' id='word_1_67' title='bbox 852 1085 1035 1174; x_wconf 85' lang='lat' dir='ltr'>religiosus</span> <span class='ocrx_word' id='word_1_68' title='bbox 1048 1083 1290 1167; x_wconf 91' lang='lat' dir='ltr'>dimittendus,</span> <span class='ocrx_word' id='word_1_69' title='bbox 1306 1083 1373 1149; x_wconf 89' lang='lat' dir='ltr'>sive</span> 
     </span>
     <span class='ocr_line' id='line_1_10' title="bbox 286 1173 1374 1261; baseline -0.005 -20"><span class='ocrx_word' id='word_1_70' title='bbox 286 1175 328 1242; x_wconf 90' lang='lat' dir='ltr'>ad</span> <span class='ocrx_word' id='word_1_71' title='bbox 357 1174 630 1261; x_wconf 80' lang='lat' dir='ltr'>praecavendam</span> <span class='ocrx_word' id='word_1_72' title='bbox 654 1173 834 1261; x_wconf 87' lang='lat' dir='ltr'>religionis</span> <span class='ocrx_word' id='word_1_73' title='bbox 858 1173 1052 1258; x_wconf 86' lang='lat' dir='ltr'>infamiam,</span> <span class='ocrx_word' id='word_1_74' title='bbox 1079 1173 1150 1240; x_wconf 91' lang='lat' dir='ltr'>sive</span> <span class='ocrx_word' id='word_1_75' title='bbox 1178 1174 1273 1259; x_wconf 88' lang='lat' dir='ltr'>quia.</span> <span class='ocrx_word' id='word_1_76' title='bbox 1304 1192 1374 1257; x_wconf 91' lang='lat' dir='ltr'>per·</span> 
     </span>
     <span class='ocr_line' id='line_1_11' title="bbox 287 1261 1375 1350; baseline -0.004 -20"><span class='ocrx_word' id='word_1_77' title='bbox 287 1275 401 1350; x_wconf 89' lang='lat' dir='ltr'>specta</span> <span class='ocrx_word' id='word_1_78' title='bbox 424 1263 670 1349; x_wconf 86' lang='lat' dir='ltr'>propensione,</span> <span class='ocrx_word' id='word_1_79' title='bbox 697 1283 774 1349; x_wconf 90' lang='lat' dir='ltr'>spes</span> <span class='ocrx_word' id='word_1_80' title='bbox 803 1263 1059 1330; x_wconf 90' lang='lat' dir='ltr'>emendationis</span> <span class='ocrx_word' id='word_1_81' title='bbox 1082 1283 1156 1329; x_wconf 92' lang='lat' dir='ltr'>non</span> <span class='ocrx_word' id='word_1_82' title='bbox 1172 1261 1217 1328; x_wconf 90' lang='lat' dir='ltr'>ita</span> <span class='ocrx_word' id='word_1_83' title='bbox 1234 1261 1375 1349; x_wconf 85' lang='lat' dir='ltr'>affulget</span> 
     </span>
     <span class='ocr_line' id='line_1_12' title="bbox 286 1350 1375 1439; baseline -0.004 -20"><span class='ocrx_word' id='word_1_84' title='bbox 286 1366 324 1419; x_wconf 92' lang='lat' dir='ltr'>ut</span> <span class='ocrx_word' id='word_1_85' title='bbox 340 1353 397 1418; x_wconf 90' lang='lat' dir='ltr'>tali</span> <span class='ocrx_word' id='word_1_86' title='bbox 416 1372 584 1438; x_wconf 88' lang='lat' dir='ltr'>personae</span> <span class='ocrx_word' id='word_1_87' title='bbox 601 1373 759 1438; x_wconf 90' lang='lat' dir='ltr'>unquam</span> <span class='ocrx_word' id='word_1_88' title='bbox 776 1350 837 1418; x_wconf 88' lang='lat' dir='ltr'>fidi</span> <span class='ocrx_word' id='word_1_89' title='bbox 855 1353 964 1439; x_wconf 88' lang='lat' dir='ltr'>possit</span> <span class='ocrx_word' id='word_1_90' title='bbox 982 1357 1003 1418; x_wconf 87' lang='lat'>¹.</span> <span class='ocrx_word' id='word_1_91' title='bbox 1026 1351 1196 1439; x_wconf 76' lang='lat' dir='ltr'>Exemplo</span> <span class='ocrx_word' id='word_1_92' title='bbox 1213 1350 1256 1418; x_wconf 93' lang='lat' dir='ltr'>sit</span> <span class='ocrx_word' id='word_1_93' title='bbox 1274 1354 1375 1438; x_wconf 87' lang='lat' dir='ltr'>culpa</span> 
     </span>
     <span class='ocr_line' id='line_1_13' title="bbox 286 1439 1461 1528; baseline -0.002 -21"><span class='ocrx_word' id='word_1_94' title='bbox 286 1439 432 1508; x_wconf 89' lang='lat' dir='ltr'>carnalis</span> <span class='ocrx_word' id='word_1_95' title='bbox 458 1454 540 1508; x_wconf 89' lang='lat' dir='ltr'>eum</span> <span class='ocrx_word' id='word_1_96' title='bbox 567 1441 749 1528; x_wconf 78' lang='lat' dir='ltr'>complice,</span> <span class='ocrx_word' id='word_1_97' title='bbox 782 1441 902 1508; x_wconf 89' lang='lat' dir='ltr'>saltem</span> <span class='ocrx_word' id='word_1_98' title='bbox 927 1440 955 1508; x_wconf 93' lang='lat' dir='ltr'>si</span> <span class='ocrx_word' id='word_1_99' title='bbox 979 1454 1062 1508; x_wconf 93' lang='lat' dir='ltr'>tunc</span> <span class='ocrx_word' id='word_1_100' title='bbox 1087 1439 1271 1524; x_wconf 80' lang='lat' dir='ltr'>innotescit</span> <span class='ocrx_word' id='word_1_101' title='bbox 1296 1461 1374 1506; x_wconf 92' lang='lat' dir='ltr'>cum</span> <span class='ocrx_word' id='word_1_102' title='bbox 1460 1462 1461 1465; x_wconf 44' lang='lat'>¹</span> 
     </span>
     <span class='ocr_line' id='line_1_14' title="bbox 286 1529 1080 1598; baseline -0.001 0"><span class='ocrx_word' id='word_1_103' title='bbox 286 1531 366 1598; x_wconf 89' lang='lat' dir='ltr'>satis</span> <span class='ocrx_word' id='word_1_104' title='bbox 382 1543 473 1598; x_wconf 89' lang='lat' dir='ltr'>certa</span> <span class='ocrx_word' id='word_1_105' title='bbox 490 1529 687 1597; x_wconf 89' lang='lat' dir='ltr'>emendatio</span> <span class='ocrx_word' id='word_1_106' title='bbox 704 1530 865 1597; x_wconf 90' lang='lat' dir='ltr'>nondum</span> <span class='ocrx_word' id='word_1_107' title='bbox 878 1531 1080 1598; x_wconf 91' lang='lat' dir='ltr'>intercessit.</span> 
     </span>
    </p>
   </div>
   <div class='ocr_carea' id='block_1_4' title="bbox 241 1628 1377 2609">
    <p class='ocr_par' dir='ltr' id='par_1_4' title="bbox 241 1628 1377 2609">
     <span class='ocr_line' id='line_1_15' title="bbox 332 1628 1373 1718; baseline 0.001 -23"><span class='ocrx_word' id='word_1_108' title='bbox 332 1651 362 1697; x_wconf 83' lang='lat'>2.</span> <span class='ocrx_word' id='word_1_109' title='bbox 388 1629 522 1696; x_wconf 91' lang='lat' dir='ltr'>Verum</span> <span class='ocrx_word' id='word_1_110' title='bbox 539 1629 752 1698; x_wconf 88' lang='lat' dir='ltr'>monitiones</span> <span class='ocrx_word' id='word_1_111' title='bbox 768 1631 922 1718; x_wconf 83' lang='lat' dir='ltr'>excipere</span> <span class='ocrx_word' id='word_1_112' title='bbox 935 1646 1047 1718; x_wconf 93' lang='lat' dir='ltr'>potest</span> <span class='ocrx_word' id='word_1_113' title='bbox 1063 1628 1262 1698; x_wconf 88' lang='lat' dir='ltr'>emendatio</span> <span class='ocrx_word' id='word_1_114' title='bbox 1277 1651 1373 1715; x_wconf 80' lang='lat' dir='ltr'>vera,</span> 
     </span>
     <span class='ocr_line' id='line_1_16' title="bbox 286 1719 1375 1808; baseline -0.001 -22"><span class='ocrx_word' id='word_1_115' title='bbox 286 1739 381 1786; x_wconf 85' lang='lat' dir='ltr'>mere</span> <span class='ocrx_word' id='word_1_116' title='bbox 397 1739 572 1808; x_wconf 83' lang='lat' dir='ltr'>apparens</span> <span class='ocrx_word' id='word_1_117' title='bbox 588 1740 628 1785; x_wconf 86' lang='lat' dir='ltr'>ex</span> <span class='ocrx_word' id='word_1_118' title='bbox 643 1719 777 1805; x_wconf 86' lang='lat' dir='ltr'>fraude,</span> <span class='ocrx_word' id='word_1_119' title='bbox 795 1722 849 1787; x_wconf 93' lang='lat' dir='ltr'>vel</span> <span class='ocrx_word' id='word_1_120' title='bbox 865 1729 1023 1806; x_wconf 83' lang='lat' dir='ltr'>suspecto</span> <span class='ocrx_word' id='word_1_121' title='bbox 1040 1719 1305 1787; x_wconf 88' lang='lat' dir='ltr'>inconstantiae.</span> <span class='ocrx_word' id='word_1_122' title='bbox 1324 1720 1375 1785; x_wconf 90' lang='lat' dir='ltr'>De</span> 
     </span>
     <span class='ocr_line' id='line_1_17' title="bbox 287 1807 1373 1892; baseline 0 -18"><span class='ocrx_word' id='word_1_123' title='bbox 287 1828 356 1892; x_wconf 90' lang='lat' dir='ltr'>qua</span> <span class='ocrx_word' id='word_1_124' title='bbox 387 1830 478 1875; x_wconf 90' lang='lat' dir='ltr'>nova</span> <span class='ocrx_word' id='word_1_125' title='bbox 508 1807 726 1875; x_wconf 89' lang='lat' dir='ltr'>dubitatione</span> <span class='ocrx_word' id='word_1_126' title='bbox 754 1809 800 1875; x_wconf 90' lang='lat' dir='ltr'>ita</span> <span class='ocrx_word' id='word_1_127' title='bbox 827 1810 963 1876; x_wconf 90' lang='lat' dir='ltr'>videtur</span> <span class='ocrx_word' id='word_1_128' title='bbox 996 1809 1143 1876; x_wconf 87' lang='lat' dir='ltr'>breviter</span> <span class='ocrx_word' id='word_1_129' title='bbox 1171 1808 1373 1876; x_wconf 91' lang='lat' dir='ltr'>dicendum.</span> 
     </span>
     <span class='ocr_line' id='line_1_18' title="bbox 290 1896 1376 1987; baseline -0.001 -24"><span class='ocrx_word' id='word_1_130' title='bbox 290 1896 498 1964; x_wconf 88' lang='lat' dir='ltr'>Emendatio</span> <span class='ocrx_word' id='word_1_131' title='bbox 515 1917 604 1985; x_wconf 90' lang='lat' dir='ltr'>quae</span> <span class='ocrx_word' id='word_1_132' title='bbox 628 1918 668 1964; x_wconf 88' lang='lat' dir='ltr'>ex</span> <span class='ocrx_word' id='word_1_133' title='bbox 684 1898 803 1964; x_wconf 91' lang='lat' dir='ltr'>indole</span> <span class='ocrx_word' id='word_1_134' title='bbox 819 1920 987 1987; x_wconf 89' lang='lat' dir='ltr'>personae</span> <span class='ocrx_word' id='word_1_135' title='bbox 1004 1914 1037 1965; x_wconf 91' lang='lat' dir='ltr'>et</span> <span class='ocrx_word' id='word_1_136' title='bbox 1053 1897 1224 1965; x_wconf 88' lang='lat' dir='ltr'>adiunctis</span> <span class='ocrx_word' id='word_1_137' title='bbox 1240 1898 1376 1964; x_wconf 89' lang='lat' dir='ltr'>videtur</span> 
     </span>
     <span class='ocr_line' id='line_1_19' title="bbox 287 1984 1375 2076; baseline 0.001 -25"><span class='ocrx_word' id='word_1_138' title='bbox 287 1985 377 2068; x_wconf 88' lang='lat' dir='ltr'>ficta,</span> <span class='ocrx_word' id='word_1_139' title='bbox 403 1987 551 2053; x_wconf 90' lang='lat' dir='ltr'>omnino</span> <span class='ocrx_word' id='word_1_140' title='bbox 579 1987 715 2075; x_wconf 84' lang='lat' dir='ltr'>neglegi</span> <span class='ocrx_word' id='word_1_141' title='bbox 741 2001 865 2076; x_wconf 88' lang='lat' dir='ltr'>potest,</span> <span class='ocrx_word' id='word_1_142' title='bbox 891 1988 935 2054; x_wconf 90' lang='lat' dir='ltr'>ita</span> <span class='ocrx_word' id='word_1_143' title='bbox 959 2003 998 2054; x_wconf 92' lang='lat' dir='ltr'>ut</span> <span class='ocrx_word' id='word_1_144' title='bbox 1013 1988 1101 2054; x_wconf 91' lang='lat' dir='ltr'>nihil</span> <span class='ocrx_word' id='word_1_145' title='bbox 1117 1989 1227 2054; x_wconf 90' lang='lat' dir='ltr'>valeat</span> <span class='ocrx_word' id='word_1_146' title='bbox 1244 1988 1289 2054; x_wconf 91' lang='lat' dir='ltr'>ad</span> <span class='ocrx_word' id='word_1_147' title='bbox 1306 1984 1375 2052; x_wconf 91' lang='lat' dir='ltr'>suf·</span> 
     </span>
     <span class='ocr_line' id='line_1_20' title="bbox 241 2074 1376 2166; baseline 0.002 -25"><span class='ocrx_word' id='word_1_148' title='bbox 241 2161 242 2166; x_wconf 5' lang='grc' dir='ltr'>ἵ</span> <span class='ocrx_word' id='word_1_149' title='bbox 287 2075 435 2164; x_wconf 86' lang='lat' dir='ltr'>fragium</span> <span class='ocrx_word' id='word_1_150' title='bbox 452 2075 674 2143; x_wconf 92' lang='lat' dir='ltr'>mutandum.</span> <span class='ocrx_word' id='word_1_151' title='bbox 695 2074 732 2142; x_wconf 92' lang='lat' dir='ltr'>Si</span> <span class='ocrx_word' id='word_1_152' title='bbox 747 2074 828 2144; x_wconf 73' lang='lat' dir='ltr'>uero</span> <span class='ocrx_word' id='word_1_153' title='bbox 841 2097 936 2144; x_wconf 86' lang='lat' dir='ltr'>mere</span> <span class='ocrx_word' id='word_1_154' title='bbox 949 2093 1107 2164; x_wconf 89' lang='lat' dir='ltr'>suspecta</span> <span class='ocrx_word' id='word_1_155' title='bbox 1120 2078 1163 2143; x_wconf 91' lang='lat' dir='ltr'>sit</span> <span class='ocrx_word' id='word_1_156' title='bbox 1175 2077 1376 2145; x_wconf 89' lang='lat' dir='ltr'>inconstan-</span> 
     </span>
     <span class='ocr_line' id='line_1_21' title="bbox 285 2163 1377 2252; baseline 0.001 -23"><span class='ocrx_word' id='word_1_157' title='bbox 285 2165 365 2249; x_wconf 86' lang='lat' dir='ltr'>tiae,</span> <span class='ocrx_word' id='word_1_158' title='bbox 379 2163 575 2231; x_wconf 92' lang='lat' dir='ltr'>remedium</span> <span class='ocrx_word' id='word_1_159' title='bbox 591 2163 751 2231; x_wconf 85' lang='lat' dir='ltr'>consistit</span> <span class='ocrx_word' id='word_1_160' title='bbox 762 2165 799 2231; x_wconf 93' lang='lat' dir='ltr'>in</span> <span class='ocrx_word' id='word_1_161' title='bbox 811 2166 1038 2252; x_wconf 82' lang='lat' dir='ltr'>professionis</span> <span class='ocrx_word' id='word_1_162' title='bbox 1050 2166 1231 2234; x_wconf 89' lang='lat' dir='ltr'>sollemnis</span> <span class='ocrx_word' id='word_1_163' title='bbox 1244 2164 1377 2232; x_wconf 91' lang='lat' dir='ltr'>maiore</span> 
     </span>
     <span class='ocr_line' id='line_1_22' title="bbox 285 2253 1375 2344; baseline 0.001 -25"><span class='ocrx_word' id='word_1_164' title='bbox 285 2253 463 2337; x_wconf 90' lang='lat' dir='ltr'>dilatione,</span> <span class='ocrx_word' id='word_1_165' title='bbox 493 2254 564 2320; x_wconf 90' lang='lat' dir='ltr'>sive</span> <span class='ocrx_word' id='word_1_166' title='bbox 580 2274 658 2320; x_wconf 89' lang='lat' dir='ltr'>eam</span> <span class='ocrx_word' id='word_1_167' title='bbox 675 2253 860 2322; x_wconf 91' lang='lat' dir='ltr'>decernere</span> <span class='ocrx_word' id='word_1_168' title='bbox 876 2270 982 2344; x_wconf 88' lang='lat' dir='ltr'>queat</span> <span class='ocrx_word' id='word_1_169' title='bbox 999 2255 1180 2344; x_wconf 85' lang='lat' dir='ltr'>Superior,</span> <span class='ocrx_word' id='word_1_170' title='bbox 1199 2255 1271 2323; x_wconf 89' lang='lat' dir='ltr'>sive</span> <span class='ocrx_word' id='word_1_171' title='bbox 1299 2276 1319 2322; x_wconf 89' lang='lat' dir='ltr'>a</span> <span class='ocrx_word' id='word_1_172' title='bbox 1338 2253 1375 2322; x_wconf 90' lang='lat' dir='ltr'>S.</span> 
     </span>
     <span class='ocr_line' id='line_1_23' title="bbox 288 2340 1377 2430; baseline 0.001 -22"><span class='ocrx_word' id='word_1_173' title='bbox 288 2340 378 2409; x_wconf 91' lang='lat' dir='ltr'>Sede</span> <span class='ocrx_word' id='word_1_174' title='bbox 395 2341 438 2409; x_wconf 93' lang='lat' dir='ltr'>sit</span> <span class='ocrx_word' id='word_1_175' title='bbox 454 2341 683 2430; x_wconf 89' lang='lat' dir='ltr'>impetranda.</span> <span class='ocrx_word' id='word_1_176' title='bbox 712 2343 755 2409; x_wconf 91' lang='lat' dir='ltr'>ln</span> <span class='ocrx_word' id='word_1_177' title='bbox 772 2344 865 2412; x_wconf 92' lang='lat' dir='ltr'>hunc</span> <span class='ocrx_word' id='word_1_178' title='bbox 888 2345 1051 2413; x_wconf 88' lang='lat' dir='ltr'>effectum</span> <span class='ocrx_word' id='word_1_179' title='bbox 1066 2346 1203 2412; x_wconf 88' lang='lat' dir='ltr'>videtur</span> <span class='ocrx_word' id='word_1_180' title='bbox 1218 2365 1377 2412; x_wconf 90' lang='lat' dir='ltr'>commu·</span> 
     </span>
     <span class='ocr_line' id='line_1_24' title="bbox 286 2429 1377 2533; baseline 0.004 -36"><span class='ocrx_word' id='word_1_181' title='bbox 286 2430 477 2533; x_wconf 73' lang='lat' dir='ltr'>tricandum</span> <span class='ocrx_word' id='word_1_182' title='bbox 493 2453 574 2500; x_wconf 90' lang='lat' dir='ltr'>cum</span> <span class='ocrx_word' id='word_1_183' title='bbox 592 2429 629 2502; x_wconf 90' lang='lat' dir='ltr'>S.</span> <span class='ocrx_word' id='word_1_184' title='bbox 659 2431 749 2501; x_wconf 91' lang='lat' dir='ltr'>Sede</span> <span class='ocrx_word' id='word_1_185' title='bbox 777 2434 1049 2503; x_wconf 90' lang='lat' dir='ltr'>consultativum</span> <span class='ocrx_word' id='word_1_186' title='bbox 1076 2433 1231 2525; x_wconf 89' lang='lat' dir='ltr'>Capituli</span> <span class='ocrx_word' id='word_1_187' title='bbox 1255 2433 1377 2502; x_wconf 85' lang='lat' dir='ltr'>suffra·</span> 
     </span>
     <span class='ocr_line' id='line_1_25' title="bbox 287 2542 398 2609; baseline 0.018 -22"><span class='ocrx_word' id='word_1_188' title='bbox 287 2542 398 2609; x_wconf 88' lang='lat' dir='ltr'>grum.</span> 
     </span>
    </p>
   </div>
   <div class='ocr_carea' id='block_1_5' title="bbox 287 2622 1463 3709">
    <p class='ocr_par' dir='ltr' id='par_1_5' title="bbox 287 2622 1463 3314">
     <span class='ocr_line' id='line_1_26' title="bbox 332 2622 1378 2713; baseline 0.001 -24"><span class='ocrx_word' id='word_1_189' title='bbox 332 2622 439 2709; x_wconf 82' lang='lat' dir='ltr'>Q‘uod</span> <span class='ocrx_word' id='word_1_190' title='bbox 457 2622 485 2690; x_wconf 91' lang='lat' dir='ltr'>si</span> <span class='ocrx_word' id='word_1_191' title='bbox 503 2622 623 2690; x_wconf 91' lang='lat' dir='ltr'>dilatio</span> <span class='ocrx_word' id='word_1_192' title='bbox 639 2623 780 2712; x_wconf 91' lang='lat' dir='ltr'>imponi</span> <span class='ocrx_word' id='word_1_193' title='bbox 793 2641 958 2713; x_wconf 90' lang='lat' dir='ltr'>nequeat,</span> <span class='ocrx_word' id='word_1_194' title='bbox 976 2640 1081 2694; x_wconf 89' lang='lat' dir='ltr'>restat</span> <span class='ocrx_word' id='word_1_195' title='bbox 1097 2642 1135 2693; x_wconf 90' lang='lat' dir='ltr'>ut</span> <span class='ocrx_word' id='word_1_196' title='bbox 1151 2625 1378 2693; x_wconf 90' lang='lat' dir='ltr'>incommoda</span> 
     </span>
     <span class='ocr_line' id='line_1_27' title="bbox 287 2712 1379 2804; baseline 0 -25"><span class='ocrx_word' id='word_1_197' title='bbox 287 2726 320 2779; x_wconf 93' lang='lat' dir='ltr'>et</span> <span class='ocrx_word' id='word_1_198' title='bbox 348 2726 489 2779; x_wconf 87' lang='lat' dir='ltr'>mutuae</span> <span class='ocrx_word' id='word_1_199' title='bbox 520 2712 671 2781; x_wconf 90' lang='lat' dir='ltr'>Instituti</span> <span class='ocrx_word' id='word_1_200' title='bbox 703 2728 736 2781; x_wconf 90' lang='lat' dir='ltr'>et</span> <span class='ocrx_word' id='word_1_201' title='bbox 762 2713 914 2803; x_wconf 89' lang='lat' dir='ltr'>religiosi</span> <span class='ocrx_word' id='word_1_202' title='bbox 945 2716 1096 2783; x_wconf 89' lang='lat' dir='ltr'>rationes</span> <span class='ocrx_word' id='word_1_203' title='bbox 1124 2729 1326 2804; x_wconf 89' lang='lat' dir='ltr'>pensentur,</span> <span class='ocrx_word' id='word_1_204' title='bbox 1346 2726 1379 2779; x_wconf 93' lang='lat' dir='ltr'>et</span> 
     </span>
     <span class='ocr_line' id='line_1_28' title="bbox 288 2800 1378 2892; baseline 0 -23"><span class='ocrx_word' id='word_1_205' title='bbox 288 2802 369 2869; x_wconf 93' lang='lat' dir='ltr'>hinc</span> <span class='ocrx_word' id='word_1_206' title='bbox 384 2800 573 2889; x_wconf 89' lang='lat' dir='ltr'>prudenter</span> <span class='ocrx_word' id='word_1_207' title='bbox 590 2816 756 2870; x_wconf 87' lang='lat' dir='ltr'>statuatur</span> <span class='ocrx_word' id='word_1_208' title='bbox 770 2803 868 2892; x_wconf 91' lang='lat' dir='ltr'>quid,</span> <span class='ocrx_word' id='word_1_209' title='bbox 883 2805 1049 2872; x_wconf 90' lang='lat' dir='ltr'>omnibus</span> <span class='ocrx_word' id='word_1_210' title='bbox 1062 2805 1207 2891; x_wconf 89' lang='lat' dir='ltr'>libratis,</span> <span class='ocrx_word' id='word_1_211' title='bbox 1222 2803 1378 2870; x_wconf 88' lang='lat' dir='ltr'>videatur</span> 
     </span>
     <span class='ocr_line' id='line_1_29' title="bbox 288 2890 1463 2982; baseline 0.001 -24"><span class='ocrx_word' id='word_1_212' title='bbox 288 2893 399 2980; x_wconf 88' lang='lat' dir='ltr'>magis</span> <span class='ocrx_word' id='word_1_213' title='bbox 427 2890 469 2957; x_wconf 87' lang='lat' dir='ltr'>ad</span> <span class='ocrx_word' id='word_1_214' title='bbox 497 2890 657 2958; x_wconf 91' lang='lat' dir='ltr'>divinum</span> <span class='ocrx_word' id='word_1_215' title='bbox 673 2892 830 2959; x_wconf 91' lang='lat' dir='ltr'>conferre</span> <span class='ocrx_word' id='word_1_216' title='bbox 847 2893 1032 2963; x_wconf 91' lang='lat' dir='ltr'>honorem.</span> <span class='ocrx_word' id='word_1_217' title='bbox 1054 2894 1098 2961; x_wconf 94' lang='lat' dir='ltr'>ln</span> <span class='ocrx_word' id='word_1_218' title='bbox 1114 2915 1184 2982; x_wconf 90' lang='lat' dir='ltr'>qua</span> <span class='ocrx_word' id='word_1_219' title='bbox 1201 2913 1237 2960; x_wconf 92' lang='lat' dir='ltr'>re</span> <span class='ocrx_word' id='word_1_220' title='bbox 1260 2892 1378 2959; x_wconf 88' lang='lat' dir='ltr'>obser·</span> <span class='ocrx_word' id='word_1_221' title='bbox 1462 2971 1463 2980; x_wconf 8' lang='grc' dir='ltr'>ἵ</span> 
     </span>
     <span class='ocr_line' id='line_1_30' title="bbox 287 2979 1378 3073; baseline 0.004 -32"><span class='ocrx_word' id='word_1_222' title='bbox 287 2987 358 3046; x_wconf 85' lang='lat' dir='ltr'>vari</span> <span class='ocrx_word' id='word_1_223' title='bbox 392 2994 514 3062; x_wconf 83' lang='lat' dir='ltr'>potest,</span> <span class='ocrx_word' id='word_1_224' title='bbox 548 3002 630 3047; x_wconf 92' lang='lat' dir='ltr'>cum</span> <span class='ocrx_word' id='word_1_225' title='bbox 667 2979 703 3049; x_wconf 91' lang='lat' dir='ltr'>S.</span> <span class='ocrx_word' id='word_1_226' title='bbox 740 2981 1020 3072; x_wconf 87' lang='lat' dir='ltr'>Congregatione</span> <span class='ocrx_word' id='word_1_227' title='bbox 1055 2984 1314 3073; x_wconf 90' lang='lat' dir='ltr'>Episcoporum</span> <span class='ocrx_word' id='word_1_228' title='bbox 1346 2994 1378 3048; x_wconf 91' lang='lat' dir='ltr'>et</span> 
     </span>
     <span class='ocr_line' id='line_1_31' title="bbox 290 3068 1463 3162; baseline 0.008 -27"><span class='ocrx_word' id='word_1_229' title='bbox 290 3070 533 3157; x_wconf 81' lang='lat' dir='ltr'>Regularium,</span> <span class='ocrx_word' id='word_1_230' title='bbox 562 3091 645 3137; x_wconf 92' lang='lat' dir='ltr'>eum</span> <span class='ocrx_word' id='word_1_231' title='bbox 672 3070 733 3159; x_wconf 93' lang='lat' dir='ltr'>qui</span> <span class='ocrx_word' id='word_1_232' title='bbox 763 3088 840 3159; x_wconf 90' lang='lat' dir='ltr'>post</span> <span class='ocrx_word' id='word_1_233' title='bbox 867 3078 985 3162; x_wconf 92' lang='lat' dir='ltr'>plures</span> <span class='ocrx_word' id='word_1_234' title='bbox 1011 3094 1123 3141; x_wconf 88' lang='lat' dir='ltr'>annos</span> <span class='ocrx_word' id='word_1_235' title='bbox 1151 3071 1313 3139; x_wconf 92' lang='lat' dir='ltr'>nondum</span> <span class='ocrx_word' id='word_1_236' title='bbox 1341 3090 1377 3137; x_wconf 89' lang='lat' dir='ltr'>se</span> <span class='ocrx_word' id='word_1_237' title='bbox 1462 3068 1463 3144; x_wconf 63' lang='grc' dir='ltr'>ἶ</span> 
     </span>
     <span class='ocr_line' id='line_1_32' title="bbox 288 3158 1378 3259; baseline 0.002 -35"><span class='ocrx_word' id='word_1_238' title='bbox 288 3158 477 3259; x_wconf 81' lang='lat' dir='ltr'>ostenderit</span> <span class='ocrx_word' id='word_1_239' title='bbox 508 3159 708 3248; x_wconf 91' lang='lat' dir='ltr'>probatum,</span> <span class='ocrx_word' id='word_1_240' title='bbox 738 3160 897 3251; x_wconf 87' lang='lat' dir='ltr'>exiguam</span> <span class='ocrx_word' id='word_1_241' title='bbox 926 3181 1025 3250; x_wconf 91' lang='lat' dir='ltr'>spem</span> <span class='ocrx_word' id='word_1_242' title='bbox 1057 3161 1183 3228; x_wconf 89' lang='lat' dir='ltr'>offerre</span> <span class='ocrx_word' id='word_1_243' title='bbox 1213 3161 1378 3227; x_wconf 89' lang='lat' dir='ltr'>emenda·</span> 
     </span>
     <span class='ocr_line' id='line_1_33' title="bbox 287 3265 404 3314; baseline 0.009 -1"><span class='ocrx_word' id='word_1_244' title='bbox 287 3265 404 3314; x_wconf 81' lang='lat' dir='ltr'>nonis.</span> 
     </span>
    </p>

    <p class='ocr_par' dir='ltr' id='par_1_6' title="bbox 288 3347 1463 3709">
     <span class='ocr_line' id='line_1_34' title="bbox 334 3347 1376 3442; baseline 0.004 -27"><span class='ocrx_word' id='word_1_245' title='bbox 334 3350 383 3417; x_wconf 91' lang='lat' dir='ltr'>N.</span> <span class='ocrx_word' id='word_1_246' title='bbox 405 3349 446 3417; x_wconf 93' lang='lat' dir='ltr'>B.</span> <span class='ocrx_word' id='word_1_247' title='bbox 469 3350 549 3437; x_wconf 91' lang='lat' dir='ltr'>Ipsa</span> <span class='ocrx_word' id='word_1_248' title='bbox 573 3350 770 3439; x_wconf 90' lang='lat' dir='ltr'>disquisitio</span> <span class='ocrx_word' id='word_1_249' title='bbox 795 3351 880 3419; x_wconf 86' lang='lat' dir='ltr'>facta</span> <span class='ocrx_word' id='word_1_250' title='bbox 904 3353 986 3421; x_wconf 91' lang='lat' dir='ltr'>satis</span> <span class='ocrx_word' id='word_1_251' title='bbox 1003 3352 1127 3440; x_wconf 90' lang='lat' dir='ltr'>probat</span> <span class='ocrx_word' id='word_1_252' title='bbox 1143 3347 1376 3442; x_wconf 80' lang='lat' dir='ltr'>quantumad</span> 
     </span>
     <span class='ocr_line' id='line_1_35' title="bbox 288 3440 1463 3528; baseline 0.007 -24"><span class='ocrx_word' id='word_1_253' title='bbox 288 3459 478 3505; x_wconf 90' lang='lat' dir='ltr'>commune</span> <span class='ocrx_word' id='word_1_254' title='bbox 494 3440 630 3507; x_wconf 92' lang='lat' dir='ltr'>bonum</span> <span class='ocrx_word' id='word_1_255' title='bbox 654 3454 686 3507; x_wconf 90' lang='lat' dir='ltr'>et</span> <span class='ocrx_word' id='word_1_256' title='bbox 712 3440 882 3528; x_wconf 88' lang='lat' dir='ltr'>privatam</span> <span class='ocrx_word' id='word_1_257' title='bbox 906 3442 1012 3510; x_wconf 91' lang='lat' dir='ltr'>etiam</span> <span class='ocrx_word' id='word_1_258' title='bbox 1039 3441 1224 3509; x_wconf 90' lang='lat' dir='ltr'>utilitatem</span> <span class='ocrx_word' id='word_1_259' title='bbox 1240 3441 1375 3527; x_wconf 88' lang='lat' dir='ltr'>referat,</span> <span class='ocrx_word' id='word_1_260' title='bbox 1462 3451 1463 3512; x_wconf 61' lang='grc' dir='ltr'>ζ</span> 
     </span>
     <span class='ocr_line' id='line_1_36' title="bbox 288 3526 1463 3620; baseline 0.002 -27"><span class='ocrx_word' id='word_1_261' title='bbox 288 3526 316 3594; x_wconf 90' lang='lat' dir='ltr'>si</span> <span class='ocrx_word' id='word_1_262' title='bbox 333 3542 412 3594; x_wconf 90' lang='lat' dir='ltr'>ante</span> <span class='ocrx_word' id='word_1_263' title='bbox 427 3527 544 3615; x_wconf 89' lang='lat' dir='ltr'>priora</span> <span class='ocrx_word' id='word_1_264' title='bbox 556 3542 635 3596; x_wconf 91' lang='lat' dir='ltr'>vota</span> <span class='ocrx_word' id='word_1_265' title='bbox 647 3529 798 3619; x_wconf 89' lang='lat' dir='ltr'>diligens</span> <span class='ocrx_word' id='word_1_266' title='bbox 809 3530 869 3597; x_wconf 89' lang='lat' dir='ltr'>fiat</span> <span class='ocrx_word' id='word_1_267' title='bbox 882 3553 1113 3620; x_wconf 89' lang='lat' dir='ltr'>personarum</span> <span class='ocrx_word' id='word_1_268' title='bbox 1125 3530 1330 3619; x_wconf 88' lang='lat' dir='ltr'>explorati0,</span> <span class='ocrx_word' id='word_1_269' title='bbox 1344 3544 1377 3596; x_wconf 91' lang='lat' dir='ltr'>et</span> <span class='ocrx_word' id='word_1_270' title='bbox 1462 3551 1463 3574; x_wconf 53' lang='lat' dir='ltr'>t</span> 
     </span>
     <span class='ocr_line' id='line_1_37' title="bbox 288 3616 1374 3709; baseline 0.004 -27"><span class='ocrx_word' id='word_1_271' title='bbox 288 3616 377 3683; x_wconf 91' lang='lat' dir='ltr'>iusta</span> <span class='ocrx_word' id='word_1_272' title='bbox 408 3618 585 3685; x_wconf 88' lang='lat' dir='ltr'>severitate</span> <span class='ocrx_word' id='word_1_273' title='bbox 613 3634 793 3686; x_wconf 88' lang='lat' dir='ltr'>arceantur</span> <span class='ocrx_word' id='word_1_274' title='bbox 824 3621 885 3708; x_wconf 92' lang='lat' dir='ltr'>qui</span> <span class='ocrx_word' id='word_1_275' title='bbox 916 3642 990 3688; x_wconf 91' lang='lat' dir='ltr'>non</span> <span class='ocrx_word' id='word_1_276' title='bbox 1018 3621 1099 3688; x_wconf 90' lang='lat' dir='ltr'>satis</span> <span class='ocrx_word' id='word_1_277' title='bbox 1122 3620 1191 3687; x_wconf 89' lang='lat' dir='ltr'>sint</span> <span class='ocrx_word' id='word_1_278' title='bbox 1218 3618 1374 3709; x_wconf 89' lang='lat' dir='ltr'>probati;</span> 
     </span>
    </p>
   </div>
   <div class='ocr_carea' id='block_1_6' title="bbox 288 3706 1374 3883">
    <p class='ocr_par' dir='ltr' id='par_1_7' title="bbox 288 3706 1374 3883">
     <span class='ocr_line' id='line_1_38' title="bbox 288 3706 1374 3799; baseline 0.002 -28"><span class='ocrx_word' id='word_1_279' title='bbox 288 3718 461 3795; x_wconf 88' lang='lat' dir='ltr'>quantum</span> <span class='ocrx_word' id='word_1_280' title='bbox 489 3706 592 3773; x_wconf 92' lang='lat' dir='ltr'>etiam</span> <span class='ocrx_word' id='word_1_281' title='bbox 610 3722 767 3795; x_wconf 89' lang='lat' dir='ltr'>oporteat</span> <span class='ocrx_word' id='word_1_282' title='bbox 793 3722 832 3776; x_wconf 94' lang='lat' dir='ltr'>ut</span> <span class='ocrx_word' id='word_1_283' title='bbox 847 3709 891 3777; x_wconf 95' lang='lat' dir='ltr'>de</span> <span class='ocrx_word' id='word_1_284' title='bbox 917 3710 990 3778; x_wconf 90' lang='lat' dir='ltr'>suis</span> <span class='ocrx_word' id='word_1_285' title='bbox 1014 3709 1206 3778; x_wconf 83' lang='lat' dir='ltr'>defectibus</span> <span class='ocrx_word' id='word_1_286' title='bbox 1222 3706 1374 3799; x_wconf 88' lang='lat' dir='ltr'>religiosi</span> 
     </span>
     <span class='ocr_line' id='line_1_39' title="bbox 288 3796 774 3883; baseline 0.01 -23"><span class='ocrx_word' id='word_1_287' title='bbox 288 3796 490 3883; x_wconf 90' lang='lat' dir='ltr'>tempestive</span> <span class='ocrx_word' id='word_1_288' title='bbox 507 3796 774 3866; x_wconf 89' lang='lat' dir='ltr'>admoneantur.</span> 
     </span>
    </p>
   </div>
   <div class='ocr_carea' id='block_1_7' title="bbox 318 4061 1002 4123">
    <p class='ocr_par' dir='ltr' id='par_1_8' title="bbox 318 4061 1002 4123">
     <span class='ocr_line' id='line_1_40' title="bbox 318 4061 1002 4123; baseline 0.007 -14"><span class='ocrx_word' id='word_1_289' title='bbox 318 4063 325 4096; x_wconf 86' lang='lat'>¹</span> <span class='ocrx_word' id='word_1_290' title='bbox 341 4061 453 4119; x_wconf 87' lang='lat' dir='ltr'>Suarez‚</span> <span class='ocrx_word' id='word_1_291' title='bbox 466 4062 640 4123; x_wconf 78' lang='lat' dir='ltr'>DeReligione,</span> <span class='ocrx_word' id='word_1_292' title='bbox 652 4067 685 4112; x_wconf 88' lang='lat' dir='ltr'>tr.</span> <span class='ocrx_word' id='word_1_293' title='bbox 696 4065 729 4120; x_wconf 90' lang='lat' dir='ltr'>X,</span> <span class='ocrx_word' id='word_1_294' title='bbox 743 4064 761 4112; x_wconf 93' lang='lat'>1.</span> <span class='ocrx_word' id='word_1_295' title='bbox 777 4081 814 4121; x_wconf 84' lang='lat'>10,</span> <span class='ocrx_word' id='word_1_296' title='bbox 825 4078 850 4113; x_wconf 89' lang='lat' dir='ltr'>c.</span> <span class='ocrx_word' id='word_1_297' title='bbox 864 4082 900 4123; x_wconf 84' lang='lat'>14,</span> <span class='ocrx_word' id='word_1_298' title='bbox 912 4079 939 4113; x_wconf 87' lang='lat' dir='ltr'>n.</span> <span class='ocrx_word' id='word_1_299' title='bbox 955 4067 1002 4115; x_wconf 88' lang='lat' dir='ltr'>IX.</span> 
     </span>
    </p>
   </div>
   <div class='ocr_carea' id='block_1_8' title="bbox 687 4256 1003 4269">
    <p class='ocr_par' dir='ltr' id='par_1_9' title="bbox 687 4256 1003 4269">
     <span class='ocr_line' id='line_1_41' title="bbox 687 4256 1003 4269; baseline 0 -3"><span class='ocrx_word' id='word_1_300' title='bbox 687 4259 810 4269; x_wconf 43' lang='grc' dir='ltr'><strong>-ι--Ν</strong></span> <span class='ocrx_word' id='word_1_301' title='bbox 817 4256 1003 4267; x_wconf 46' lang='grc' dir='ltr'>ὶ--ι--ψ--ῆ</span> 
     </span>
    </p>
   </div>
   <div class='ocr_carea' id='block_1_9' title="bbox 0 0 1488 4900">
    <p class='ocr_par' dir='ltr' id='par_1_10' title="bbox 0 0 1488 4900">
     <span class='ocr_line' id='line_1_42' title="bbox 0 0 1488 4900; baseline 0 0"><span class='ocrx_word' id='word_1_302' title='bbox 0 0 1488 4900; x_wconf 95' lang='lat' dir='ltr'> </span> 
     </span>
    </p>
   </div>
  </div>
 </body>
</html>
