2959 4900
439 351 476 387 os
491 350 681 386 couuuurous
695 350 848 387 corrumua
1151 333 1189 395 79

94 479 337 552 adhortentur.
358 482 428 550 Hic
445 496 496 551 est
511 484 622 563 locus,
636 481 692 549 cui
710 483 834 552 alludit
852 484 1041 553 Decretum
1057 485 1189 555 Sancta

98 569 311 638 Tridentino
337 570 538 661 Synodus:
566 569 672 640 «sed
696 594 741 639 ne
764 572 854 641 forte
877 574 986 663 aliqui
1010 577 1189 665 segniores

94 659 138 727 ad
171 660 240 727 hoc
270 679 527 733 sacramentum
557 660 824 750 percipiendum
855 662 1057 745 reddantur,
1091 664 1188 753 quod

90 762 229 815 tantam
259 748 561 839 praeparationem
591 747 757 819 adhibere
788 772 892 839 grave
928 751 1131 821 admodum
1156 767 1190 822 et

92 836 241 905 difficile
256 838 401 926 ducant,
414 838 536 907 fideles
552 861 655 927 saepe
674 840 888 908 admonendi
911 860 1003 926 sunt,
1022 842 1188 911 omnibus
1274 839 1276 845 ’

93 946 174 994 eam
203 926 317 1016 legem
343 928 561 1017 propositam
588 950 675 1019 esse,
705 943 745 996 ut
767 950 900 998 sacram
931 930 1187 1000 Eucharistiam

89 1014 301 1110 percipiant.
334 1017 528 1104 Praeterea,
558 1021 787 1089 constitutum
811 1033 862 1085 est
885 1019 929 1086 ab
956 1019 1123 1106 Ecclesia,
1149 1034 1189 1087 ut

87 1104 156 1193 qui
181 1107 292 1181 semel
308 1106 432 1180 saltem
448 1106 596 1197 singulis
611 1107 714 1177 annis
729 1107 768 1175 in
787 1108 922 1176 Pascha
936 1130 1011 1176 non
1031 1130 1188 1177 commu·

87 1193 274 1274 meaverit,
288 1195 335 1263 ab
354 1194 510 1264 Ecclesia
525 1214 694 1266 arceatur.
809 1256 812 1262 .

143 1309 159 1347 a
181 1284 312 1374 Neque
334 1297 452 1353 tamen
475 1284 596 1354 fideles
623 1286 690 1355 hoc
714 1286 796 1355 satis
819 1284 983 1373 habeant,
1008 1307 1057 1374 se,
1082 1286 1188 1363 huius

93 1372 227 1442 decreti
258 1374 451 1442 auctoritati
483 1374 775 1466 obtemperantes,
805 1376 913 1443 semel
944 1374 1187 1445 tantummodo

85 1480 223 1551 ‘corpus
248 1461 396 1531 Domini
412 1465 601 1552 quotannis
623 1466 777 1554 accipere
797 1490 805 1531 :
834 1485 957 1532 verum
974 1466 1112 1553 saepius
1127 1465 1188 1533 ite·

90 1552 243 1620 randam
261 1552 499 1621 Eucharistiae
510 1556 808 1624 communionem
819 1553 1032 1621 existiment.
1055 1554 1187 1624 Utrum

88 1654 214 1709 autem
229 1640 377 1731 singulis
393 1641 588 1730 mensibus,
607 1641 922 1726 vel‘hebdomadis,
941 1645 995 1710 vel
1012 1642 1136 1710 diebus
1151 1642 1187 1710 id

89 1731 209 1819 magis
237 1730 406 1819 expediat,
435 1744 527 1798 certa
555 1732 722 1801 omnibus
750 1734 869 1821 regula
896 1732 1084 1819 praescribi
1113 1752 1187 1816 non

87 1832 221 1908 potest.
235 1819 369 1887 Verum
384 1833 503 1888 tamen
519 1821 583 1888 ista
599 1836 650 1889 est
668 1822 705 1891 S.
723 1820 912 1910 Augustini
929 1841 1054 1887 norma
1070 1821 1186 1907 certis·

88 1909 183 1978 sima
200 1936 209 1977 :
237 1907 295 1977 Sic
308 1910 450 1997 vive‚ut
466 1910 594 1978 cotidie
610 1911 723 2000 possis
739 1931 891 1979 sumere.
911 1908 1032 1995 Quare
1043 1909 1186 1998 parochi

87 2012 211 2088 partes
223 2002 324 2066 erunt
335 1998 457 2067 fideles
469 1999 591 2068 crebro
604 1998 792 2086 adhortari,
807 2013 846 2066 ut
857 2019 965 2087 quem
979 1998 1021 2066 ad
1038 1997 1188 2065 modum

88 2086 234 2175 corpori
251 2086 288 2154 in
303 2087 462 2177 singulos
474 2087 549 2156 dies
565 2089 773 2157 alimentum
790 2088 1054 2156 subministrare
1071 2108 1187 2154 neces·

88 2177 229 2245 sarium
243 2191 379 2264 putant,
397 2176 444 2245 ita
459 2178 565 2245 etiam
581 2178 706 2246 cotidie
722 2178 790 2245 hoc
806 2192 1021 2245 sacramento
1044 2176 1187 2243 alendae

88 2281 122 2334 et
138 2264 351 2333 nutriendae
367 2268 505 2333 animae
520 2288 641 2334 curam
660 2288 734 2334 non
756 2266 907 2333 abiciant
926 2291 933 2333 :
959 2266 1187 2353 nequeenim

89 2356 219 2422 minus
245 2354 414 2441 spirituali
442 2355 522 2423 cibo
549 2357 717 2443 animam,
747 2376 855 2444 quam
882 2355 1030 2422 naturali
1058 2375 1187 2442 corpus

89 2442 255 2534 indigere
282 2443 508 2534 perspicuum
533 2460 596 2512 est.
625 2445 861 2514 Vehementer
888 2458 1005 2512 autem
1033 2441 1187 2532 proderit

90 2535 260 2603 hocloco
276 2548 429 2623 repetere
445 2533 599 2603 maxima
614 2535 674 2602 illa
691 2549 724 2601 et
739 2533 858 2601 divina
881 2531 1064 2620 beneficia,
1083 2554 1184 2622 quae,

89 2638 131 2691 ut
143 2638 250 2691 antea
266 2622 545 2691 demonstratum
562 2640 624 2711 est,
640 2645 680 2690 ex
694 2621 934 2691 Eucharistiae
947 2621 1186 2690 sacramentali

92 2712 352 2781 communione
367 2712 628 2800 consequimur.
647 2713 711 2781 Illa
727 2727 834 2778 etiam
850 2710 963 2800 figura
979 2711 1043 2778 erit
1059 2711 1187 2777 adden·

92 2803 152 2890 da,
172 2801 270 2890 quod
293 2800 440 2890 singulis
460 2802 586 2870 diebus
605 2801 763 2892 corporis
784 2803 873 2867 vires
895 2821 1024 2867 manna
1046 2799 1187 2867 reficere

92 2889 283 2981 oportebat
300 2916 308 2965 ;
334 2889 490 2978 itemque
507 2889 573 2958 SS.
595 2891 740 2958 Patrum
761 2888 992 2975 auctoritates,
1011 2909 1101 2976 quae
1122 2889 1187 2956 fre-

92 2994 269 3070 quentem
300 2978 407 3046 huius
440 2981 645 3047 sacramenti
680 2978 943 3068 perceptionem
974 2998 1188 3067 magnopere

91 3068 359 3137 commendant.
379 3068 508 3226 Neque
524 3070 619 3136 enim
631 3072 737 3136 unius
755 3067 793 3137 S.
815 3067 927 3134 Patris
943 3066 1131 3155 Augustini
1148 3087 1188 3135 ea

91 3157 162 3226 fuit
178 3157 350 3225 sententia
369 3181 376 3224 :
407 3183 421 3221 r
472 3157 579 3226 otidie
597 3179 731 3246 peccas,
750 3155 877 3224 cotidie
894 3175 995 3222 sume
1012 3179 1023 3242 3
1045 3181 1058 3218 r
1079 3155 1140 3223 sed
1156 3155 1185 3223 si

90 3247 177 3336 quis
211 3245 396 3334 diligenter
430 3247 624 3332 attenderit,
657 3245 810 3314 eundem
845 3244 1009 3313 omnium
1041 3245 1187 3313 Patrum

89 3335 157 3425 qui
170 3335 215 3402 de
227 3335 294 3402 hac'
304 3355 341 3403 re
353 3334 564 3422 scripserunt
581 3357 724 3405 sensum
736 3334 855 3422 fuisse,
870 3333 969 3401 facile
982 3333 1185 3424 comperiet.

90 3430 145 3510 (2ει
161 3445 255 3513 pars,
276 3423 331 3490 De
349 3423 586 3494 Eucharistiae
602 3438 833 3510 sacramente,
851 3444 887 3490 n.
902 3423 945 3490 62
963 3422 997 3489 δι
1010 3423 1082 3506 63.)

32 3540 36 3546 ·
138 3514 174 3582 3.
194 3511 361 3582 Succedit
378 3514 511 3582 celebre
527 3515 708 3583 decretum
727 3511 923 3581 lnnocentii
946 3511 1015 3600 XI,
1036 3511 1126 3578 Cum
1143 3510 1190 3579 od

88 3623 215 3689 aures,
228 3601 284 3670 cui
297 3603 417 3689 plures
429 3623 588 3672 excessus
599 3603 771 3670 dederunt
783 3599 1186 3686 occasionemExscrip·

87 3707 172 3762 tum
194 3693 368 3781 reperitur
382 3691 420 3759 in
440 3706 564 3760 nostro
583 3708 683 3761 tomo
701 3715 724 3776 a
752 3691 805 3759 De
831 3689 1032 3780 Religiosis,
1051 3712 1086 3780 p.
1105 3689 1185 3776 605,

87 3782 150 3853 ed.
165 3801 200 3851 2.
218 3781 368 3849 Decreto
383 3780 464 3867 isto,
492 3781 539 3849 ait
557 3781 758 3850 Lehmkuhl
774 3785 813 3866 (t.
831 3801 863 3864 2,
882 3801 919 3845 n.
942 3781 1030 3865 156),
1049 3791 1188 3846 cavetur

87 3892 137 3940 ne
154 3885 297 3960 propter
313 3870 431 3938 solum
447 3883 576 3939 statum
591 3872 763 3957 laicalem,
782 3868 1017 3957 coniugalem,
1037 3881 1101 3936 etc.
1127 3866 1186 3934 ali·

87 3960 175 4050 quis
191 3981 212 4027 a
227 3959 400 4049 frequenti
417 3960 669 4028 communione
686 3971 854 4044 arceatur,
873 3956 934 4024 sed
951 3956 1124 4025 iudicium
1144 3956 1189 4022 de

87 4048 268 4138 frequenti
286 4048 341 4114 vel
362 4048 467 4116 etiarn
490 4049 668 4118 cotidiano
691 4067 831 4116 accessu
848 4046 892 4114 ad
908 4066 1043 4115 sacram
1065 4046 1188 4113 alimo-

87 4139 192 4206 niam
219 4135 511 4206 confessariorum
537 4137 700 4228 prudenti
724 4134 858 4205 iudicio
886 4155 961 4204 esse
987 4135 1187 4223 relinquen·

87 4228 197 4312 dum,
214 4225 276 4316 qui
298 4240 428 4294 secreta
448 4227 564 4296 cordis
586 4228 804 4316 explorantes
828 4245 869 4292 ex
892 4223 1188 4292 conscientiarum

87 4313 246 4406 puritate
257 4328 290 4383 et
305 4312 519 4404 frequentiae
531 4317 646 4386 fructu
659 4329 691 4384 et
704 4314 746 4383 ad
760 4313 926 4401 pietatem
938 4333 1124 4404 progressu
1137 4311 1186 4397 id,
