2959 4900
333 292 370 338 DE
385 294 527 340 lttssatturt
542 297 679 342 omuibus
696 298 771 341 APUD
788 303 946 342 austerosos
1122 277 1180 340 '107

95 434 133 504 in
150 437 230 507 loco
246 439 358 531 magis
384 442 512 530 patenti
530 456 562 513 et
578 443 682 512 obvio
707 441 833 532 (qualis
856 456 907 510 est
923 439 1087 524 sacristia)
1104 459 1182 527 pro·

96 548 228 616 ponere
244 529 373 599 debent
389 532 544 600 tabellam
561 555 705 602 onerum
716 541 967 623 perpetuorum
990 529 1043 600 uel
1057 537 1181 618 tempo·

95 617 224 685 ralium
242 619 280 700 ¹,·
300 641 351 708 ac,
370 624 397 688 si
414 622 490 690 aliis
506 638 679 712 praeterea
696 621 925 712 suscipiendis
938 619 1104 689 oneribus
1115 617 1184 686 sint

95 705 261 882 imparpS,
291 709 377 778 illud
407 711 443 778 in
475 711 550 801 ipsa
577 713 702 781 tabella
729 711 932 800 exprimere.
959 708 1016 793 (C.
1042 709 1179 798 Nuper,

95 817 132 863 n.
174 819 207 865 o.

132 897 268 978 Qnerum
292 901 413 957 nomine
433 903 554 958 veniunt
576 903 624 959 hic
642 901 748 958 missae
757 902 917 976 fundatae.
938 903 1034 972 Atque
1056 915 1091 959 ex
1115 896 1184 970 ipsis

97 969 125 1024 le
146 986 170 1024 rs
184 971 290 1041 verbis,
306 990 381 1044 quae
394 973 560 1047 diriguntur
571 975 610 1030 ad
622 972 815 1030 ecclesiarum
831 986 956 1029 rectores
968 971 1012 1028 vel
1026 970 1181 1034 ministros

96 1058 112 1094 a
135 1040 196 1097 dita
220 1042 342 1110 ratione,
363 1061 400 1102 ne
418 1061 508 1102 onera
527 1064 615 1121 supra
633 1046 708 1101 vires
728 1058 837 1102 temere
857 1043 1060 1125 suscipiantur.
1074 1041 1184 1121 intelle·
1268 1113 1270 1117 ι

96 1113 209 1193 gandae
224 1125 292 1170 sunt
313 1115 418 1172 missae
451 1135 516 1186 uae,
531 1130 564 1172 ut
577 1118 663 1173 verba
675 1116 824 1172 imitemur
835 1116 941 1172 decreti
965 1115 1005 1171 Ut
1025 1113 1132 1181 debita,
1153 1128 1183 1167 m

96 1197 183 1240 initio
197 1189 219 1252 2,
240 1185 270 1240 in
290 1199 368 1243 certa
387 1135 507 1245 ecciesia
525 1202 594 1245 sunt
607 1187 791 1256 constitutae,
813 1187 852 1242 ita
869 1200 903 1243 ut
911 1203 1008 1261 perse
1026 1185 1066 1242 ibi
1079 1185 1184 1241 missae

95 1255 168 1311 istae
182 1254 450 1338 sint-celebrandae.
465 1262 563 1329 Quare
573 1277 633 1316 non
642 1271 685 1316 est
694 1259 886 1341 proponenda
898 1257 1068 1316 huiusmoni
1078 1255 1185 1336 tabella

96 1343 150 1398 pro
166 1345 264 1384 missis
272 1347 403 1456 <puerum
416 1332 628 1389 monasterium
641 1344 738 1405 potius
751 1348 852 1387 curare
863 1331 947 1386 debet
959 1329 1184 1386 celebrationem

96 1415 189 1478 quam
215 1416 270 1455 ean
292 1419 337 1457 em
361 1402 391 1457 in
412 1403 531 1460 ecclesia
552 1421 604 1459 sua
623 1416 777 1476 praestare,
801 1402 830 1458 id
850 1413 902 1470 est,
918 1401 941 1458 si
961 1399 1182 1464 monasterium,

97 1481 191 1526 instar
210 1470 336 1528 familiae
362 1474 446 1530 cuius
471 1488 605 1547 gravetur
627 1474 847 1548 patrimonium,
874 1489 953 1530 mere
977 1472 1122 1546 obligatur
1148 1470 1183 1525 ad

97 1543 258 1613 quotannis
279 1561 344 1600 com
366 1558 492 1602 etentem
507 1546 692 1603 tribuendam
706 1546 924 1618 eleemosynam
937 1544 1091 1601 missarum
1110 1558 1184 1616 quae

98 1612 193 1670 ubivis
220 1632 238 1669 a
261 1562 394 1688 quolibet
420 1619 570 1674 sacerdote
595 1617 734 1675 celebrari
755 1631 866 1691 queant
887 1618 907 1673 ³.
936 1615 1063 1672 Maxime
1085 1627 1184 1670 tamen

97 1687 351 1744 commendandae
374 1701 442 1745 sunt
461 1690 600 1759 cautelae,
622 1707 659 1747 ne
678 1702 879 1763 susceptarum
898 1687 1112 1760 obligationum
1126 1702 1184 1741 me-

98 1773 193 1812 moria
206 1772 316 1831 pereat.

142 1875 175 1921 2.
198 1853 339 1924 Praeter
351 1878 496 1926 onerum
512 1857 688 1946 tabellam,
706 1857 794 1926 liber
806 1855 989 1925 habendus
1000 1868 1051 1923 est
1064 1853 1099 1922 in
1113 1874 1184 1942 quo

99 1943 278 2012 ntcnuales
305 1946 429 2015 missae
456 1968 544 2036 quae
572 1969 591 2016 a
615 1946 778 2016 fidelibus
800 1945 983 2014 traduntur
1007 1965 1047 2012 ex
1063 1944 1185 2010 ordine

100 2054 178 2101 curn
204 2054 268 2103 sua
292 2038 512 2128 eleemosyna
529 2051 783 2105 recenseantur.
805 2036 857 2103 Ita
873 2034 965 2103 decr.
995 2033 1044 2101 Ut
1059 2032 1181 2114 debita,

100 2122 134 2189 in
157 2121 244 2206 fine,
262 2145 334 2214 quo
357 2126 406 2194 sic
430 2127 555 2217 partim
571 2140 783 2216 temperatur
799 2123 964 2213 obligatio
982 2123 1024 2192 C.
1043 2123 1182 2213 Nuper,

100 2232 134 2278 n.
152 2212 210 2280 61.
233 2212 310 2282 Hac
326 2215 422 2283 enim
442 2216 700 2284 Constitutione
716 2214 821 2283 etiam
838 2214 875 2281 in
891 2213 1022 2282 librum
1038 2211 1185 2280 referen-

102 2300 163 2368 dae
179 2316 277 2370 erant
293 2303 457 2374 fundatae
469 2305 605 2375 missae.

145 2401 176 2470 3.
195 2402 438 2492 Requiruntur
455 2405 598 2495 insuper
619 2403 698 2474 libri
717 2404 754 2473 in
771 2402 900 2494 quibus
915 2401 1089 2471 dictorum
1107 2421 1185 2469 one·

104 2511 180 2558 rum
197 2492 471 2579 (fundationum)
488 2510 521 2563 et
536 2496 755 2564 manualium
780 2494 966 2562 missarum
989 2490 1183 2581 satisfactio

105 2579 273 2669 signetur.
294 2584 411 2668 (Decr.
435 2586 484 2652 Ut
499 2584 621 2672 debita,
639 2585 675 2652 in
692 2584 792 2667 fine.)

139 2682 278 2751 Quamvis
294 2685 359 2741 libri
372 2686 524 2743 videantur
544 2686 652 2759 requiri
674 2684 811 2754 distincti,
833 2684 861 2739 id
880 2694 978 2741 tamen
994 2700 1053 2739 non
1067 2681 1185 2738 arbitra-

107 2769 169 2809 mur
181 2756 381 2827 substantiale,
391 2759 552 2815 dummodo
564 2757 663 2814 omnia
673 2756 827 2830 diligenter
838 2768 977 2811 notentur
986 2768 1015 2811 et
1024 2754 1183 2826 signentur.

148 2860 180 2925 4.
201 2840 396 2931 Praeterea,
415 2843 512 2911 iubet
528 2844 569 2912 C.
601 2844 739 2934 Nuper,
758 2864 794 2909 n.
814 2843 868 2922 61,
889 2854 1061 2930 quotquot
1085 2839 1185 2907 ratio·

109 2946 185 2996 nem
215 2930 359 3000 reddere
390 2933 443 3000 vel
474 2934 609 3023 exigere
644 2932 785 3019 debent,
823 2950 941 2998 curare
980 2944 1018 2995 ut
1049 2949 1186 2996 annuae

110 3015 253 3115 rationes
277 3019 320 3088 de
337 3021 515 3110 oneribus,
534 3020 765 3111 eleemosynis
781 3034 814 3088 et
830 3017 1131 3106 satisfactionibus,
1149 3018 1185 3095 in

112 3105 228 3174 iisdem
244 3109 341 3177 libris
357 3110 558 3180 referantur.

147 3207 181 3263 N.
199 3210 230 3266 Β.
254 3212 335 3268 Haec
350 3230 449 3268 rursus
473 3213 666 3286 intellegenda
678 3224 746 3268 sunt
769 3213 804 3266 de
818 3208 1010 3283 eleemosynis
1025 3206 1186 3289 commissis

115 3278 241 3337 ecclesiae
267 3284 312 3339 vei
337 3284 525 3350 monasterio,
552 3302 601 3341 seu
621 3284 758 3340 ecclesiae
785 3299 858 3355 quas
878 3293 972 3338 rector
991 3298 1042 3336 seu
1055 3280 1187 3352 minister

115 3363 167 3419 qua
187 3352 253 3409 talis
273 3355 424 3428 acceperit,
442 3373 501 3411 non
515 3370 613 3412 autem
628 3374 686 3429 qua
698 3356 826 3429 privatus
839 3353 971 3409 sacerdos
992 3352 1041 3423 qui
1057 3351 1110 3406 sibi
1124 3368 1186 3432 per·

116 3423 235 3542 ponalem
258 3427 434 3483 contraxerit
454 3426 663 3500 obligationem
682 3428 729 3483 cui
752 3426 839 3483 etiarn
858 3426 934 3480 clam
953 3435 982 3480 et
1000 3423 1094 3479 ubivis
1107 3436 1186 3477 satis-

125 3508 197 3550 acere
210 3511 307 3569 queat.

155 3583 324 3670 Diligens
338 3591 582 3673 pecuniarum
597 3588 812 3655 collocatio.
829 3624 867 3635 —
886 3580 976 3649 r.Ex
989 3579 1029 3648 C.
1045 3578 1184 3667 Nuper,

118 3685 149 3733 n.
166 3668 197 3755 8,
224 3698 236 3733 l
256 3672 424 3760 pecuniae
451 3674 504 3740 vel
531 3675 596 3742 alia
613 3672 758 3741 mobilia
773 3690 863 3760 quae
879 3671 921 3737 ab
939 3668 1100 3747 ecclesiis,
1120 3684 1184 3734 etc.

120 3760 380 3831 monasteriis...
410 3763 495 3831 locis
522 3762 687 3831 omnibus
717 3776 789 3830 tam
813 3758 1046 3829 saecularibus
1080 3778 1185 3844 quarn

123 3910 434 3931 Ἢ*-

147 4007 153 4041 ¹
167 4008 203 4057 Ex
213 4012 283 4063 decr.
298 4013 331 4062 Ut
341 4015 418 4063 delira
430 4013 458 4064 in
473 4013 535 4072 fine,
549 4012 650 4063 tabella
660 4012 729 4073 exigi
742 4026 796 4062 non
807 4011 915 4061 videtur
932 4009 983 4059 nisi
999 4020 1112 4058 onerum
1126 4020 1185 4068 per-

124 4078 313 4138 reluctamur
324 4082 404 4143 quasi
421 4082 525 4131 talium.

146 4140 261 4258 2lipslsae
279 4146 307 4195 in
327 4150 403 4197 nulla
422 4148 538 4198 ecclesia
555 4147 718 4197 constitutae
738 4147 833 4195 eodem
854 4147 963 4194 decreto
984 4141 1112 4191 dicuntur
1129 4156 1187 4191 esse

126 4217 194 4256 manu
220 4225 255 4261 es.

149 4274 159 4305 ³
172 4276 266 4327 Rursus
276 4278 388 4328 modum
399 4279 526 4340 loquendi
541 4279 678 4329 imitamur
689 4279 791 4329 decreti
805 4278 837 4325 Ut
847 4277 932 4335 debito,
946 4277 973 4325 in
984 4275 1160 4336 praefatione.
