2959 4900
105 313 177 393 [106
193 313 265 396 108]
296 337 385 372 missio
395 337 780 380 CAROLINARUM,BttastL1nE;
799 336 951 371 ausoturro
962 335 1093 371 raanan.
1156 312 1193 373 63

141 470 228 525 l-lanc
239 483 340 526 autem
355 469 665 527 Eminentissimorum
681 472 802 527 Patrum
817 470 991 526 sententiam
1004 468 1193 526 Sanctissimo

105 541 234 597 Domino
247 542 357 598 Nostro
373 542 427 599 Pio
438 541 537 598 divina
551 541 734 614 providentia
748 544 806 599 PP.
821 542 848 597 X
861 541 983 598 relatam
995 540 1026 597 in
1036 541 1193 597 Audientia

103 611 283 685 insequentis
308 614 365 669 diei
390 615 427 669 ab
454 613 639 685 infrascripto
664 613 796 669 eiusdem
821 614 926 669 Sacrae
950 611 1193 685 Congregationis

103 684 275 753 Secretario,
296 685 440 742 Sanctitas
459 686 518 741 Sua
537 685 663 766 benigne
677 685 849 757 approbavit
867 696 1022 759 ratamque
1035 684 1148 751 habuit,
1165 694 1193 738 et

102 772 241 827 praesens
253 773 287 811 ea
301 758 337 811 de
350 773 382 811 re
398 758 554 813 Decretum
566 756 614 812 edr
628 755 783 829 praecepit.

139 839 248 894 Datum
263 842 384 909 Romae,
399 856 434 895 ex
443 839 574 895 Aedibus
589 840 619 897 S.
636 840 670 895 C.
684 840 721 895 de
735 841 861 913 Propag.
878 839 958 906 Fide,
973 838 1020 894 die
1036 838 1066 893 18
1080 839 1193 893 decem·

101 908 161 965 bris
172 927 221 969 an.
242 912 320 984 1905.

647 982 695 1037 Fr.
712 982 753 1037 H.
771 982 813 1041 M.
828 982 914 1037 Card.
932 982 1156 1051 Gorr1,Praef.

720 1064 857 1120 Aloisius
877 1064 995 1133 Veccia,
1009 1066 1120 1123 Secret.
1185 1145 1194 1161 .

324 1322 421 1411 107.
443 1376 485 1385 -
506 1336 569 1407 ss.
592 1339 629 1406 o.
655 1339 692 1405 rt.
716 1338 762 1407 Ριι
787 1338 919 1408 erent
942 1338 968 1405 x

98 1510 308 1567 LITTERAE
327 1511 371 1565 20
389 1511 477 1566 DEG.
499 1510 870 1644 1302511335153113'1111'5'8
895 1510 1085 1565 UNIVERSI
1105 1511 1192 1566 ORD.

151 1726 208 1781 De
225 1726 467 1797 promovendo
485 1726 688 1796 apostolatu
706 1725 801 1796 apud
822 1724 996 1781 Brasiliae
1014 1729 1143 1798 gentes

196 1870 309 1927 Dilecti
326 1872 412 1940 Filii,
433 1871 567 1928 Salutem
587 1882 615 1926 et
631 1871 837 1945 Apostolicam
857 1872 1097 1927 Benedictionem

135 2018 269 2077 Dilectus
291 2019 383 2076 Filius
401 2018 547 2076 Gerardus
565 2035 620 2075 van
640 2019 753 2075 Caloen
771 2035 861 2091 quarn
880 2019 969 2075 alacri
987 2020 1191 2093 constantique

99 2090 198 2147 studio
212 2091 271 2146 iam
282 2090 333 2146 diu
342 2091 509 2158 contendat,
519 2103 552 2145 ut
563 2089 702 2145 Brasiliae
714 2082 850 2161 gehtibus
864 2090 999 2147 catholici
1010 2091 1190 2164 apostolatus

98 2163 179 2218 bona
190 2162 337 2230 conciliet,
351 2163 433 2217 vobis
445 2162 513 2217 satis
525 2177 671 2234 superque
683 2178 746 2217 esse
759 2174 866 2217 notum
878 2178 932 2243 pro
945 2174 1025 2218 certo
1037 2163 1188 2219 habemus.

100 2235 141 2289 Ut
165 2245 267 2289 tamen
291 2250 326 2289 ea
346 2232 457 2301 omnia,
481 2248 558 2305 quae
583 2232 662 2288 idem
682 2233 805 2289 dilectus
831 2233 922 2288 Filius
953 2233 1052 2289 divino
1073 2234 1190 2289 iuvante

98 2304 224 2360 numine
238 2304 385 2386 implenda
395 2303 450 2359 sibi
463 2304 624 2376 proposuit,
638 2320 739 2376 reapse
752 2304 937 2377 impleantur,
950 2323 1043 2360 unum
1055 2306 1144 2373 deest,
1158 2318 1190 2361 ut

99 2392 242 2431 numerus
262 2375 395 2431 vtdelicet
419 2374 621 2448 operariorum
642 2388 793 2447 augeatur,
824 2376 875 2447 qui
899 2376 930 2431 in
954 2393 1047 2432 messe
1070 2377 1189 2432 Domini

98 2461 218 2521 portent
237 2447 353 2520 pondus
373 2446 430 2503 diei
452 2459 480 2502 et
499 2458 605 2502 aestus.
622 2447 730 2515 Quare,
756 2446 874 2504 caritate
893 2448 1000 2504 Christi
1019 2448 1143 2522 permoti
1162 2462 1190 2504 et

98 2532 126 2575 et
138 2520 346 2576 salvandarum
356 2519 522 2574 animarum
532 2518 685 2584 desiderio,
700 2519 784 2574 enixe
796 2536 847 2574 vos
857 2519 1045 2574 exhortamur
1058 2520 1149 2575 immo
1162 2535 1190 2576 et

98 2591 299 2659 obsecramus,
327 2602 361 2646 ut
379 2589 402 2645 si
422 2606 496 2662 quos
521 2589 551 2644 in
570 2591 750 2645 monasterio
770 2591 894 2663 quisque
916 2603 1011 2646 vestro
1030 2591 1187 2664 reperiatis,

98 2662 148 2734 qui
161 2662 346 2735 praedictum
362 2661 508 2717 Dilectum
522 2661 629 2716 Filium
649 2661 811 2716 Gerardum
824 2661 854 2717 in
872 2663 1010 2717 Brasiliae
1027 2679 1093 2718 oras
1106 2663 1188 2736 sequi

98 2733 198 2801 velint,
211 2733 298 2807 eique
317 2734 348 2788 in
366 2733 451 2788 vinea
467 2730 585 2787 Domini
595 2730 776 2800 adlaborare‚
792 2750 841 2789 eos
854 2750 891 2789 ne
900 2733 1087 2804 prohibeatis,
1099 2734 1189 2790 immo

98 2804 268 2860 hortatione
279 2814 374 2860 vestra
385 2803 539 2859 stimuletis
554 2816 582 2858 et
599 2803 688 2858 corde
701 2820 809 2875 magno
828 2818 855 2859 et
869 2805 969 2860 animo
987 2807 1096 2860 volenti
1110 2806 1188 2860 dere·

98 2875 236 2932 lictorum
253 2875 386 2948 gentium
404 2875 623 2932 necessitatibus
641 2875 815 2931 concedatis.
839 2877 905 2931 Hoc
923 2889 1021 2931 autem
1040 2875 1187 2943 confidite,

98 2959 251 3018 potentem
263 2963 324 3002 esse
338 2948 434 3003 Deum
445 2946 595 3001 abundare
607 2944 700 3000 lacere
713 2947 743 3001 in
756 2947 847 3014 vobis,
861 2961 895 3002 ut
907 2949 1083 3003 monasteria
1096 2960 1190 3003 vestra

98 3018 172 3074 nihil
204 3018 275 3074 inde
298 3018 414 3092 capiant
444 3017 619 3084 detrimenti,
648 3017 708 3084 sed,
737 3029 849 3087 contra,
879 3035 1002 3074 numero
1031 3032 1059 3074 et
1084 3019 1189 3074 virtute

99 3087 235 3146 floreant.
253 3090 395 3146 Paternae
414 3090 539 3144 Nostrae
557 3087 721 3143 dilectionis
733 3099 837 3144 testem
855 3106 889 3145 ac
902 3106 1059 3145 munerum
1079 3090 1189 3146 divino·

99 3178 166 3216 rum
180 3160 340 3233 auspicem,
355 3160 555 3234 Apostolicam
575 3158 815 3216 Benedictionem
834 3159 915 3217 vohis
929 3173 957 3216 et
975 3161 1111 3217 subiectis
1129 3162 1189 3217 cui·

99 3249 157 3304 que
172 3231 325 3287 monachis
337 3231 534 3287 amantissime
547 3231 738 3304 impertimus.

135 3319 247 3374 Datum
261 3317 382 3378 Romae,
398 3315 475 3388 apud
489 3317 518 3372 S.
536 3316 665 3383 Petrum,
679 3315 726 3370 die
739 3332 775 3370 ao
794 3314 956 3371 decembris
973 3317 1051 3389 1905,
1069 3316 1190 3373 Pontifi-

98 3401 182 3445 catus
194 3387 297 3444 Nostri
310 3388 406 3442 tertio.
909 3459 979 3514 PIUS
1001 3459 1060 3515 pp.
1081 3458 1117 3513 X.

212 3686 314 3774 108.
335 3739 376 3752 -
398 3699 434 3770 s.
458 3702 605 3771 artuum
628 3700 772 3771 cotan.
796 3701 856 3781 (22
880 3700 954 3769 roo.
978 3698 1077 3780 taos)

243 3846 465 3930 Responsum
485 3857 530 3913 de
547 3857 773 3914 absolutione
790 3855 1047 3913 Tertiariornm
1068 3928 1069 3932 Ἰ

135 4006 239 4061 Frater
258 4001 418 4058 Pirminius
442 4003 636 4070 llasenoehrl‚
659 4003 793 4059 sacerdos
812 4001 931 4058 Ordinis
947 4002 1083 4057 Fratrum
1097 4000 1191 4056 Mino-

98 4094 180 4145 rum,
196 4073 374 4130 sollemniter
391 4073 539 4155 professus
553 4075 584 4129 in
600 4074 738 4146 Regulari
753 4073 905 4130 Provincia
925 4073 1026 4153 Sancti
1050 4073 1190 4144 Leopoldi

98 4161 127 4206 et
157 4145 290 4203 Director
312 4144 405 4202 Tertii
430 4146 550 4202 Ordinis
575 4147 730 4202 saecularis
757 4145 857 4201 Sancti
881 4145 1038 4211 Francisc1‚
1060 4159 1077 4196 a
1102 4147 1190 4199 Sacra

100 4219 228 4345 Ritttiltltlm
239 4216 479 4297 'Congregatione
499 4217 647 4290 sequentis
668 4217 750 4273 dubii
767 4216 948 4272 solutionem
966 4213 1131 4270 humillime
1143 4231 1189 4270 ex-

97 4308 154 4367 pos
204 4300 280 4345 avtt:

1275 473 1396 577 approbat

1246 530 1298 635 {gp
1328 537 1405 577 auctr·

1273 2034 1393 2080 Memora·

1245 2092 1275 2137 τίς
1285 2090 1372 2137 studiis

1245 2149 1276 2195 G.
1298 2162 1344 2195 van
1354 2148 1402 2196 Ca-

1243 2205 1303 2252 loen.

1272 2276 1383 2323 Obseroat

1242 2333 1354 2394 Pontifex
1364 2334 1399 2380 de·

1242 2390 1347 2438 siderari

1243 2453 1370 2508 operarios.

1272 2520 1338 2566 Hinc
1346 2521 1401 2566 lor-

1243 2580 1307 2624 tatur
1320 2579 1402 2626 Alla-

1242 2639 1274 2680 les
1290 2639 1315 2680 ut
1328 2635 1402 2696 fariza

1241 2695 1324 2739 sinant
1349 2708 1401 2739 suos

1242 2751 1366 2797 monachos

1241 2807 1303 2854 ultro
1313 2807 1370 2868 fieri

1242 2869 1289 2912 eiras
1295 2869 1370 2912 socios
1381 2873 1402 2912 et

1241 2928 1373 2982 cooperato·

1242 2995 1287 3027 res.

1270 3051 1401 3098 Neindeli·

1242 3115 1319 3155 meant
1352 3113 1401 3156 suis

1242 3170 1400 3216 monasteriis.

1271 3309 1331 3355 Dies
1363 3311 1402 3367 (ro

1243 3364 1290 3414 dec.
1301 3369 1379 3425 1905).

1272 4015 1370 4064 Orator·
