2959 4900
89 434 207 518 [5354]
229 460 251 494 s.
264 461 288 494 c.
300 460 360 495 iun.
372 461 653 498 detrimentosum
666 462 691 497 c.
705 461 748 497 nr.
762 461 798 497 ar
809 461 873 496 aiio.
886 461 923 496 nu
933 459 1091 496 taurinatis
1115 437 1173 502 lii

125 593 153 647 3⁰
166 591 335 665 Recipiendi
346 594 491 667 privatim,
502 595 611 653 scilicet
621 605 687 669 post
695 593 936 651 sacramentalem
944 592 1172 662 confessionem,

91 663 292 720 absolutiones
317 665 347 720 in
369 667 466 738 vigilia
486 667 627 724 festorum
651 667 759 740 quibus
779 665 882 722 affixae
901 679 979 733 sunt,
1002 678 1029 722 et
1043 683 1097 738 pro
1112 681 1175 738 per-

89 736 167 795 sonis
179 735 309 808 legitime
322 738 470 812 impeditis
483 739 572 795 etiam
585 740 615 794 in
628 756 690 795 uno
703 739 750 794 die
763 748 883 796 octavae
898 755 1001 794 eorum
1012 758 1020 806 ;

123 831 154 889 4⁰
168 820 513 896 Benedicendi,tempore
523 823 700 879 Missionum
710 820 945 895 et'spiritualium
957 820 1172 889 exercitiorum,

89 909 106 946 e
122 904 258 963 suggestu
275 893 454 966 Scapularia,
469 893 636 952 adhibendo
650 895 809 950 formulam
819 885 852 948 in
873 910 998 952 numero
1012 891 1129 968 plurali,
1146 906 1175 950 et

89 962 161 1034 quin
188 963 228 1017 im
251 978 390 1033 onantur,
413 979 442 1021 et
467 966 529 1022 sine
562 965 742 1039 obligatione
769 963 948 1022 inscribendi
983 965 1013 1020 in
1039 963 1173 1035 catalogo

88 1033 209 1090 nomina
242 1035 354 1092 delium
368 1034 419 1109 qui
433 1037 593 1112 scapularia
611 1037 766 1112 recipiunt,
790 1053 883 1111 eaque
905 1035 1071 1110 respectivis
1095 1035 1173 1092 exhi·

90 1106 174 1161 bendi
189 1105 490 1179 Conbaternitatibus,
506 1109 549 1165 uti
562 1110 774 1182 praescriptum
789 1119 872 1165 esset.

126 1190 220 1260 Quae,
232 1203 287 1248 etc.

124 1272 214 1326 SSm·
229 1273 373 1346 Dominus
389 1276 504 1343 Noster,
523 1273 591 1330 Pius
608 1277 666 1330 ΡΡ.
688 1276 724 1342 X,
734 1274 770 1330 ·in
783 1274 933 1331 audientia
957 1273 1057 1331 habita
1071 1274 1118 1332 die
1143 1293 1175 1346 14

91 1342 250 1399 decembris
268 1363 346 1418 1904,
361 1348 398 1403 ab
412 1345 595 1412 infrascripto
610 1346 759 1402 Cardinali
785 1346 934 1404 Praefecto
957 1347 986 1403 S.
1009 1347 1175 1419 Congrega-

90 1414 174 1469 tionis
190 1415 381 1490 Indulgentiis
396 1418 550 1490 Sacrisque
567 1417 707 1490 Reliquiis
720 1417 912 1490 praepositae,
928 1417 1054 1490 benigne
1071 1416 1176 1474 annuit

88 1502 140 1556 pro
152 1486 245 1558 gratia
259 1487 289 1542 in
302 1489 440 1545 omnibus
466 1489 547 1544 iuxta
569 1506 679 1560 preces,
702 1489 851 1546 Praesenti
874 1490 903 1545 in
919 1503 1093 1562 perpetuum
1107 1488 1176 1546 vali·

88 1571 154 1683 tipo
166 1558 278 1685 abspue
292 1560 353 1616 ulla
370 1560 468 1617 Brevis
481 1561 675 1633 expeditione.
692 1561 855 1618 Contrariis
867 1561 1104 1635 quibuscumque
1114 1578 1175 1618 non

89 1645 105 1681 o
126 1641 214 1684 stanti
237 1645 281 1686 us.

125 1715 233 1769 Datum
261 1717 354 1771 Roma
376 1703 411 1775 e'x
433 1715 593 1772 Secretaria
618 1715 751 1771 eiusdem
769 1716 799 1774 S.
819 1716 1061 1790 Congregationis
1074 1716 1121 1774 die
1147 1735 1177 1788 14
1215 1771 1219 1782 ,

92 1784 252 1842 decembris
270 1805 348 1862 1904·
665 1860 701 1915 Α,
716 1859 803 1916 eard,
814 1860 947 1920 Tairnei.
964 1860 1069 1930 Praes.

389 1941 460 2010 (Pro
473 1940 644 2014 Secretario)
660 1941 717 1998 los.
728 1942 775 2000 M.
794 1942 869 2000 Can.
884 1943 1002 2012 Corelli,
1019 1944 1139 2000 Substit.

506 2121 772 2130 ———-——-

177 2239 247 2325 54.
269 2292 311 2300 -
333 2251 367 2322 s.
390 2254 425 2323 o.
449 2252 728 2325 iristitiam
753 2254 811 2323 rr
827 2213 1078 2324 areuiiiiuii

360 2443 620 2501 RESCRIPTUM
636 2444 645 2480 ¹
665 2443 812 2500 301Alv.
833 2444 916 2499 1905

129 2609 177 2664 De
195 2610 456 2682 aggregatione
475 2610 800 2683 congregationum
819 2610 1078 2668 bainariorum
1098 2612 1144 2668 ad

358 2695 526 2752 Ordinem
546 2694 711 2753 Fratrum
731 2694 909 2752 Minorum

129 2861 224 2918 Auctis
250 2863 412 2919 admodum
437 2882 472 2920 ex
498 2876 623 2938 utroque
646 2880 718 2919 sexu
741 2861 890 2919 Tertiariis
915 2861 945 2919 in
969 2859 1180 2919 communitate

98 2930 250 2991 viventibus
273 2934 532 3008 eminentibusque
550 2935 693 3008 simplicia
712 2947 788 3001 vota,
809 2934 861 3007 qui
882 2930 1017 3006 exemplo
1041 2943 1069 2988 et
1092 2949 1180 3005 opere

98 3002 198 3073 optime
217 3007 253 3063 de
272 3023 305 3062 re
322 3005 464 3063 catholica
484 3021 643 3076 merentur,
657 3006 828 3079 Apostolica
847 3006 934 3062 Sedes
953 3022 1004 3077 per
1025 3006 1180 3060 Decretum

99 3074 193 3133 Sacrae
212 3079 453 3151 congregationis
470 3079 663 3151 Indulgentiis
676 3090 704 3133 et
719 3077 860 3151 Reliquiis
878 3076 1059 3158 praepositae
1078 3074 1179 3155 datum

98 3147 146 3201 sub
177 3150 222 3205 die
251 3152 285 3206 28
307 3150 422 3222 augusti
445 3167 523 3206 anno
550 3152 614 3223 1903
639 3149 739 3206 statuit
763 3149 932 3214 universim,
967 3160 1000 3203 ut
1032 3146 1180 3203 Ecclesiae

98 3216 300 3276 Tertiariorum
310 3222 488 3290 huiusmodi,
500 3222 664 3277 dummodo
676 3221 731 3295 ipsi
743 3220 902 3277 Ordinibus
916 3238 932 3275 a
949 3219 1056 3292 quibus
1070 3234 1179 3276 nomen

99 3299 123 3341 et
139 3289 267 3348 habiturn
280 3306 461 3360 mutuantur,
482 3293 610 3366 legitime
623 3294 680 3347 sint
699 3290 856 3374 aggregati,
872 3291 1002 3347 «iisdem
1018 3289 1179 3372 Indulgen-

97 3360 307 3499 p'i'sgaiideant,
323 3365 427 3438 quibus
439 3364 592 3421 Ecclesiae
605 3364 761 3438 respectivi'
769 3363 866 3439 primi
879 3373 908 3418 et
918 3362 1040 3418 secundi
1055 3360 1180 3418 Ordinis

111 3446 266 3491 ruunttir».

134 3517 338 3581 Nihilominus,
355 3521 505 3576 sanctione
519 3519 573 3575 hac
585 3518 713 3591 generali
729 3535 779 3589 per
793 3515 979 3590 Apostolicae
990 3515 1071 3572 Sedis
1082 3516 1180 3587 benig-

101 3586 210 3663 nitatem
220 3590 305 3658 edita,
315 3592 439 3663 plurima
450 3592 525 3648 inter
536 3593 557 3647 F
559 3592 820 3647 rairesacSorores
829 3587 1046 3645 TertiiOrdinis
1058 3587 1180 3668 Regula-

101 3676 137 3712 ris
150 3661 243 3718 Sancti
260 3663 353 3718 Patris
368 3665 405 3718 N.
422 3663 565 3719 Francisci
579 3663 791 3718 enascebantur
812 3660 911 3727 dubia,
935 3676 1011 3731 quae
1025 3658 1181 3731 prohibent

103 3731 248 3799 quominus
268 3734 418 3805 Seraphici
440 3734 566 3790 Instituti
587 3734 707 3790 Sodales
726 3732 853 3788 eundem
875 3732 1010 3787 Tertium
1038 3730 1181 3786 Ordinem

105 3800 267 3873 Regularem
279 3805 416 3878 amplexi,
431 3820 593 3862 assecutam
612 3805 734 3877 gratiam
754 3802 874 3877 pacifice
893 3802 1054 3858 obtineant.
1077 3802 1182 3881 Neque

103 3872 176 3929 enim
187 3876 314 3949 singulae
334 3877 581 3951 congregationes
595 3877 725 3933 colorem
745 3876 829 3931 lanae
842 3873 1012 3930 naturaliter
1025 3873 1181 3999 subnigrae

104 3957 151 4024 seu
174 3944 273 4018 fulvae,
299 3948 351 4021 qui
371 3949 466 4005 italice
488 3949 595 4004 dicitur
621 3964 763 4004 murrone
793 3947 829 4027 in·
849 3963 903 4003 suo
927 3945 1054 4017 ipsarum
1079 3943 1115 3999 ha
1140 3954 1182 4005 itu

105 4027 226 4086 retinent,
251 4020 348 4092 prouti
371 4034 485 4076 servant
512 4022 626 4076 Fratres
647 4019 768 4076 Ordinis
789 4020 942 4073 Minorum
963 4033 999 4072 ex
1024 4032 1108 4071 num.
1133 4020 1182 4087 io7

106 4084 344 4147 constitutionum
358 4091 545 4148 Generalium
564 4092 724 4166 apostolico
744 4089 926 4145 munitarum
938 4089 1063 4168 robore;
1085 4104 1182 4167 neque

106 4171 199 4215 omnes
210 4163 419 4219 Tertiariorum
438 4162 626 4236 Regularium
642 4164 755 4219 Domus
771 4161 931 4217 Ecclesiam
946 4174 1062 4231 proprie
1075 4158 1182 4213 diotam

106 4228 236 4289 adnexam
253 4233 371 4305 habent,
393 4235 443 4291 sed
463 4235 572 4308 passim
595 4235 745 4307 Capellam
771 4234 830 4290 sive
856 4230 1027 4288 Oratorium
1048 4247 1180 4303 parvum,

135 4454 142 4485 ¹
156 4458 226 4507 Acri
234 4461 261 4510 S.
272 4462 361 4517 Senis,
373 4463 393 4508 t.
408 4466 435 4515 37
445 4461 533 4518 (1905),
545 4472 572 4519 p.
588 4462 640 4507 685.

1257 597 1391 660 Resipiiiidi'

1228 657 1384 708 absolutiones

1227 715 1356 778 generalis.

1257 825 1361 876 Benedi-

1228 885 1294 935 ciiidi'
1309 889 1391 944 scapti-

1229 945 1295 994 laria
1305 959 1316 991 i
1325 957 1379 1002 stig·

1227 1006 1302 1062 gestit.

1212 2924 1218 2935 ·
1263 2899 1342 2947 Causa
1355 2903 1393 2959 pe·

1235 2956 1298 3003 tendi
1304 2959 1384 3016 privi-

1233 3016 1317 3073 legium
1327 3028 1378 3061 ion·

1233 3071 1392 3121 cessumirrli·

1233 3134 1277 3179 si'i's
1298 3129 1392 3178 Tertia·

1233 3193 1334 3245 riorum,
1346 3194 1367 3234 it

1233 3248 1357 3297 ioiii'iiiitta

1233 3304 1349 3355 condicio.
