<?xml version="1.0" encoding="UTF-8"?>
<!DOCTYPE html PUBLIC "-//W3C//DTD XHTML 1.0 Transitional//EN"
    "http://www.w3.org/TR/xhtml1/DTD/xhtml1-transitional.dtd">
<html xmlns="http://www.w3.org/1999/xhtml" xml:lang="en" lang="en">
 <head>
  <title>
</title>
<meta http-equiv="Content-Type" content="text/html;charset=utf-8" />
  <meta name='ocr-system' content='tesseract 3.04.00' />
  <meta name='ocr-capabilities' content='ocr_page ocr_carea ocr_par ocr_line ocrx_word'/>
</head>
<body>
  <div class='ocr_page' id='page_1' title='image "./dereligiosisins01vermgoog_0286.png"; bbox 0 0 2959 4900; ppageno 0'>
   <div class='ocr_carea' id='block_1_1' title="bbox 299 330 959 402">
    <p class='ocr_par' dir='ltr' id='par_1_1' title="bbox 299 330 959 402">
     <span class='ocr_line' id='line_1_1' title="bbox 299 330 959 402; baseline 0 -10"><span class='ocrx_word' id='word_1_1' title='bbox 299 330 338 392; x_wconf 65' lang='lat'>92</span> <span class='ocrx_word' id='word_1_2' title='bbox 724 355 860 402; x_wconf 77' lang='lat' dir='ltr'>puaustrn</span> <span class='ocrx_word' id='word_1_3' title='bbox 875 356 959 392; x_wconf 73' lang='lat' dir='ltr'>vatus</span> 
     </span>
    </p>
   </div>
   <div class='ocr_carea' id='block_1_2' title="bbox 299 483 1444 1999">
    <p class='ocr_par' dir='ltr' id='par_1_2' title="bbox 300 483 1366 661">
     <span class='ocr_line' id='line_1_2' title="bbox 300 483 1366 576; baseline -0.002 -23"><span class='ocrx_word' id='word_1_4' title='bbox 300 485 342 553; x_wconf 93' lang='lat' dir='ltr'>ad</span> <span class='ocrx_word' id='word_1_5' title='bbox 374 485 563 573; x_wconf 90' lang='lat' dir='ltr'>praemissa</span> <span class='ocrx_word' id='word_1_6' title='bbox 591 487 802 576; x_wconf 87' lang='lat' dir='ltr'><strong>respondet:</strong></span> <span class='ocrx_word' id='word_1_7' title='bbox 836 490 984 557; x_wconf 85' lang='lat' dir='ltr'>Attentis</span> <span class='ocrx_word' id='word_1_8' title='bbox 1021 488 1198 575; x_wconf 88' lang='lat' dir='ltr'>omnibus,</span> <span class='ocrx_word' id='word_1_9' title='bbox 1231 483 1366 571; x_wconf 89' lang='lat' dir='ltr'>tolerari,</span> 
     </span>
     <span class='ocr_line' id='line_1_3' title="bbox 300 575 1009 661; baseline 0.007 -20"><span class='ocrx_word' id='word_1_10' title='bbox 300 575 441 642; x_wconf 90' lang='lat' dir='ltr'>servatis</span> <span class='ocrx_word' id='word_1_11' title='bbox 456 576 500 642; x_wconf 90' lang='lat' dir='ltr'>de</span> <span class='ocrx_word' id='word_1_12' title='bbox 515 592 629 644; x_wconf 90' lang='lat' dir='ltr'>cetero</span> <span class='ocrx_word' id='word_1_13' title='bbox 646 577 823 644; x_wconf 85' lang='lat' dir='ltr'>servandis</span> <span class='ocrx_word' id='word_1_14' title='bbox 842 604 850 661; x_wconf 92' lang='lat'>;</span> <span class='ocrx_word' id='word_1_15' title='bbox 880 577 915 645; x_wconf 89' lang='lat' dir='ltr'>id</span> <span class='ocrx_word' id='word_1_16' title='bbox 933 594 983 645; x_wconf 93' lang='lat' dir='ltr'>est</span> <span class='ocrx_word' id='word_1_17' title='bbox 1002 604 1009 647; x_wconf 93' lang='lat'><strong>:</strong></span> 
     </span>
    </p>

    <p class='ocr_par' dir='ltr' id='par_1_3' title="bbox 299 662 1371 1019">
     <span class='ocr_line' id='line_1_4' title="bbox 349 662 1369 753; baseline -0.003 -23"><span class='ocrx_word' id='word_1_18' title='bbox 349 676 380 730; x_wconf 89' lang='lat'>1⁰</span> <span class='ocrx_word' id='word_1_19' title='bbox 409 664 584 733; x_wconf 81' lang='lat' dir='ltr'>Personae</span> <span class='ocrx_word' id='word_1_20' title='bbox 615 665 863 733; x_wconf 87' lang='lat' dir='ltr'>ecclesiasticae</span> <span class='ocrx_word' id='word_1_21' title='bbox 890 688 927 734; x_wconf 89' lang='lat' dir='ltr'>se</span> <span class='ocrx_word' id='word_1_22' title='bbox 958 666 1153 734; x_wconf 89' lang='lat' dir='ltr'>abstineant</span> <span class='ocrx_word' id='word_1_23' title='bbox 1183 687 1203 733; x_wconf 91' lang='lat' dir='ltr'>a</span> <span class='ocrx_word' id='word_1_24' title='bbox 1233 662 1369 753; x_wconf 91' lang='lat' dir='ltr'>qualibet</span> 
     </span>
     <span class='ocr_line' id='line_1_5' title="bbox 299 751 1371 845; baseline -0.002 -27"><span class='ocrx_word' id='word_1_25' title='bbox 299 753 534 841; x_wconf 78' lang='lat' dir='ltr'>negotiatione</span> <span class='ocrx_word' id='word_1_26' title='bbox 561 755 815 843; x_wconf 91' lang='lat' dir='ltr'>praedictarum</span> <span class='ocrx_word' id='word_1_27' title='bbox 842 756 1105 845; x_wconf 82' lang='lat' dir='ltr'>obligationum,</span> <span class='ocrx_word' id='word_1_28' title='bbox 1130 769 1164 823; x_wconf 90' lang='lat' dir='ltr'>et</span> <span class='ocrx_word' id='word_1_29' title='bbox 1186 751 1371 842; x_wconf 89' lang='lat' dir='ltr'>praesertim</span> 
     </span>
     <span class='ocr_line' id='line_1_6' title="bbox 301 841 1369 933; baseline -0.002 -25"><span class='ocrx_word' id='word_1_30' title='bbox 301 842 344 908; x_wconf 93' lang='lat' dir='ltr'>ab</span> <span class='ocrx_word' id='word_1_31' title='bbox 361 842 458 909; x_wconf 93' lang='lat' dir='ltr'>omni</span> <span class='ocrx_word' id='word_1_32' title='bbox 475 857 653 911; x_wconf 87' lang='lat' dir='ltr'>contractu</span> <span class='ocrx_word' id='word_1_33' title='bbox 670 844 731 933; x_wconf 93' lang='lat' dir='ltr'>qui</span> <span class='ocrx_word' id='word_1_34' title='bbox 748 844 900 933; x_wconf 91' lang='lat' dir='ltr'>speciem</span> <span class='ocrx_word' id='word_1_35' title='bbox 916 844 1053 931; x_wconf 87' lang='lat' dir='ltr'>habeat,</span> <span class='ocrx_word' id='word_1_36' title='bbox 1071 859 1110 912; x_wconf 94' lang='lat' dir='ltr'>ut</span> <span class='ocrx_word' id='word_1_37' title='bbox 1127 844 1231 933; x_wconf 85' lang='lat' dir='ltr'>vulgo</span> <span class='ocrx_word' id='word_1_38' title='bbox 1247 841 1369 923; x_wconf 88' lang='lat' dir='ltr'>dicitur,</span> 
     </span>
     <span class='ocr_line' id='line_1_7' title="bbox 300 930 733 1019; baseline 0 -22"><span class='ocrx_word' id='word_1_39' title='bbox 300 930 523 1019; x_wconf 83' lang='lat' dir='ltr'>diguocltidi</span> <span class='ocrx_word' id='word_1_40' title='bbox 536 932 653 1001; x_wconf 83' lang='lat' dir='ltr'>borsa.</span> <span class='ocrx_word' id='word_1_41' title='bbox 730 993 733 997; x_wconf 84' lang='lat'>.</span> 
     </span>
    </p>

    <p class='ocr_par' dir='ltr' id='par_1_4' title="bbox 301 1020 1373 1195">
     <span class='ocr_line' id='line_1_8' title="bbox 347 1020 1373 1113; baseline -0.003 -28"><span class='ocrx_word' id='word_1_42' title='bbox 347 1033 380 1085; x_wconf 90' lang='lat'>2⁰</span> <span class='ocrx_word' id='word_1_43' title='bbox 396 1020 702 1090; x_wconf 89' lang='lat' dir='ltr'>Administratores</span> <span class='ocrx_word' id='word_1_44' title='bbox 717 1037 834 1089; x_wconf 90' lang='lat' dir='ltr'>autem</span> <span class='ocrx_word' id='word_1_45' title='bbox 859 1025 1018 1089; x_wconf 88' lang='lat' dir='ltr'>locorum</span> <span class='ocrx_word' id='word_1_46' title='bbox 1042 1022 1184 1113; x_wconf 91' lang='lat' dir='ltr'>piorum</span> <span class='ocrx_word' id='word_1_47' title='bbox 1207 1032 1324 1089; x_wconf 90' lang='lat' dir='ltr'>curent</span> <span class='ocrx_word' id='word_1_48' title='bbox 1342 1032 1373 1084; x_wconf 95' lang='lat' dir='ltr'>ut</span> 
     </span>
     <span class='ocr_line' id='line_1_9' title="bbox 301 1107 1295 1195; baseline 0.004 -21"><span class='ocrx_word' id='word_1_49' title='bbox 301 1107 337 1175; x_wconf 93' lang='lat' dir='ltr'>hi</span> <span class='ocrx_word' id='word_1_50' title='bbox 354 1109 444 1175; x_wconf 86' lang='lat' dir='ltr'>tituli</span> <span class='ocrx_word' id='word_1_51' title='bbox 462 1108 498 1177; x_wconf 93' lang='lat' dir='ltr'>in</span> <span class='ocrx_word' id='word_1_52' title='bbox 514 1112 591 1195; x_wconf 91' lang='lat' dir='ltr'>loco</span> <span class='ocrx_word' id='word_1_53' title='bbox 608 1125 683 1178; x_wconf 92' lang='lat' dir='ltr'>tuto</span> <span class='ocrx_word' id='word_1_54' title='bbox 699 1124 797 1178; x_wconf 89' lang='lat' dir='ltr'>caute</span> <span class='ocrx_word' id='word_1_55' title='bbox 815 1110 1067 1180; x_wconf 88' lang='lat' dir='ltr'>custodiantur.</span> <span class='ocrx_word' id='word_1_56' title='bbox 1293 1159 1295 1163; x_wconf 81' lang='lat'>.</span> 
     </span>
    </p>

    <p class='ocr_par' dir='ltr' id='par_1_5' title="bbox 300 1194 1444 1447">
     <span class='ocr_line' id='line_1_10' title="bbox 346 1194 1373 1288; baseline -0.001 -25"><span class='ocrx_word' id='word_1_57' title='bbox 346 1197 381 1263; x_wconf 84' lang='lat'>3⁰</span> <span class='ocrx_word' id='word_1_58' title='bbox 414 1198 471 1265; x_wconf 89' lang='lat' dir='ltr'>Ne</span> <span class='ocrx_word' id='word_1_59' title='bbox 502 1214 762 1266; x_wconf 89' lang='lat' dir='ltr'>commutentur</span> <span class='ocrx_word' id='word_1_60' title='bbox 793 1198 829 1266; x_wconf 91' lang='lat' dir='ltr'>in</span> <span class='ocrx_word' id='word_1_61' title='bbox 862 1200 948 1267; x_wconf 88' lang='lat' dir='ltr'>alios</span> <span class='ocrx_word' id='word_1_62' title='bbox 978 1200 1099 1267; x_wconf 88' lang='lat' dir='ltr'>titulos</span> <span class='ocrx_word' id='word_1_63' title='bbox 1130 1200 1263 1288; x_wconf 83' lang='lat' dir='ltr'>absque</span> <span class='ocrx_word' id='word_1_64' title='bbox 1292 1194 1373 1287; x_wconf 86' lang='lat' dir='ltr'>gravi</span> 
     </span>
     <span class='ocr_line' id='line_1_11' title="bbox 300 1284 1374 1389; baseline -0.003 -37"><span class='ocrx_word' id='word_1_65' title='bbox 300 1287 514 1385; x_wconf 74' lang='lat' dir='ltr'>necessitate,</span> <span class='ocrx_word' id='word_1_66' title='bbox 532 1289 624 1357; x_wconf 89' lang='lat' dir='ltr'>etde</span> <span class='ocrx_word' id='word_1_67' title='bbox 644 1309 817 1389; x_wconf 83' lang='lat' dir='ltr'>consensu</span> <span class='ocrx_word' id='word_1_68' title='bbox 835 1286 1029 1375; x_wconf 91' lang='lat' dir='ltr'>Ordinarii,</span> <span class='ocrx_word' id='word_1_69' title='bbox 1055 1288 1200 1375; x_wconf 88' lang='lat' dir='ltr'>eiusque</span> <span class='ocrx_word' id='word_1_70' title='bbox 1224 1305 1258 1355; x_wconf 91' lang='lat' dir='ltr'>et</span> <span class='ocrx_word' id='word_1_71' title='bbox 1280 1284 1374 1353; x_wconf 90' lang='lat' dir='ltr'>admi·</span> 
     </span>
     <span class='ocr_line' id='line_1_12' title="bbox 300 1390 1444 1447; baseline 0.006 -7"><span class='ocrx_word' id='word_1_72' title='bbox 300 1390 525 1444; x_wconf 83' lang='lat' dir='ltr'>nistratorum</span> <span class='ocrx_word' id='word_1_73' title='bbox 541 1393 682 1445; x_wconf 90' lang='lat' dir='ltr'>onerata</span> <span class='ocrx_word' id='word_1_74' title='bbox 698 1391 921 1444; x_wconf 80' lang='lat' dir='ltr'>conscientia.</span> <span class='ocrx_word' id='word_1_75' title='bbox 1443 1440 1444 1447; x_wconf 74' lang='grc'>,</span> 
     </span>
    </p>

    <p class='ocr_par' dir='ltr' id='par_1_6' title="bbox 302 1464 1444 1644">
     <span class='ocr_line' id='line_1_13' title="bbox 344 1464 1376 1555; baseline -0.002 -25"><span class='ocrx_word' id='word_1_76' title='bbox 344 1476 381 1549; x_wconf 83' lang='lat'>4⁰</span> <span class='ocrx_word' id='word_1_77' title='bbox 399 1466 456 1531; x_wconf 92' lang='lat' dir='ltr'>Ne</span> <span class='ocrx_word' id='word_1_78' title='bbox 472 1467 665 1533; x_wconf 86' lang='lat' dir='ltr'>alienentur</span> <span class='ocrx_word' id='word_1_79' title='bbox 681 1466 877 1533; x_wconf 89' lang='lat' dir='ltr'>inconsulta</span> <span class='ocrx_word' id='word_1_80' title='bbox 901 1465 937 1535; x_wconf 90' lang='lat' dir='ltr'>S.</span> <span class='ocrx_word' id='word_1_81' title='bbox 959 1465 1061 1552; x_wconf 88' lang='lat' dir='ltr'>Sede,</span> <span class='ocrx_word' id='word_1_82' title='bbox 1084 1465 1227 1555; x_wconf 90' lang='lat' dir='ltr'>quando</span> <span class='ocrx_word' id='word_1_83' title='bbox 1248 1464 1376 1533; x_wconf 88' lang='lat' dir='ltr'>adeam</span> 
     </span>
     <span class='ocr_line' id='line_1_14' title="bbox 302 1555 1444 1644; baseline -0.001 -26"><span class='ocrx_word' id='word_1_84' title='bbox 302 1555 500 1621; x_wconf 90' lang='lat' dir='ltr'>recurrendi</span> <span class='ocrx_word' id='word_1_85' title='bbox 518 1571 656 1644; x_wconf 88' lang='lat' dir='ltr'>tempus</span> <span class='ocrx_word' id='word_1_86' title='bbox 672 1569 843 1642; x_wconf 89' lang='lat' dir='ltr'>suppetat.</span> <span class='ocrx_word' id='word_1_87' title='bbox 866 1581 879 1617; x_wconf 75' lang='lat' dir='ltr'>a</span> <span class='ocrx_word' id='word_1_88' title='bbox 1443 1574 1444 1595; x_wconf 39' lang='lat' dir='ltr'>t</span> 
     </span>
    </p>

    <p class='ocr_par' dir='ltr' id='par_1_7' title="bbox 300 1641 1444 1999">
     <span class='ocr_line' id='line_1_15' title="bbox 348 1641 1377 1732; baseline -0.005 -24"><span class='ocrx_word' id='word_1_89' title='bbox 348 1641 393 1709; x_wconf 93' lang='lat' dir='ltr'>Et</span> <span class='ocrx_word' id='word_1_90' title='bbox 424 1664 460 1709; x_wconf 88' lang='lat' dir='ltr'>re</span> <span class='ocrx_word' id='word_1_91' title='bbox 491 1644 635 1732; x_wconf 92' lang='lat' dir='ltr'>quidem</span> <span class='ocrx_word' id='word_1_92' title='bbox 665 1665 758 1731; x_wconf 79' lang='lat' dir='ltr'>vera,</span> <span class='ocrx_word' id='word_1_93' title='bbox 792 1644 878 1731; x_wconf 86' lang='lat' dir='ltr'>illud</span> <span class='ocrx_word' id='word_1_94' title='bbox 911 1644 1049 1712; x_wconf 84' lang='lat' dir='ltr'>relatori</span> <span class='ocrx_word' id='word_1_95' title='bbox 1085 1664 1207 1711; x_wconf 89' lang='lat' dir='ltr'>causae</span> <span class='ocrx_word' id='word_1_96' title='bbox 1245 1643 1377 1710; x_wconf 85' lang='lat' dir='ltr'>libenter</span> 
     </span>
     <span class='ocr_line' id='line_1_16' title="bbox 301 1731 1377 1819; baseline -0.003 -23"><span class='ocrx_word' id='word_1_97' title='bbox 301 1733 539 1819; x_wconf 85' lang='lat' dir='ltr'>concedimus,</span> <span class='ocrx_word' id='word_1_98' title='bbox 572 1734 692 1800; x_wconf 92' lang='lat' dir='ltr'>titulos</span> <span class='ocrx_word' id='word_1_99' title='bbox 722 1733 806 1801; x_wconf 83' lang='lat' dir='ltr'>istos</span> <span class='ocrx_word' id='word_1_100' title='bbox 838 1734 928 1802; x_wconf 91' lang='lat' dir='ltr'>inter</span> <span class='ocrx_word' id='word_1_101' title='bbox 959 1732 1104 1801; x_wconf 86' lang='lat' dir='ltr'>mobilia</span> <span class='ocrx_word' id='word_1_102' title='bbox 1133 1731 1285 1819; x_wconf 89' lang='lat' dir='ltr'>pretiosa</span> <span class='ocrx_word' id='word_1_103' title='bbox 1315 1748 1377 1795; x_wconf 91' lang='lat' dir='ltr'>esse</span> 
     </span>
     <span class='ocr_line' id='line_1_17' title="bbox 300 1816 1377 1909; baseline -0.001 -24"><span class='ocrx_word' id='word_1_104' title='bbox 300 1822 529 1907; x_wconf 90' lang='lat' dir='ltr'>numeranda,</span> <span class='ocrx_word' id='word_1_105' title='bbox 560 1822 606 1889; x_wconf 93' lang='lat' dir='ltr'>ita</span> <span class='ocrx_word' id='word_1_106' title='bbox 633 1838 672 1889; x_wconf 90' lang='lat' dir='ltr'>ut</span> <span class='ocrx_word' id='word_1_107' title='bbox 698 1822 894 1890; x_wconf 90' lang='lat' dir='ltr'>inconsulta</span> <span class='ocrx_word' id='word_1_108' title='bbox 917 1821 953 1890; x_wconf 92' lang='lat' dir='ltr'>S.</span> <span class='ocrx_word' id='word_1_109' title='bbox 986 1821 1076 1890; x_wconf 90' lang='lat' dir='ltr'>Sede</span> <span class='ocrx_word' id='word_1_110' title='bbox 1106 1822 1249 1888; x_wconf 91' lang='lat' dir='ltr'>alienari</span> <span class='ocrx_word' id='word_1_111' title='bbox 1275 1816 1377 1909; x_wconf 92' lang='lat' dir='ltr'>prohi-</span> 
     </span>
     <span class='ocr_line' id='line_1_18' title="bbox 302 1908 1444 1999; baseline -0.002 -25"><span class='ocrx_word' id='word_1_112' title='bbox 302 1908 458 1976; x_wconf 87' lang='lat' dir='ltr'>beantur.</span> <span class='ocrx_word' id='word_1_113' title='bbox 488 1909 556 1979; x_wconf 90' lang='lat' dir='ltr'>Sed</span> <span class='ocrx_word' id='word_1_114' title='bbox 581 1912 672 1978; x_wconf 86' lang='lat' dir='ltr'>istud</span> <span class='ocrx_word' id='word_1_115' title='bbox 697 1913 791 1978; x_wconf 90' lang='lat' dir='ltr'>venit</span> <span class='ocrx_word' id='word_1_116' title='bbox 808 1911 845 1977; x_wconf 91' lang='lat' dir='ltr'>in</span> <span class='ocrx_word' id='word_1_117' title='bbox 861 1912 1115 1999; x_wconf 89' lang='lat' dir='ltr'>quaestionem,</span> <span class='ocrx_word' id='word_1_118' title='bbox 1142 1928 1263 1977; x_wconf 89' lang='lat' dir='ltr'>utrum</span> <span class='ocrx_word' id='word_1_119' title='bbox 1283 1926 1379 1977; x_wconf 89' lang='lat' dir='ltr'>necne</span> <span class='ocrx_word' id='word_1_120' title='bbox 1443 1948 1444 1951; x_wconf 59' lang='lat'><em>=</em></span> 
     </span>
    </p>
   </div>
   <div class='ocr_carea' id='block_1_3' title="bbox 204 1998 1379 2088">
    <p class='ocr_par' dir='ltr' id='par_1_8' title="bbox 204 1998 1379 2088">
     <span class='ocr_line' id='line_1_19' title="bbox 204 1998 1379 2088; baseline -0.002 -25"><span class='ocrx_word' id='word_1_121' title='bbox 204 2069 208 2075; x_wconf 57' lang='grc'><em>,</em></span> <span class='ocrx_word' id='word_1_122' title='bbox 302 2000 483 2065; x_wconf 90' lang='lat' dir='ltr'>conversio</span> <span class='ocrx_word' id='word_1_123' title='bbox 505 2001 689 2068; x_wconf 90' lang='lat' dir='ltr'>titulorum</span> <span class='ocrx_word' id='word_1_124' title='bbox 705 2002 743 2067; x_wconf 90' lang='lat' dir='ltr'>in</span> <span class='ocrx_word' id='word_1_125' title='bbox 759 2000 845 2067; x_wconf 88' lang='lat' dir='ltr'>alios</span> <span class='ocrx_word' id='word_1_126' title='bbox 861 2001 980 2068; x_wconf 88' lang='lat' dir='ltr'>titulos</span> <span class='ocrx_word' id='word_1_127' title='bbox 997 2022 1061 2088; x_wconf 94' lang='lat' dir='ltr'>pro</span> <span class='ocrx_word' id='word_1_128' title='bbox 1081 2021 1162 2067; x_wconf 90' lang='lat' dir='ltr'>vera</span> <span class='ocrx_word' id='word_1_129' title='bbox 1182 1998 1379 2066; x_wconf 86' lang='lat' dir='ltr'>alienatione</span> 
     </span>
    </p>
   </div>
   <div class='ocr_carea' id='block_1_4' title="bbox 302 2085 1383 2780">
    <p class='ocr_par' dir='ltr' id='par_1_9' title="bbox 302 2085 1383 2780">
     <span class='ocr_line' id='line_1_20' title="bbox 302 2085 1380 2157; baseline -0.004 -4"><span class='ocrx_word' id='word_1_130' title='bbox 302 2085 420 2154; x_wconf 90' lang='lat' dir='ltr'>haberi</span> <span class='ocrx_word' id='word_1_131' title='bbox 448 2089 582 2156; x_wconf 86' lang='lat' dir='ltr'>debeat.</span> <span class='ocrx_word' id='word_1_132' title='bbox 611 2090 712 2157; x_wconf 88' lang='lat' dir='ltr'>Certe</span> <span class='ocrx_word' id='word_1_133' title='bbox 742 2087 778 2156; x_wconf 93' lang='lat' dir='ltr'>S.</span> <span class='ocrx_word' id='word_1_134' title='bbox 808 2089 1076 2156; x_wconf 89' lang='lat' dir='ltr'>Paenitentiaria</span> <span class='ocrx_word' id='word_1_135' title='bbox 1103 2089 1380 2156; x_wconf 88' lang='lat' dir='ltr'>alienationema</span> 
     </span>
     <span class='ocr_line' id='line_1_21' title="bbox 302 2174 1380 2267; baseline -0.004 -25"><span class='ocrx_word' id='word_1_136' title='bbox 302 2178 530 2244; x_wconf 87' lang='lat' dir='ltr'>conversione</span> <span class='ocrx_word' id='word_1_137' title='bbox 546 2180 704 2265; x_wconf 91' lang='lat' dir='ltr'>apprime</span> <span class='ocrx_word' id='word_1_138' title='bbox 720 2177 966 2267; x_wconf 82' lang='lat' dir='ltr'>distinguebat.</span> <span class='ocrx_word' id='word_1_139' title='bbox 993 2179 1040 2245; x_wconf 90' lang='lat' dir='ltr'>Et</span> <span class='ocrx_word' id='word_1_140' title='bbox 1056 2178 1186 2266; x_wconf 90' lang='lat' dir='ltr'>inipso</span> <span class='ocrx_word' id='word_1_141' title='bbox 1206 2174 1380 2244; x_wconf 89' lang='lat' dir='ltr'>Periodico</span> 
     </span>
     <span class='ocr_line' id='line_1_22' title="bbox 303 2263 1380 2355; baseline -0.003 -23"><span class='ocrx_word' id='word_1_142' title='bbox 303 2264 526 2340; x_wconf 79' lang='lat' dir='ltr'>MON1TORE.</span> <span class='ocrx_word' id='word_1_143' title='bbox 544 2270 605 2354; x_wconf 90' lang='lat' dir='ltr'>qui</span> <span class='ocrx_word' id='word_1_144' title='bbox 623 2283 739 2335; x_wconf 88' lang='lat' dir='ltr'>tamen</span> <span class='ocrx_word' id='word_1_145' title='bbox 756 2267 793 2333; x_wconf 94' lang='lat' dir='ltr'>in</span> <span class='ocrx_word' id='word_1_146' title='bbox 809 2267 873 2335; x_wconf 89' lang='lat' dir='ltr'>hac</span> <span class='ocrx_word' id='word_1_147' title='bbox 889 2289 926 2334; x_wconf 91' lang='lat' dir='ltr'>re</span> <span class='ocrx_word' id='word_1_148' title='bbox 942 2286 1055 2355; x_wconf 91' lang='lat' dir='ltr'>partes</span> <span class='ocrx_word' id='word_1_149' title='bbox 1071 2270 1229 2353; x_wconf 89' lang='lat' dir='ltr'>sequitur</span> <span class='ocrx_word' id='word_1_150' title='bbox 1246 2263 1380 2345; x_wconf 88' lang='lat' dir='ltr'>severio·</span> 
     </span>
     <span class='ocr_line' id='line_1_23' title="bbox 303 2355 1380 2432; baseline -0.003 -12"><span class='ocrx_word' id='word_1_151' title='bbox 303 2374 369 2425; x_wconf 90' lang='lat' dir='ltr'>res.</span> <span class='ocrx_word' id='word_1_152' title='bbox 403 2356 469 2422; x_wconf 91' lang='lat' dir='ltr'>alia</span> <span class='ocrx_word' id='word_1_153' title='bbox 499 2355 729 2432; x_wconf 79' lang='lat' dir='ltr'>alienationis,</span> <span class='ocrx_word' id='word_1_154' title='bbox 769 2358 835 2423; x_wconf 88' lang='lat' dir='ltr'>alia</span> <span class='ocrx_word' id='word_1_155' title='bbox 873 2356 1158 2424; x_wconf 87' lang='lat' dir='ltr'>commutationis</span> <span class='ocrx_word' id='word_1_156' title='bbox 1192 2356 1380 2423; x_wconf 89' lang='lat' dir='ltr'>tradebatur</span> 
     </span>
     <span class='ocr_line' id='line_1_24' title="bbox 302 2440 1381 2532; baseline -0.003 -23"><span class='ocrx_word' id='word_1_157' title='bbox 302 2442 471 2512; x_wconf 89' lang='lat' dir='ltr'>definitio.</span> <span class='ocrx_word' id='word_1_158' title='bbox 496 2471 509 2507; x_wconf 82' lang='lat' dir='ltr'>v</span> <span class='ocrx_word' id='word_1_159' title='bbox 524 2445 752 2518; x_wconf 80' lang='lat' dir='ltr'>Alienuntur.</span> <span class='ocrx_word' id='word_1_160' title='bbox 771 2446 818 2513; x_wconf 91' lang='lat' dir='ltr'>sic</span> <span class='ocrx_word' id='word_1_161' title='bbox 835 2446 904 2513; x_wconf 89' lang='lat' dir='ltr'>fere</span> <span class='ocrx_word' id='word_1_162' title='bbox 921 2446 1033 2512; x_wconf 88' lang='lat' dir='ltr'>dictus</span> <span class='ocrx_word' id='word_1_163' title='bbox 1049 2446 1187 2514; x_wconf 84' lang='lat' dir='ltr'>libellus</span> <span class='ocrx_word' id='word_1_164' title='bbox 1206 2450 1229 2532; x_wconf 87' lang='lat'>¹,</span> <span class='ocrx_word' id='word_1_165' title='bbox 1250 2440 1381 2532; x_wconf 85' lang='lat' dir='ltr'>quando</span> 
     </span>
     <span class='ocr_line' id='line_1_25' title="bbox 302 2529 1382 2622; baseline -0.003 -23"><span class='ocrx_word' id='word_1_166' title='bbox 302 2533 392 2600; x_wconf 86' lang='lat' dir='ltr'>tituli</span> <span class='ocrx_word' id='word_1_167' title='bbox 410 2534 465 2600; x_wconf 90' lang='lat' dir='ltr'>isti</span> <span class='ocrx_word' id='word_1_168' title='bbox 483 2535 539 2600; x_wconf 89' lang='lat' dir='ltr'>alii</span> <span class='ocrx_word' id='word_1_169' title='bbox 557 2535 769 2622; x_wconf 91' lang='lat' dir='ltr'>deputantur</span> <span class='ocrx_word' id='word_1_170' title='bbox 785 2539 878 2618; x_wconf 89' lang='lat' dir='ltr'>usui,</span> <span class='ocrx_word' id='word_1_171' title='bbox 896 2537 998 2602; x_wconf 91' lang='lat' dir='ltr'>itaut</span> <span class='ocrx_word' id='word_1_172' title='bbox 1014 2534 1081 2602; x_wconf 91' lang='lat' dir='ltr'>hoc</span> <span class='ocrx_word' id='word_1_173' title='bbox 1100 2529 1200 2602; x_wconf 77' lang='lat' dir='ltr'>fonte¹</span> <span class='ocrx_word' id='word_1_174' title='bbox 1216 2533 1382 2602; x_wconf 87' lang='lat' dir='ltr'>redituum</span> 
     </span>
     <span class='ocr_line' id='line_1_26' title="bbox 302 2620 1383 2712; baseline -0.004 -24"><span class='ocrx_word' id='word_1_175' title='bbox 302 2623 479 2710; x_wconf 84' lang='lat' dir='ltr'>priveris3</span> <span class='ocrx_word' id='word_1_176' title='bbox 512 2633 784 2711; x_wconf 82' lang='lat' dir='ltr'>commutantur,</span> <span class='ocrx_word' id='word_1_177' title='bbox 817 2624 960 2712; x_wconf 90' lang='lat' dir='ltr'>quando</span> <span class='ocrx_word' id='word_1_178' title='bbox 996 2625 1143 2712; x_wconf 88' lang='lat' dir='ltr'>pecunia</span> <span class='ocrx_word' id='word_1_179' title='bbox 1180 2624 1249 2690; x_wconf 91' lang='lat' dir='ltr'>alio</span> <span class='ocrx_word' id='word_1_180' title='bbox 1286 2620 1383 2688; x_wconf 90' lang='lat' dir='ltr'>modo</span> 
     </span>
     <span class='ocr_line' id='line_1_27' title="bbox 303 2710 732 2780; baseline -0.012 -2"><span class='ocrx_word' id='word_1_181' title='bbox 303 2710 478 2780; x_wconf 84' lang='lat' dir='ltr'>fructuose</span> <span class='ocrx_word' id='word_1_182' title='bbox 494 2713 696 2780; x_wconf 85' lang='lat' dir='ltr'>collocatur.</span> <span class='ocrx_word' id='word_1_183' title='bbox 719 2739 732 2774; x_wconf 64' lang='grc' dir='ltr'>ι)</span> 
     </span>
    </p>
   </div>
   <div class='ocr_carea' id='block_1_5' title="bbox 303 2799 1385 3224">
    <p class='ocr_par' dir='ltr' id='par_1_10' title="bbox 303 2799 1385 3224">
     <span class='ocr_line' id='line_1_28' title="bbox 347 2799 1383 2892; baseline -0.002 -26"><span class='ocrx_word' id='word_1_184' title='bbox 347 2799 480 2867; x_wconf 91' lang='lat' dir='ltr'>Verum</span> <span class='ocrx_word' id='word_1_185' title='bbox 493 2802 638 2888; x_wconf 90' lang='lat' dir='ltr'>quidem</span> <span class='ocrx_word' id='word_1_186' title='bbox 651 2820 713 2888; x_wconf 86' lang='lat' dir='ltr'>est,</span> <span class='ocrx_word' id='word_1_187' title='bbox 727 2802 1006 2892; x_wconf 82' lang='lat' dir='ltr'>permutationes</span> <span class='ocrx_word' id='word_1_188' title='bbox 1023 2823 1140 2869; x_wconf 90' lang='lat' dir='ltr'>rerum</span> <span class='ocrx_word' id='word_1_189' title='bbox 1156 2800 1200 2868; x_wconf 91' lang='lat' dir='ltr'>ad</span> <span class='ocrx_word' id='word_1_190' title='bbox 1216 2799 1383 2869; x_wconf 90' lang='lat' dir='ltr'>alienatio·</span> 
     </span>
     <span class='ocr_line' id='line_1_29' title="bbox 303 2889 1383 2959; baseline -0.005 -4"><span class='ocrx_word' id='word_1_191' title='bbox 303 2910 365 2956; x_wconf 89' lang='lat' dir='ltr'>nes</span> <span class='ocrx_word' id='word_1_192' title='bbox 381 2891 541 2958; x_wconf 89' lang='lat' dir='ltr'>adscribi.</span> <span class='ocrx_word' id='word_1_193' title='bbox 568 2889 627 2958; x_wconf 90' lang='lat' dir='ltr'>Sic</span> <span class='ocrx_word' id='word_1_194' title='bbox 651 2913 774 2958; x_wconf 90' lang='lat' dir='ltr'>omnes</span> <span class='ocrx_word' id='word_1_195' title='bbox 798 2892 967 2958; x_wconf 82' lang='lat' dir='ltr'>doctores.</span> <span class='ocrx_word' id='word_1_196' title='bbox 997 2892 1081 2959; x_wconf 91' lang='lat' dir='ltr'>Non</span> <span class='ocrx_word' id='word_1_197' title='bbox 1106 2890 1213 2958; x_wconf 89' lang='lat' dir='ltr'>nimis</span> <span class='ocrx_word' id='word_1_198' title='bbox 1237 2890 1383 2957; x_wconf 85' lang='lat' dir='ltr'>absolute</span> 
     </span>
     <span class='ocr_line' id='line_1_30' title="bbox 303 2979 1384 3069; baseline -0.001 -25"><span class='ocrx_word' id='word_1_199' title='bbox 303 2994 421 3045; x_wconf 90' lang='lat' dir='ltr'>tamen</span> <span class='ocrx_word' id='word_1_200' title='bbox 447 2995 500 3047; x_wconf 89' lang='lat' dir='ltr'>est</span> <span class='ocrx_word' id='word_1_201' title='bbox 527 2979 619 3047; x_wconf 91' lang='lat' dir='ltr'>istud</span> <span class='ocrx_word' id='word_1_202' title='bbox 647 2980 902 3069; x_wconf 89' lang='lat' dir='ltr'>accipiendum.</span> <span class='ocrx_word' id='word_1_203' title='bbox 938 2979 1001 3048; x_wconf 92' lang='lat' dir='ltr'>Sin</span> <span class='ocrx_word' id='word_1_204' title='bbox 1029 2981 1159 3065; x_wconf 89' lang='lat' dir='ltr'>minus,</span> <span class='ocrx_word' id='word_1_205' title='bbox 1193 2996 1384 3067; x_wconf 88' lang='lat' dir='ltr'>argenteam</span> 
     </span>
     <span class='ocr_line' id='line_1_31' title="bbox 303 3065 1385 3224; baseline -0.003 -92"><span class='ocrx_word' id='word_1_206' title='bbox 303 3069 489 3154; x_wconf 89' lang='lat' dir='ltr'>pecuniam</span> <span class='ocrx_word' id='word_1_207' title='bbox 506 3089 570 3156; x_wconf 91' lang='lat' dir='ltr'>pro</span> <span class='ocrx_word' id='word_1_208' title='bbox 587 3090 691 3136; x_wconf 90' lang='lat' dir='ltr'>aurea</span> <span class='ocrx_word' id='word_1_209' title='bbox 706 3069 861 3157; x_wconf 89' lang='lat' dir='ltr'>accipere</span> <span class='ocrx_word' id='word_1_210' title='bbox 877 3069 931 3135; x_wconf 82' lang='lat' dir='ltr'>vel</span> <span class='ocrx_word' id='word_1_211' title='bbox 949 3092 1012 3157; x_wconf 93' lang='lat' dir='ltr'>pro</span> <span class='ocrx_word' id='word_1_212' title='bbox 1029 3069 1166 3136; x_wconf 89' lang='lat' dir='ltr'>schedis</span> <span class='ocrx_word' id='word_1_213' title='bbox 1190 3065 1385 3224; x_wconf 51' lang='lat' dir='ltr'>argentariis</span> 
     </span>
    </p>
   </div>
   <div class='ocr_carea' id='block_1_6' title="bbox 302 3154 1386 4048">
    <p class='ocr_par' dir='ltr' id='par_1_11' title="bbox 302 3154 1386 4048">
     <span class='ocr_line' id='line_1_32' title="bbox 302 3154 1385 3247; baseline -0.003 -24"><span class='ocrx_word' id='word_1_214' title='bbox 302 3157 426 3242; x_wconf 84' lang='lat' dir='ltr'>(billets</span> <span class='ocrx_word' id='word_1_215' title='bbox 451 3159 491 3224; x_wconf 87' lang='lat' dir='ltr'>de</span> <span class='ocrx_word' id='word_1_216' title='bbox 518 3158 666 3247; x_wconf 77' lang='lat' dir='ltr'>dunque)</span> <span class='ocrx_word' id='word_1_217' title='bbox 692 3179 764 3225; x_wconf 91' lang='lat' dir='ltr'>non</span> <span class='ocrx_word' id='word_1_218' title='bbox 793 3160 906 3245; x_wconf 91' lang='lat' dir='ltr'>possis</span> <span class='ocrx_word' id='word_1_219' title='bbox 933 3159 1133 3226; x_wconf 84' lang='lat' dir='ltr'>inconsulta</span> <span class='ocrx_word' id='word_1_220' title='bbox 1160 3155 1196 3224; x_wconf 92' lang='lat' dir='ltr'>S.</span> <span class='ocrx_word' id='word_1_221' title='bbox 1254 3156 1330 3240; x_wconf 90' lang='lat' dir='ltr'>ede,</span> <span class='ocrx_word' id='word_1_222' title='bbox 1353 3154 1385 3220; x_wconf 90' lang='lat' dir='ltr'>in</span> 
     </span>
     <span class='ocr_line' id='line_1_33' title="bbox 304 3243 1382 3334; baseline -0.005 -22"><span class='ocrx_word' id='word_1_223' title='bbox 304 3267 431 3334; x_wconf 87' lang='lat' dir='ltr'>magna</span> <span class='ocrx_word' id='word_1_224' title='bbox 447 3249 569 3313; x_wconf 92' lang='lat' dir='ltr'>saltem</span> <span class='ocrx_word' id='word_1_225' title='bbox 584 3248 774 3334; x_wconf 89' lang='lat' dir='ltr'>quantitate</span> <span class='ocrx_word' id='word_1_226' title='bbox 792 3273 801 3314; x_wconf 73' lang='grc' dir='ltr'><strong>ι</strong></span> <span class='ocrx_word' id='word_1_227' title='bbox 821 3247 917 3334; x_wconf 90' lang='lat' dir='ltr'>quod</span> <span class='ocrx_word' id='word_1_228' title='bbox 934 3269 1040 3316; x_wconf 90' lang='lat' dir='ltr'>nemo</span> <span class='ocrx_word' id='word_1_229' title='bbox 1061 3267 1143 3314; x_wconf 91' lang='lat' dir='ltr'>sane</span> <span class='ocrx_word' id='word_1_230' title='bbox 1163 3243 1382 3313; x_wconf 90' lang='lat' dir='ltr'>contenderit.</span> 
     </span>
     <span class='ocr_line' id='line_1_34' title="bbox 303 3329 1384 3425; baseline -0.004 -25"><span class='ocrx_word' id='word_1_231' title='bbox 303 3335 565 3403; x_wconf 88' lang='lat' dir='ltr'>Attendendum</span> <span class='ocrx_word' id='word_1_232' title='bbox 597 3339 714 3424; x_wconf 89' lang='lat' dir='ltr'>itaque</span> <span class='ocrx_word' id='word_1_233' title='bbox 745 3354 796 3402; x_wconf 90' lang='lat' dir='ltr'>est</span> <span class='ocrx_word' id='word_1_234' title='bbox 826 3335 869 3402; x_wconf 91' lang='lat' dir='ltr'>ad</span> <span class='ocrx_word' id='word_1_235' title='bbox 901 3337 1165 3424; x_wconf 89' lang='lat' dir='ltr'>possessionum</span> <span class='ocrx_word' id='word_1_236' title='bbox 1192 3355 1318 3425; x_wconf 87' lang='lat' dir='ltr'>genus,</span> <span class='ocrx_word' id='word_1_237' title='bbox 1349 3329 1384 3398; x_wconf 90' lang='lat' dir='ltr'>ad</span> 
     </span>
     <span class='ocr_line' id='line_1_35' title="bbox 304 3424 1384 3513; baseline -0.002 -23"><span class='ocrx_word' id='word_1_238' title='bbox 304 3424 453 3491; x_wconf 90' lang='lat' dir='ltr'>modum</span> <span class='ocrx_word' id='word_1_239' title='bbox 471 3446 542 3513; x_wconf 95' lang='lat' dir='ltr'>quo</span> <span class='ocrx_word' id='word_1_240' title='bbox 560 3446 614 3490; x_wconf 91' lang='lat' dir='ltr'>res</span> <span class='ocrx_word' id='word_1_241' title='bbox 637 3424 872 3492; x_wconf 89' lang='lat' dir='ltr'>communiter</span> <span class='ocrx_word' id='word_1_242' title='bbox 888 3425 1071 3493; x_wconf 89' lang='lat' dir='ltr'>habentur.</span> <span class='ocrx_word' id='word_1_243' title='bbox 1106 3425 1181 3492; x_wconf 87' lang='lat' dir='ltr'>lant</span> <span class='ocrx_word' id='word_1_244' title='bbox 1197 3444 1295 3510; x_wconf 90' lang='lat' dir='ltr'>vet0,</span> <span class='ocrx_word' id='word_1_245' title='bbox 1313 3439 1384 3489; x_wconf 88' lang='lat' dir='ltr'>cunt</span> 
     </span>
     <span class='ocr_line' id='line_1_36' title="bbox 304 3512 1385 3602; baseline -0.004 -24"><span class='ocrx_word' id='word_1_246' title='bbox 304 3512 417 3601; x_wconf 87' lang='lat' dir='ltr'>agitur</span> <span class='ocrx_word' id='word_1_247' title='bbox 441 3514 484 3580; x_wconf 91' lang='lat' dir='ltr'>de</span> <span class='ocrx_word' id='word_1_248' title='bbox 507 3513 615 3580; x_wconf 92' lang='lat' dir='ltr'>titulis</span> <span class='ocrx_word' id='word_1_249' title='bbox 638 3514 712 3581; x_wconf 89' lang='lat' dir='ltr'>istis</span> <span class='ocrx_word' id='word_1_250' title='bbox 740 3515 937 3602; x_wconf 88' lang='lat' dir='ltr'>anonymis,</span> <span class='ocrx_word' id='word_1_251' title='bbox 964 3515 998 3580; x_wconf 91' lang='lat' dir='ltr'>id</span> <span class='ocrx_word' id='word_1_252' title='bbox 1023 3536 1136 3581; x_wconf 88' lang='lat' dir='ltr'>unum</span> <span class='ocrx_word' id='word_1_253' title='bbox 1160 3513 1385 3580; x_wconf 86' lang='lat' dir='ltr'>videturesse</span> 
     </span>
     <span class='ocr_line' id='line_1_37' title="bbox 305 3601 1386 3689; baseline -0.005 -21"><span class='ocrx_word' id='word_1_254' title='bbox 305 3602 540 3684; x_wconf 87' lang='lat' dir='ltr'>substantiale,</span> <span class='ocrx_word' id='word_1_255' title='bbox 556 3619 595 3668; x_wconf 93' lang='lat' dir='ltr'>ut</span> <span class='ocrx_word' id='word_1_256' title='bbox 607 3623 746 3670; x_wconf 89' lang='lat' dir='ltr'>summa</span> <span class='ocrx_word' id='word_1_257' title='bbox 759 3620 912 3670; x_wconf 90' lang='lat' dir='ltr'>servetur</span> <span class='ocrx_word' id='word_1_258' title='bbox 923 3608 1061 3689; x_wconf 85' lang='lat' dir='ltr'>intacta,</span> <span class='ocrx_word' id='word_1_259' title='bbox 1077 3620 1109 3670; x_wconf 91' lang='lat' dir='ltr'>et</span> <span class='ocrx_word' id='word_1_260' title='bbox 1122 3623 1259 3670; x_wconf 92' lang='lat' dir='ltr'>annuos</span> <span class='ocrx_word' id='word_1_261' title='bbox 1275 3601 1386 3668; x_wconf 86' lang='lat' dir='ltr'>afferat</span> 
     </span>
     <span class='ocr_line' id='line_1_38' title="bbox 304 3687 1385 3781; baseline -0.003 -26"><span class='ocrx_word' id='word_1_262' title='bbox 304 3689 436 3758; x_wconf 82' lang='lat' dir='ltr'>fructus</span> <span class='ocrx_word' id='word_1_263' title='bbox 452 3696 475 3758; x_wconf 82' lang='lat'>².</span> <span class='ocrx_word' id='word_1_264' title='bbox 498 3692 574 3758; x_wconf 91' lang='lat' dir='ltr'>Nec</span> <span class='ocrx_word' id='word_1_265' title='bbox 587 3690 694 3778; x_wconf 90' lang='lat' dir='ltr'>iuvat,</span> <span class='ocrx_word' id='word_1_266' title='bbox 709 3692 747 3758; x_wconf 92' lang='lat' dir='ltr'>in</span> <span class='ocrx_word' id='word_1_267' title='bbox 763 3694 827 3759; x_wconf 90' lang='lat' dir='ltr'>hac</span> <span class='ocrx_word' id='word_1_268' title='bbox 844 3714 959 3777; x_wconf 89' lang='lat' dir='ltr'>causa,</span> <span class='ocrx_word' id='word_1_269' title='bbox 974 3694 1187 3781; x_wconf 85' lang='lat' dir='ltr'>interrogare</span> <span class='ocrx_word' id='word_1_270' title='bbox 1205 3687 1385 3779; x_wconf 90' lang='lat' dir='ltr'>superioris</span> 
     </span>
     <span class='ocr_line' id='line_1_39' title="bbox 304 3778 1385 3870; baseline -0.004 -24"><span class='ocrx_word' id='word_1_271' title='bbox 304 3781 423 3847; x_wconf 84' lang='lat' dir='ltr'>aetatis</span> <span class='ocrx_word' id='word_1_272' title='bbox 435 3781 607 3865; x_wconf 87' lang='lat' dir='ltr'>doctores,</span> <span class='ocrx_word' id='word_1_273' title='bbox 621 3781 707 3868; x_wconf 92' lang='lat' dir='ltr'>quid</span> <span class='ocrx_word' id='word_1_274' title='bbox 720 3782 902 3868; x_wconf 84' lang='lat' dir='ltr'>senserint,</span> <span class='ocrx_word' id='word_1_275' title='bbox 917 3805 949 3848; x_wconf 89' lang='lat' dir='ltr'>v.</span> <span class='ocrx_word' id='word_1_276' title='bbox 965 3803 998 3870; x_wconf 86' lang='lat' dir='ltr'>g.</span> <span class='ocrx_word' id='word_1_277' title='bbox 1014 3781 1057 3848; x_wconf 92' lang='lat' dir='ltr'>de</span> <span class='ocrx_word' id='word_1_278' title='bbox 1070 3780 1206 3849; x_wconf 89' lang='lat' dir='ltr'>schedis</span> <span class='ocrx_word' id='word_1_279' title='bbox 1218 3778 1385 3847; x_wconf 89' lang='lat' dir='ltr'>montium</span> 
     </span>
     <span class='ocr_line' id='line_1_40' title="bbox 304 3868 1385 3958; baseline -0.006 -23"><span class='ocrx_word' id='word_1_280' title='bbox 304 3868 451 3957; x_wconf 88' lang='lat' dir='ltr'>pietatis.</span> <span class='ocrx_word' id='word_1_281' title='bbox 471 3869 574 3936; x_wconf 92' lang='lat' dir='ltr'>Tunc</span> <span class='ocrx_word' id='word_1_282' title='bbox 590 3871 686 3936; x_wconf 91' lang='lat' dir='ltr'>enim</span> <span class='ocrx_word' id='word_1_283' title='bbox 709 3871 887 3958; x_wconf 90' lang='lat' dir='ltr'>temporis,</span> <span class='ocrx_word' id='word_1_284' title='bbox 914 3869 1080 3938; x_wconf 81' lang='lat' dir='ltr'>feneratio</span> <span class='ocrx_word' id='word_1_285' title='bbox 1097 3869 1264 3956; x_wconf 89' lang='lat' dir='ltr'>pecuniae</span> <span class='ocrx_word' id='word_1_286' title='bbox 1281 3888 1341 3957; x_wconf 92' lang='lat' dir='ltr'>per</span> <span class='ocrx_word' id='word_1_287' title='bbox 1355 3883 1385 3931; x_wconf 91' lang='lat' dir='ltr'>se</span> 
     </span>
     <span class='ocr_line' id='line_1_41' title="bbox 304 3958 1385 4048; baseline -0.003 -24"><span class='ocrx_word' id='word_1_288' title='bbox 304 3958 566 4045; x_wconf 88' lang='lat' dir='ltr'>prohibebatur,</span> <span class='ocrx_word' id='word_1_289' title='bbox 581 3980 658 4025; x_wconf 89' lang='lat' dir='ltr'>raro</span> <span class='ocrx_word' id='word_1_290' title='bbox 672 3972 705 4025; x_wconf 91' lang='lat' dir='ltr'>et</span> <span class='ocrx_word' id='word_1_291' title='bbox 718 3960 827 4027; x_wconf 92' lang='lat' dir='ltr'>modo</span> <span class='ocrx_word' id='word_1_292' title='bbox 840 3961 951 4048; x_wconf 88' lang='lat' dir='ltr'>magis</span> <span class='ocrx_word' id='word_1_293' title='bbox 964 3960 1077 4028; x_wconf 89' lang='lat' dir='ltr'>stabili</span> <span class='ocrx_word' id='word_1_294' title='bbox 1094 3959 1225 4026; x_wconf 84' lang='lat' dir='ltr'>fiebant</span> <span class='ocrx_word' id='word_1_295' title='bbox 1241 3973 1385 4026; x_wconf 87' lang='lat' dir='ltr'>contrac-</span> 
     </span>
    </p>
   </div>
   <div class='ocr_carea' id='block_1_7' title="bbox 305 4140 1385 4401">
    <p class='ocr_par' dir='ltr' id='par_1_12' title="bbox 334 4144 396 4176">
     <span class='ocr_line' id='line_1_42' title="bbox 334 4144 396 4176; baseline 0 -25"><span class='ocrx_word' id='word_1_296' title='bbox 334 4145 341 4176; x_wconf 59' lang='lat'>,</span> <span class='ocrx_word' id='word_1_297' title='bbox 391 4144 396 4151; x_wconf 92' lang='lat'>.</span> 
     </span>
    </p>

    <p class='ocr_par' dir='ltr' id='par_1_13' title="bbox 305 4140 1385 4401">
     <span class='ocr_line' id='line_1_43' title="bbox 333 4140 1385 4267; baseline -0.006 -12"><span class='ocrx_word' id='word_1_298' title='bbox 333 4140 539 4267; x_wconf 44' lang='lat' dir='ltr'>sspppazpffl</span> <span class='ocrx_word' id='word_1_299' title='bbox 556 4211 598 4257; x_wconf 82' lang='lat' dir='ltr'>lus</span> <span class='ocrx_word' id='word_1_300' title='bbox 613 4209 779 4258; x_wconf 79' lang='lat' dir='ltr'>Decretulium.</span> <span class='ocrx_word' id='word_1_301' title='bbox 796 4213 888 4265; x_wconf 82' lang='lat' dir='ltr'>n.153‚</span> <span class='ocrx_word' id='word_1_302' title='bbox 903 4206 952 4256; x_wconf 90' lang='lat' dir='ltr'>ubi</span> <span class='ocrx_word' id='word_1_303' title='bbox 971 4207 1040 4257; x_wconf 86' lang='lat' dir='ltr'>haec</span> <span class='ocrx_word' id='word_1_304' title='bbox 1058 4206 1160 4258; x_wconf 86' lang='lat' dir='ltr'>habet:</span> <span class='ocrx_word' id='word_1_305' title='bbox 1184 4205 1336 4266; x_wconf 81' lang='lat' dir='ltr'>«Superior</span> <span class='ocrx_word' id='word_1_306' title='bbox 1350 4204 1385 4250; x_wconf 85' lang='lat' dir='ltr'>lex</span> 
     </span>
     <span class='ocr_line' id='line_1_44' title="bbox 306 4268 1385 4334; baseline -0.006 -14"><span class='ocrx_word' id='word_1_307' title='bbox 306 4277 347 4321; x_wconf 88' lang='lat' dir='ltr'>est</span> <span class='ocrx_word' id='word_1_308' title='bbox 361 4273 420 4332; x_wconf 90' lang='lat' dir='ltr'>ipsa</span> <span class='ocrx_word' id='word_1_309' title='bbox 435 4278 579 4322; x_wconf 78' lang='lat' dir='ltr'>conservatio</span> <span class='ocrx_word' id='word_1_310' title='bbox 594 4272 729 4323; x_wconf 88' lang='lat' dir='ltr'>bonorum</span> <span class='ocrx_word' id='word_1_311' title='bbox 744 4272 998 4326; x_wconf 85' lang='lat' dir='ltr'>ecclesiasticorum,</span> <span class='ocrx_word' id='word_1_312' title='bbox 1019 4280 1046 4322; x_wconf 86' lang='lat' dir='ltr'>et</span> <span class='ocrx_word' id='word_1_313' title='bbox 1064 4271 1185 4334; x_wconf 86' lang='lat' dir='ltr'>legitima</span> <span class='ocrx_word' id='word_1_314' title='bbox 1202 4268 1385 4321; x_wconf 86' lang='lat' dir='ltr'>sufficientium</span> 
     </span>
     <span class='ocr_line' id='line_1_45' title="bbox 305 4337 598 4401; baseline 0 -16"><span class='ocrx_word' id='word_1_315' title='bbox 305 4337 444 4386; x_wconf 85' lang='lat' dir='ltr'>redituum</span> <span class='ocrx_word' id='word_1_316' title='bbox 450 4344 575 4401; x_wconf 76' lang='lat' dir='ltr'>perceptio.</span> <span class='ocrx_word' id='word_1_317' title='bbox 589 4357 598 4385; x_wconf 76' lang='grc' dir='ltr'><strong>ι</strong></span> 
     </span>
    </p>
   </div>
   <div class='ocr_carea' id='block_1_8' title="bbox 0 0 1493 4900">
    <p class='ocr_par' dir='ltr' id='par_1_14' title="bbox 0 0 1493 4900">
     <span class='ocr_line' id='line_1_46' title="bbox 0 0 1493 4900; baseline 0 0"><span class='ocrx_word' id='word_1_318' title='bbox 0 0 1493 4900; x_wconf 95' lang='lat' dir='ltr'> </span> 
     </span>
    </p>
   </div>
  </div>
 </body>
</html>
