2959 4900
67 309 143 392 [68]
287 333 348 368 rius
363 335 389 369 x.
405 335 442 370 mr
459 334 663 372 uusrrrurroua
678 337 786 372 caurus
801 337 973 373 causaremur
1110 317 1167 378 171

66 471 296 528 solertissimeo
318 488 397 526 eram
405 471 644 544 redintegrandae
652 471 1171 544 ingregorianisconcentibusveteris

65 543 262 616 disciplinae.
311 543 460 598 uiusmodi
474 543 632 617 inceptum,
645 543 826 599 laboriosum
841 560 932 616 aeque
942 561 975 599 ac
987 543 1168 615 frugiferum,

66 614 354 686 vobisurgentibus,
363 631 425 670 non
432 613 550 670 defuere
560 615 596 670 ab
609 616 779 688 Apostolica
788 615 871 681 Sede,
881 631 935 671 nec
946 632 1015 670 sane
1025 627 1169 686 poterant,

65 685 358 741 testimonialaudis.
368 686 444 741 Illud
454 685 533 741 enim
562 686 607 741 lus
616 687 705 742 semel
714 686 775 742 Leo
783 685 1172 754 Xllllel.rec.,nominatim

67 775 157 812 anno
183 756 360 813 MDCCCCI
381 757 495 830 scriptis
517 703 560 812 aci³
574 770 603 813 te
626 757 729 814 litteris
749 757 900 828 probavit;
921 757 1053 830 proxime
1073 768 1171 812 autem

66 845 179 884 mense
194 828 343 884 februario
356 828 449 884 editos
460 827 562 883 vestris
576 829 654 884 curis
666 828 788 884 rituales
801 828 837 884 de
849 840 937 884 cantu
947 828 1037 884 libros
1050 829 1171 883 Sacrum

71 899 253 955 Concilium
265 899 378 954 Ritibus
390 899 591 980 praepositum
601 911 629 955 et
642 912 721 955 ratos
733 899 837 955 habuit
848 912 876 955 et
889 899 945 955 late
959 901 1018 954 iam
1028 916 1085 954 usu
1094 916 1172 956 rece·

67 982 140 1044 ptos
151 971 280 1026 libenter
292 983 421 1043 agnovit.
437 972 500 1026 Nos
510 987 588 1039 vero,
603 971 654 1043 qui
664 984 778 1026 mature
789 969 879 1026 officii
891 971 992 1026 Nostri
1002 971 1171 1026 duxerimus

67 1059 135 1098 esse
149 1042 213 1098 hoc
227 1042 350 1114 'aggredi
363 1058 399 1098 ex
417 1041 591 1098 auctoritate
603 1059 688 1115 opuS,
709 1042 738 1096 id
753 1055 797 1098 est
816 1042 1006 1114 gregorianos
1018 1042 1123 1096 modos
1135 1042 1172 1097 ad

67 1115 227 1169 rationem
240 1113 391 1169 restituere
406 1112 569 1185 antiquitus
588 1113 735 1180 traditam,
759 1113 911 1195 permagni
929 1126 1040 1169 vestros
1058 1113 1089 1167 in
1116 1113 1172 1169 hoc

68 1202 185 1255 genere
204 1184 320 1240 labores
340 1185 444 1251 facere,
466 1201 551 1258 saepe
566 1183 638 1239 alias
657 1185 790 1257 professi,
807 1184 965 1241 novissime
978 1185 1169 1240 ostendimus

69 1258 220 1329 Namque
229 1256 260 1310 in
270 1255 462 1311 sollemnibus
471 1255 667 1324 caerimoniis
679 1256 785 1327 quibus
795 1257 832 1310 ad
842 1255 941 1381 magni
953 1256 1085 1336 Gregorii
1095 1257 1171 1312 cine·

67 1345 114 1383 res
126 1327 317 1383 saecularem
326 1327 389 1383 eius
398 1328 527 1383 natalem
537 1327 761 1396 celebravimus,
778 1345 846 1382 cum
856 1345 890 1383 ve
903 1328 997 1383 lemus
1008 1339 1171 1382 instauran-

69 1399 98 1453 di
111 1411 228 1454 cantus
241 1398 405 1524 gregoriani
425 1410 576 1470 tamquam
588 1415 760 1455 consecrare
771 1398 865 1467 initia,
881 1399 959 1471 ipsos
973 1399 1172 1454 solesmenses

68 1482 241 1526 concentus
255 1471 291 1525 ad
314 1469 387 1525 iberi
400 1470 437 1524 ad
454 1471 623 1543 exemplum
637 1470 786 1525 iussimus.
803 1471 892 1526 Nunc
905 1482 1003 1526 autem
1018 1470 1172 1542 peculiaris

70 1542 174 1598 Nobis
200 1554 245 1597 est
266 1558 354 1598 causa
374 1558 436 1608 cur,
461 1552 575 1615 praeter
600 1541 676 1597 hanc
698 1554 810 1596 tantam
833 1541 864 1597 in
891 1541 974 1597 vobis
1000 1541 1170 1608 sollertiam,

71 1613 296 1669 deditissimum
331 1614 465 1668 Romano
496 1611 632 1668 Pontifici
657 1613 792 1668 animum
824 1613 1019 1668 dilaudemus.
1055 1612 1172 1668 Etenim

69 1685 277 1766 cogitantibus
292 1683 385 1740 Nobis
398 1684 572 1739 Vaticanam
585 1684 741 1740 decernere
755 1684 961 1765 liturgicorum
974 1696 1172 1739 concentuum

69 1757 250 1825 emtionem,
264 1771 339 1828 quae
352 1754 488 1827 auspiciis
501 1755 642 1812 adornata
655 1755 770 1811 Nostris
783 1756 895 1829 ubique
910 1756 1078 1830 usurpanda
1097 1755 1173 1810 foret

70 1845 103 1884 ac
114 1840 252 1883 vestram
264 1827 294 1882 in
303 1827 362 1883 hoc
373 1826 558 1900 propositum
568 1827 727 1883 navitatem
736 1826 958 1896 advocantibus,
973 1825 1172 1900 periucundae

70 1912 143 1963 ate,
160 1899 270 1955 dilecte
289 1895 340 1967 fili,
356 1899 460 1953 allatae
482 1910 550 1952 sunt
569 1915 669 1954 mense
687 1898 794 1953 martio
814 1898 936 1965 litterae,
957 1914 1033 1970 quae
1045 1914 1098 1952 vos
1110 1914 1173 1952 non

70 1972 166 2026 modo
181 1981 336 2043 promptos
351 1983 526 2040 paratosque
544 1968 713 2025 nuntiarent
730 1987 792 2025 esse
811 1970 847 2024 ad
865 1968 1078 2026 elaborandum
1091 1969 1122 2022 in
1141 1985 1172 2024 re

72 2061 134 2113 qua
154 2059 343 2115 cuperemus,
358 2042 419 2106 sed,
433 2040 565 2097 eiusdem
584 2041 626 2096 rei
645 2039 747 2113 gratia,
770 2041 843 2096 velle
862 2041 1025 2096 admodum
1038 2039 1172 2111 vulgatos

74 2113 134 2169 iam
149 2126 316 2169 vestrarum
335 2112 503 2185 vigiliarum
524 2110 636 2167 fructus
656 2112 750 2167 Nobis
774 2112 943 2168 concedere.
966 2111 1062 2167 Facile
1081 2110 1172 2166 enim-

71 2202 142 2240 vero
158 2198 204 2240 est
219 2184 396 2256 intellegere,
412 2194 524 2256 quanto
537 2183 620 2239 vobis
633 2183 753 2251 steterit,
767 2183 845 2238 istud
865 2182 973 2239 amoris
993 2195 1020 2240 et
1038 2181 1173 2254 obsequii

73 2257 221 2327 praebere
242 2255 399 2328 specimen,
423 2270 573 2328 quamque
595 2266 712 2326 gratum
734 2267 890 2336 propterea
911 2254 1005 2310 Nobis
1024 2253 1171 2310 acciderit.

77 2330 195 2400 ltaque,
211 2343 271 2407 quo
292 2326 429 2383 meritam
445 2342 498 2398 pro
518 2325 659 2398 singulari
678 2325 822 2382 beneficio
841 2324 1016 2382 referremus
1037 2324 1171 2398 gratiam,

74 2416 145 2454 cum
161 2399 288 2456 subinde
301 2396 510 2466 authenticam,
529 2414 618 2471 quam
638 2397 773 2467 dicimus,
797 2397 957 2454 editionem
971 2397 1090 2454 delectis
1105 2395 1173 2453 viris

73 2472 242 2526 curandam
255 2471 341 2526 Motu
351 2470 475 2544 proprio
489 2469 700 2535 commisimus,
721 2470 809 2540 simul
823 2469 1065 2543 Congregationis
1079 2468 1172 2538 istiuS,

77 2543 124 2597 cui
137 2542 300 2615 praesides,
314 2541 524 2613 potissimeque
538 2540 667 2596 familiae
680 2541 875 2597 Solesmensis
886 2541 939 2597 has
951 2541 1100 2597 voluimus
1112 2556 1174 2596 esse

76 2627 185 2683 partes,
200 2613 379 2684 universam,
392 2629 468 2685 quae
478 2623 578 2676 exstet,
591 2623 722 2667 veterum
743 2612 779 2668 de
795 2612 851 2669 hac
864 2629 896 2669 re
908 2624 1173 2668 monumentorum

76 2696 210 2756 segetem
235 2701 319 2739 more
345 2684 539 2756 institutoque
562 2700 617 2738 suo
646 2684 808 2756 explorare,
837 2684 966 2765 indeque
995 2685 1173 2741 elaboratam

74 2757 284 2828 digestamque
302 2755 439 2811 editionis
457 2754 545 2810 huius
565 2755 718 2810 materiam
730 2754 896 2811 ministrare
909 2773 944 2810 ns
957 2772 1033 2828 quos
1046 2754 1107 2811 desi
1148 2771 1175 2809 a·

77 2828 185 2896 vimus,
197 2828 391 2894 probandam.
405 2828 448 2882 De
457 2843 517 2897 quo
527 2826 666 2885 mandato
678 2825 761 2882 vobis
772 2843 904 2896 munere,
917 2843 1043 2899 operoso
1053 2825 1105 2900 qui
1127 2842 1174 2880 em

77 2900 127 2953 sed
140 2898 374 2972 perhonorifico,
389 2897 505 2953 tametsi
518 2896 578 2953 iam
590 2913 753 2969 acceperas
773 2898 897 2954 libenter
916 2900 979 2953 Nos
998 2897 1053 2970 ipsi
1065 2910 1094 2953 te
1107 2896 1173 2952 faci·

78 2987 155 3034 mus,
167 2971 276 3026 dilecte
294 2968 347 3036 fili,
367 2968 531 3035 certiorem,
546 2968 584 3023 ad
597 2984 687 3040 quem
700 2986 771 3024 cura
784 2986 910 3032 summa,
926 2982 959 3024 ut
974 2969 1048 3023 illud
1061 2967 1174 3024 sodales

77 3053 280 3113 exsequantur
290 3040 343 3107 tui,
355 3040 489 3113 pertinet.
503 3039 649 3095 Novimus
660 3052 844 3114 quantopere
856 3039 1058 3113 Apostolicam
1069 3040 1175 3095 Sedem

80 3113 304 3186 Ecclesiamque
318 3112 431 3184 diligas
447 3109 538 3166 divini
556 3109 653 3166 cultus
675 3112 774 3167 decori
793 3112 918 3181 studeaS,
937 3123 1054 3168 sanctae
1073 3127 1175 3166 mona-

78 3182 168 3240 sticae
179 3184 258 3240 vitae
269 3184 403 3239 instituta
416 3182 573 3239 custodias.
590 3183 706 3237 Harum
727 3200 817 3255 porro
836 3182 1003 3239 exercitatio
1022 3182 1173 3249 virtutum,

80 3254 157 3309 sicut
169 3255 249 3311 dedit
269 3254 353 3311 vobis
365 3271 458 3326 usque
479 3254 585 3321 adhuc,
609 3254 649 3308 ita
664 3254 744 3309 dabit
765 3255 800 3309 de
814 3253 929 3326 reliquo
944 3253 1058 3310 felicem
1080 3254 1176 3308 docto-

82 3341 150 3379 rum
164 3327 302 3383 laborum
313 3325 424 3405 exitum
439 3346 445 3381 z
470 3324 616 3405 siquidem
630 3341 691 3380 non
713 3324 812 3407 inepte
824 3326 902 3405 cadit
925 3326 956 3380 in
974 3342 1026 3380 vos
1039 3324 1175 3405 alumnos

81 3397 164 3521 quod
186 3398 221 3453 de
242 3410 324 3480 patre
345 3396 472 3479 legifero·
488 3397 647 3478 Gregorius
670 3397 867 3477 praedicavit:
892 3396 972 3451 nullo
987 3397 1073 3476 modo
1086 3395 1176 3450 aliter

103 3485 191 3524 ocere
231 3480 307 3525 otuzt
330 3485 420 3541 quam
442 3478 530 3523 vixit.
551 3468 688 3523 Ceterum
709 3469 801 3535 vobis,
825 3470 861 3523 ad
884 3486 946 3524 rem
959 3467 1176 3593 perficiendam

83 3556 191 3596 concre
222 3552 294 3610 tam,
320 3537 497 3595 confidimus
524 3539 587 3594 fore
617 3551 649 3593 ut
682 3552 849 3613 opportuna
877 3540 994 3595 abune
1022 3549 1177 3611 suppetant

81 3610 250 3667 studiorum
263 3612 442 3680 adiumenta,
456 3610 642 3682 maximeque
655 3621 784 3666 vetustos
805 3611 917 3667 codices
936 3610 1177 3681 conquirentibus

83 3698 121 3736 ne
136 3682 207 3754 quid
219 3685 334 3740 obstet:
361 3700 422 3739 non
437 3683 582 3747 defutura,
603 3683 683 3754 quod
707 3692 795 3755 caput
808 3694 860 3750 est,
884 3682 981 3737 divina
1005 3697 1081 3752 quae
1093 3680 1177 3736 enixe

82 3769 236 3823 precamur
257 3754 375 3824 auxilia,
399 3766 511 3811 certum
534 3753 686 3809 habemus
713 3754 849 3821 Quorum
875 3770 926 3809 aus
948 3752 1022 3808 icem
1049 3752 1177 3823 itemque

83 3824 305 3883 benevolentiae
314 3828 439 3881 Nostrae
448 3825 602 3897 singularis
609 3836 712 3880 testem
722 3823 785 3893 tibi,
793 3825 897 3880 dilecte
905 3771 957 3890 fiii,
969 3823 1084 3895 tuisque
1094 3823 1177 3878 soda-

84 3894 166 3977 libus
183 3897 382 3969 Apostolicam
400 3897 633 3953 benedictionem
650 3896 850 3952 amantissime
872 3896 903 3950 in
925 3895 1053 3950 Domino
1073 3894 1177 3965 imper·

87 3978 190 4022 tlmus.

124 4052 233 4107 Datum
249 4054 361 4109 Romae
372 4052 451 4125 apud
460 4053 491 4108 S.
502 4054 632 4120 Petrum,
644 4052 691 4108 die
703 4053 787 4107 XXII
804 4052 883 4118 maii,
896 4050 968 4107 festo
983 4052 1176 4119 Pentecostes,

86 4138 137 4179 an.
151 4122 363 4195 MDCCCClV‚
376 4123 568 4180 Pontificatus
579 4123 679 4179 Nostri
692 4139 771 4179 anno
786 4124 891 4196 primo.

896 4207 967 4263 Pius
989 4208 1048 4261 PP.
1069 4206 1106 4260 X.

473 4338 790 4347 -—-—--—.-——--—

1224 479 1308 528 laudat
1317 481 1364 540 ipse

1223 537 1345 598 Pontifex.

1242 1234 1382 1292 Propriam·

1226 1305 1267 1350 que
1276 1289 1360 1338 existi-

1225 1351 1352 1396 mationem

1226 1406 1371 1454 demonstrat

1225 1477 1254 1512 ex
1264 1468 1374 1523 tempato

1224 1527 1333 1569 concentu

1225 1580 1367 1627 Solesmeusi

1226 1640 1253 1685 in
1263 1636 1379 1684 saeculari

1225 1694 1338 1742 natalis.

1226 1745 1347 1811 Gregorii.

1254 1821 1364 1878 Oblatum

1226 1881 1256 1928 ab
1266 1881 1347 1926 abbate

1226 1937 1366 1985 Solesmensi

1226 1995 1338 2043 editionis

1191 2061 1197 2066 ·
1226 2067 1281 2100 suae
1291 2051 1376 2100 tonum

1225 2112 1255 2159 S.
1264 2109 1387 2168 Sedigea·

1227 2174 1263 2215 tus
1273 2169 1367 2227 accipit.

1255 2322 1282 2368 H
1284 2323 1322 2368 inc
1334 2324 1359 2367 in

1226 2379 1334 2440 paranda

1206 2435 1213 2472 l
1227 2437 1327 2487 editione

1226 2497 1360 2543 authentica

1227 2555 1364 2602 commutas

1224 2617 1304 2673 partes
1314 2611 1376 2679 βοη-

1225 2674 1358 2774 stitit

1226 2784 1335 2842 familiae
1342 2784 1387 2830 So-

1227 2844 1340 2891 tesmensi.

1255 3040 1388 3089 Praedica-

1229 3102 1268 3146 tur
1278 3100 1298 3146 S
1299 3098 1353 3145 oles-

1228 3159 1341 3204 mensium

1224 3214 1307 3275 fervor
1316 3214 1372 3261 reii—

1226 3275 1317 3331 giosus.

1260 3472 1361 3530 Optatur

1230 3542 1351 3577 successus.

1244 3752 1388 3805 Benedictio.

1259 4044 1320 4112 Dies
1331 4044 1370 4101 (22

1230 4115 1292 4149 man
1302 4102 1380 4160 1904).
1463 4134 1464 4143 .
