2959 4900
273 403 355 438 tusrtt
371 401 535 438 DIMISSIONIS
552 401 635 437 RATIO
650 402 680 437 IN
695 401 847 437 ORDINIBUS
862 400 1012 436 staturosis
1149 380 1186 442 61

146 534 387 602 BENEutcrus
410 551 527 602 autem
550 533 650 617 XIV,
670 535 820 623 loquens
843 533 888 601 de
912 531 1096 619 Societate‚
1116 555 1191 601 rem

100 623 144 690 ita
162 625 405 710 complectitur
423 628 452 691 ¹:
476 651 489 687 «
512 623 739 691 Dimissionis
751 645 854 691 causa
870 624 1079 710 plerumque
1095 643 1134 688 ex
1148 645 1190 691 eo

99 712 308 797 desumitur,
339 713 434 800 quod
467 713 651 802 religiosus
682 713 829 780 minime
867 712 978 779 valeat
1012 712 1190 800 inceptum

100 802 315 901 curriculum
325 802 545 870 laudabiliter
560 802 736 891 persequi,
752 816 786 869 et
801 801 844 869 ad
859 799 1040 868 Societatis
1056 800 1190 868 institu-

99 903 176 956 tum
193 907 298 957 vttam
315 891 462 979 exigere.
486 917 499 953 ι

148 989 199 1057 ΙΙ.
229 991 280 1058 Ex
296 991 407 1058 allatis
423 991 696 1076 auctoritatibus,
712 1006 746 1058 et
761 990 841 1080 ipsav
852 1011 955 1058 causa
971 1011 1034 1056 cur
1049 989 1192 1058 inducta

101 1077 143 1145 sit
171 1079 237 1146 ista
267 1081 436 1168 simplicis
468 1080 695 1168 professionis
727 1080 923 1155 disciplina,
953 1078 1038 1146 haec
1072 1081 1192 1167 regula

100 1168 271 1256 generalis
295 1171 396 1237 statui
421 1185 557 1257 potest:
588 1171 681 1236 luste
708 1169 895 1236 dimittitur
918 1170 979 1257 qui
1003 1168 1193 1269 prudenter

101 1257 274 1325 iudicatur
301 1259 438 1325 futurus
460 1280 536 1326 esse
563 1258 707 1326 notabili
734 1258 962 1325 incommodo
986 1278 1086 1326 curus
1102 1271 1193 1324 onus
1268 1263 1272 1270 '

102 1367 175 1412 non
198 1345 369 1414 iudicatur
393 1347 498 1415 fuisse
514 1348 558 1415 ab
579 1348 743 1414 Instituto
766 1362 985 1436 assumptum
1008 1347 1046 1414 in
1069 1346 1192 1414 admit·

102 1435 208 1502 tendo
221 1436 406 1503 candidato
423 1438 465 1503 ad
483 1437 599 1525 priora
616 1436 772 1504 facienda
788 1451 880 1504 vota.

149 1536 248 1604 Haec
264 1536 338 1625 ipsa
355 1540 475 1627 regula
499 1539 570 1605 iam
585 1540 655 1605 fere
673 1538 872 1605 continetur
895 1536 949 1603 his
971 1536 1088 1603 verbis
1104 1557 1194 1622 quae

103 1626 138 1692 in
166 1626 341 1694 ambobus
366 1626 513 1694 decretis
536 1628 718 1695 Neminem
741 1627 825 1693 latet
848 1642 881 1691 et
903 1624 967 1692 Ad
989 1625 1195 1693 universalis

103 1715 290 1803 leguntur3
320 1741 334 1779 a
362 1718 420 1784 Ne
443 1717 523 1804 quis
544 1718 745 1784 admittatur
761 1715 822 1804 qui
839 1716 967 1782 saeculi
984 1713 1194 1802 contagione

104 1805 271 1892 pollutus,
290 1806 344 1872 vel
359 1827 460 1873 verae
477 1805 668 1873 vocationis
684 1827 806 1894 expers
821 1819 854 1870 et
870 1803 1019 1889 suscepti
1041 1803 1194 1870 Instituti

106 1895 288 1981 paeniteat,
313 1908 347 1962 et
369 1916 512 1983 gravem
536 1895 717 1962 sodalibus
740 1893 938 1960 molestiam
962 1893 1081 1959 afferat
1112 1913 1195 1960 cum

106 1982 307 2083 disciplinae
331 1983 592 2073 perturbatione
616 2001 649 2051 et
673 1983 841 2072 regularis
864 1982 1103 2049 observantiae
1126 1981 1195 2047 dis·

107 2092 263 2138 crimine.
287 2096 300 2134 ι

150 2173 224 2242 lll.
245 2172 354 2260 Quod
370 2186 409 2240 ut
425 2173 691 2263 particularibus
707 2174 846 2241 casibus
862 2172 1076 2240 illustremus
1096 2199 1103 2239 ε

154 2299 181 2340 ι.
209 2274 345 2342 Causae
361 2296 424 2364 per
436 2297 472 2342 se
489 2275 727 2364 insufficientes
744 2289 826 2342 sunt
841 2300 848 2342 :

149 2368 181 2448 a)
201 2362 394 2431 Infirmitas
410 2365 553 2432 suborta
569 2379 648 2453 post
664 2363 920 2454 professionem
936 2363 962 2429 ².
991 2361 1197 2428 Periculum

110 2454 200 2521 enim
215 2454 424 2521 valetudinis
441 2456 547 2522 simul
563 2477 645 2521 cum
656 2475 763 2522 onere
779 2453 895 2521 alendi
912 2450 1093 2519 subditum
1106 2452 1144 2517 in
1160 2472 1197 2518 se

110 2544 297 2630 suscepisse
316 2542 520 2611 institutum
534 2565 607 2611 non
623 2559 673 2611 est
689 2543 955 2632 ambigendum,
973 2563 1018 2608 ne
1034 2540 1197 2608 omnium

110 2632 359 2719 perseverantia
375 2633 412 2700 in
429 2635 561 2700 incerto
577 2634 622 2717 sit
637 2634 762 2722 posita.

154 2722 188 2804 b)
215 2720 406 2789 Infirmitas
436 2743 527 2811 quae
557 2735 637 2789 ante
667 2736 748 2789 vota
786 2720 867 2788 satis
899 2732 971 2787 erat
1000 2733 1096 2795 nota,
1129 2718 1196 2786 nisi

112 2810 289 2899 religiosus
304 2811 509 2879 Institutum
526 2810 735 2878 fraudaverit
747 2811 837 2877 iusta
853 2808 995 2876 maioris
1008 2808 1122 2874 meriti
1136 2828 1198 2874 seu

112 2897 241 2967 virtutis
269 2920 343 2989 spe,
374 2922 444 2988 qua
478 2900 630 2968 defectus
660 2901 790 2968 virium
823 2898 1006 2965 videbatur
1036 2917 1199 2986 compen·

115 2989 235 3056 sandus
252 2988 277 3054 ³.

154 3082 185 3162 c)
207 3076 405 3144 Affirmatio
421 3078 580 3167 religiosi
598 3099 634 3145 se
650 3100 724 3163 non
737 3077 865 3145 habere
880 3076 935 3142 vel
952 3075 1109 3142 amisi-sse
1125 3075 1199 3143 ani·

117 3185 207 3233 mum
222 3167 514 3255 vocationemque
536 3167 579 3234 ad
597 3167 704 3234 vitam
721 3166 922 3255 religiosam
939 3165 963 3231 ⁴.
987 3165 1085 3231 Haec
1102 3166 1199 3232 enim

119 3274 210 3323 causa
225 3256 430 3324 Institutum
441 3256 647 3345 religiosum
660 3277 720 3345 per
737 3277 773 3323 se
790 3255 936 3322 minime
953 3253 1200 3339 afficit.Quare

120 3342 205 3411 locus
216 3346 333 3432 potius
346 3345 401 3412 hic
414 3363 465 3413 est
477 3345 738 3434 dispensationi,
751 3365 841 3432 quae
853 3341 1088 3411 reservaturS.
1101 3342 1195 3425 Sedi,

121 3432 191 3520 nisi,
203 3435 298 3523 quod
313 3433 411 3501 facile
424 3434 494 3515 fiet,
509 3435 707 3502 subiectum
724 3434 771 3501 ita
787 3432 997 3516 dispositum
1014 3432 1201 3521 prospicia-

121 3536 167 3587 tur
188 3524 260 3590 fore
287 3524 452 3590 Instituto
475 3541 510 3590 et
534 3525 637 3590 sociis
660 3523 855 3612 gravamini
879 3543 953 3589 non
976 3521 1055 3588 levi.
1086 3522 1137 3588 lta
1154 3521 1197 3589 C,

122 3626 162 3678 DE
179 3612 295 3698 Laco,
314 3612 351 3679 in
369 3633 451 3679 casu
467 3613 587 3695 simili,
601 3613 705 3701 Resp.
722 3632 813 3681 mor.
828 3613 852 3679 l.
870 3633 905 3698 4,
923 3611 959 3679 d.
978 3612 1012 3698 3,
1031 3633 1067 3677 n.
1086 3633 1119 3697 7.

158 3702 191 3787 d)
211 3704 357 3770 Mutuus
373 3700 554 3792 religionis
570 3717 604 3769 et
631 3701 787 3791 religiosi
804 3721 1008 3769 consensus.
1039 3698 1201 3768 Habetur

122 3791 203 3857 enim
226 3793 269 3859 ad
289 3791 407 3858 Deum
424 3790 593 3879 obligatio
610 3812 699 3879 quae
723 3791 782 3858 tali
799 3811 974 3859 consensu
999 3787 1124 3857 auferri
1141 3812 1199 3857 ne-

123 3882 226 3969 quit⁵.

147 4102 155 4137 1
168 4100 310 4162 Desynoao,
324 4102 341 4151 l.
354 4101 433 4157 XIII,
445 4112 469 4148 c.
482 4100 531 4157 XI,
547 4113 575 4148 n.
589 4116 623 4157 17.

147 4170 156 4204 ‘³
170 4169 312 4217 Decretum
322 4168 504 4221 sanctissimus,
515 4180 544 4214 n.
556 4166 593 4216 V.·

148 4236 158 4270 3
170 4235 273 4294 ltaipse
283 4235 395 4288 suarez,
407 4245 453 4292 op.
465 4232 512 4279 cit.
524 4232 544 4280 l.
555 4239 577 4288 3,
589 4245 614 4281 c.
625 4250 648 4291 9,
661 4245 687 4281 n.
699 4232 749 4279 XI.

149 4302 158 4334 ⁴
171 4300 247 4360 Resp.
259 4301 286 4350 S.
299 4300 331 4347 C.
344 4298 436 4358 Episc.
446 4302 474 4345 et
485 4298 581 4359 Regul.
595 4316 622 4356 19
632 4311 695 4345 nov.
710 4305 776 4346 1886.

151 4368 160 4401 ⁵
173 4366 277 4423 Suarez,
289 4377 334 4424 op.
346 4364 405 4421 cit,
417 4367 450 4413 tr.
464 4381 498 4416 ιο,
510 4366 527 4411 l.
541 4371 563 4421 3,
580 4377 602 4411 c.
615 4382 638 4422 9,
650 4378 678 4411 n.
690 4364 751 4411 XV.
