2959 4900
89 310 153 387 [80]
179 324 201 360 s.
212 324 238 359 e.
254 323 592 363 tununo.1unut.anur1an
603 328 639 363 nr
649 328 772 363 enarras
787 326 856 362 seut.
869 325 913 361 nn.
928 324 988 360 utu.
1002 324 1117 360 eunuco.
1142 314 1183 377 27

92 464 349 533 administrantur,
360 464 434 520 inibi
445 463 553 521 lucrari
565 466 663 523 valent
678 483 782 523 omnes
794 476 823 523 et
836 464 967 539 singulas
980 464 1183 537 indulgentias

89 554 169 616 quas
181 548 441 617 consequerentur,
455 536 479 592 si
493 537 637 594 Ecclesias
650 537 771 595 Ordinis
788 536 949 603 visitarent,
971 536 1073 593 ceteris
1094 554 1186 593 serva·

89 620 154 735 gsm
153 607 214 734 {in
214 608 451 752 pur70703ervand1s
476 608 623 678 (Clemens
637 610 718 679 XIV,
744 611 843 667 Rescr.
872 608 902 664 S.
932 608 1041 681 Congr.
1068 608 1185 681 Indulg.

128 774 245 832 Omnes
263 786 291 831 et
301 774 442 849 singulae
461 774 666 858 indulgentiae
685 775 881 849 inpraesenti
899 774 1074 831 Summario
1089 792 1188 831 recen·

90 845 184 914 sitae,
199 857 319 929 excepta
331 858 431 902 tamen
444 846 575 919 plenana
583 846 615 901 in
625 847 728 904 mortis
739 846 864 903 articulo
875 846 1025 915 lucranda,
1037 864 1057 901 a
1073 844 1188 921 plicari

111 928 218 974 assunt
237 928 328 975 ettam
347 917 506 975 animabus
520 918 550 973 in
566 918 638 993 igne
658 918 839 993 Purgatorii
857 916 1031 993 degentibus
1052 864 1134 987 (i’ius
1148 918 1185 988 X,

84 936 197 1046 beser.
213 990 243 1045 S.
257 990 366 1063 Congr.
384 988 499 1062 Indulg.
514 1009 530 1063 7
543 989 605 1045 iun.
624 990 714 1063 1905).

560 1112 724 1166 Dacnaruu

128 1228 212 1283 Cum
235 1227 369 1283 Minister
395 1226 545 1283 Generalis
564 1226 685 1288 Ordinis
702 1228 760 1284 FF.
777 1225 931 1283 Minorum
950 1226 1188 1302 capuccinorum

90 1298 167 1354 huic
180 1299 213 1355 S.
227 1296 455 1371 Congregationi
468 1298 662 1371 Indulgentiis
677 1299 834 1370 Sacrisque
849 1298 912 1354 Reli
936 1297 993 1354 uiis
1006 1299 1188 1373 praepositae

110 1386 234 1426 raesens
253 1369 453 1427 summarium
472 1370 608 1446 omnium
628 1369 892 1443 Indulgentiarum,
915 1314 1142 1442 irivilegiorum
1161 1381 1189 1425 et

89 1388 286 1497 indultorum
297 1440 428 1517 praelato
438 1439 545 1497 Ordini
556 1457 766 1497 concessorum
775 1441 1003 1515 approbandum
1014 1440 1187 1510 exhibuerit,

89 1525 121 1571 et
135 1512 243 1569 eadem
263 1513 293 1568 S.
309 1511 506 1592 Congregatio
527 1512 600 1567 illud
614 1512 730 1568 duobus
750 1530 786 1568 ex
807 1511 868 1567 suis
881 1512 1107 1569 consultoribus
1125 1529 1190 1568 exa·

92 1584 276 1641 minandum
288 1583 407 1650 dedent,
419 1582 481 1656 qui,
496 1582 595 1639 denuo
605 1583 755 1657 perpensis
770 1583 953 1639 documentis
966 1584 1189 1640 concessionum

90 1654 338 1729 apostolicarum,
368 1654 464 1712 testati
495 1666 564 1709 sunt
593 1671 698 1711 omnes
731 1654 941 1728 Indulgentias,
977 1654 1083 1711 Privile
1105 1655 1131 1710 'a
1161 1666 1190 1711 et

93 1726 219 1782 lndulta
227 1724 300 1781 inibi
311 1724 402 1781 relata
411 1742 474 1783 esse
482 1725 669 1792 authentica3
683 1726 741 1781 hoc
750 1736 863 1782 attento
873 1725 1055 1793 testimonio,
1095 1726 1190 1782 ‚Con-

92 1797 230 1871 gregatio
243 1796 318 1853 illud
332 1796 504 1871 approbavit
516 1796 652 1879 typisque
664 1797 801 1853 mandari
814 1796 955 1869 permisit.

111 1871 246 1997 3Datum
273 1870 383 1996 RSomae
406 1885 441 1924 ex
465 1868 626 1925 secretaria
651 1868 784 1925 eiusdem
814 1869 844 1924 S.
865 1867 1112 1941 congregationis
1142 1867 1189 1923 die

91 1959 109 1995 2
143 1958 246 1996 tunnr
306 1980 313 1995 .

250 1957 287 2012 90
565 2011 601 2066 A.
616 2011 703 2066 Card.
719 2012 854 2078 Turnum,
869 2010 975 2079 Praes.

1238 490 1290 524 vum
1301 478 1315 524 l
1318 461 1390 524 taliae

1238 534 1351 582 accustus.

1241 785 1398 903 mittut

1237 900 1370 962 plicabilts.

1270 1225 1292 1272 Α
1324 1225 1394 1271 roba·

1244 1284 1277 1329 tio
1309 1282 1392 1330 .οω-

1241 1342 1400 1399 gregatimn's.

356 2082 415 2137 Pro
430 2082 466 2138 R.
482 2082 515 2137 P.
529 2081 678 2137 Diomede
689 2081 807 2150 Paniai,
821 2081 919 2138 Arch.
933 2080 1059 2137 Laodie.
1075 2081 1188 2137 Secret.
1278 2078 1281 2082 ’

454 2153 595 2227 Iosephus
606 2153 654 2210 M.
671 2152 747 2209 Can.
762 2152 881 2224 Coselli,
895 2152 1082 2229 substitutus.

100 2344 107 2355 ι
127 2272 165 2398 ἓ.
172 2271 338 2398 lRescripta
351 2287 388 2329 11
401 2287 475 2345 aug.
494 2273 567 2341 1905
579 2271 684 2346 quibus
698 2272 827 2329 omissae
841 2272 872 2327 in
887 2270 1009 2328 elencho
1020 2270 1192 2345 supplentur

93 2363 127 2400 m
151 2361 170 2398 u
208 2353 315 2399 entiae.

129 2416 162 2472 S.
204 2412 375 2488 ¹ongregatio
399 2412 590 2486 Indulgentiis
609 2413 762 2488 Sacrisque
777 2412 920 2487 Reliquiis
940 2412 1115 2495 praeposita,
1129 2412 1191 2470 uiso

93 2488 292 2554 nocumento,
310 2485 394 2543 Brevi
405 2485 538 2541 videlicet
552 2485 597 2541 Pii
611 2487 664 2560 Pp.
681 2488 750 2555 Vll,
767 2488 795 2542 d.
807 2487 836 2542 d.
854 2486 885 2540 18
897 2485 1022 2540 ianuarii
1038 2486 1118 2552 1820,
1152 2501 1192 2540 uo

91 2558 268 2638 conceditur
297 2556 432 2613 Plenaria
452 2556 654 2637 'Indulgentin
687 2576 704 2613 a
735 2555 982 2638 christifidelibus
1007 2502 1192 2637 visitantibus

94 2629 243 2685 Ecclesras
265 2628 402 2684 Fratrum
417 2628 570 2684 Mmorum
592 2629 622 2684 S.
638 2629 784 2685 Francisci
808 2630 1046 2702 Capuccrnorum
1060 2629 1107 2684 d1e
1119 2627 1192 2684 festo

92 2706 132 2759 Β.
142 2700 300 2756 Bernardi
309 2699 347 2754 ab
362 2697 493 2773 Opltyda
505 2700 602 2772 Confi,
621 2718 648 2755 11
665 2699 846 2774 septembris,
857 2699 1019 2826 puotannis
1031 2698 1191 2768 lucranda3

94 2771 266 2828 iansltatem
279 2770 348 2827 facit
359 2783 392 2826 ut
407 2771 510 2826 eadem
524 2770 718 2844 indulgentia,
733 2771 790 2828 litt.
805 2773 842 2827 A.
886 2782 921 2826 rt.
940 2772 994 2829 111.
1009 2770 1098 2826 huius
1108 2771 1193 2825 Sum-

94 2842 181 2898 marii
202 2841 270 2899 iam.
281 2843 320 2906 ab
342 2842 445 2898 eadem
463 2842 493 2898 S.
508 2842 542 2901 C.
555 2859 592 2916 ap
614 2843 718 2913 tobati,
742 2841 862 2916 proprio
880 2859 934 2897 suo
948 2842 1015 2897 loco
1037 2842 1192 2900 inseratur.

96 2913 260 2969 Contrariis
272 2930 332 2969 non
346 2913 529 2968 obstantibus
541 2860 788 2996 quibuscumque.
807 2915 915 2970 Datum
929 2915 1051 2981 Romae,
1066 2929 1082 2968 e
1097 2913 1193 2969 Secre-

96 2984 169 3040 taria
182 2984 316 3040 eiusdem
326 2985 356 3040 S.
370 2985 497 3057 Congu.
510 2984 558 3041 die
574 3003 601 3041 11
619 2997 735 3058 augusti
752 2986 828 3058 1905.
1256 2993 1262 3004 '

135 3057 219 3122 Item,
241 3056 304 3111 viso
329 3055 489 3183 Reffio'
513 3056 543 3112 d.
556 3056 585 3111 d.
612 3056 836 3130 romanii1781
860 3072 878 3109 a
892 3055 922 3110 S.
946 3055 1048 3110 eadem
1073 3054 1193 3125 Congu,
1258 3081 1262 3089 ·

118 3143 152 3182 ro
163 3127 248 3182 indul
270 3127 349 3183 entia

99 3142 185 3266 q'id,
201 3199 227 3258 3.
270 3198 305 3255 rd
318 3199 362 3269 (13
376 3196 448 3254 febr.
462 3214 543 3255 nunc
556 3210 655 3255 autem
670 3200 706 3255 30
720 3203 830 3267 marin,
856 3196 1024 3254 facultatem
1036 3195 1105 3252 facit
1121 3208 1154 3252 ut
1165 3206 1194 3252 et

99 3266 172 3324 haec
186 3268 372 3342 indulgentia
393 3269 524 3343 plenaria
544 3270 663 3343 proprio
676 3270 752 3341 loco,
775 3282 920 3343 utsupra,
941 3267 1094 3324 inseratur.
1117 3268 1194 3324 Con·

101 3338 194 3418 trariis
206 3358 269 3397 non
283 3341 467 3396 obstantibus
479 3340 724 3414 quibuscumque.
747 3343 856 3398 Datum
871 3342 991 3408 Romae,
1004 3356 1020 3395 e
1035 3339 1194 3395 secretaria

100 3411 230 3469 eiusdem
243 3413 274 3469 S.
289 3411 335 3480 C.,
358 3411 406 3468 die
422 3430 449 3467 11
465 3412 582 3484 augusti
599 3414 678 3484 1905·

471 3482 512 3538 D.
525 3483 645 3554 Paniai,
659 3483 803 3558 Archiep.
818 3481 994 3551 Laodicen,
1011 3481 1121 3538 Secret.

456 3137 500 3183 ter
512 3143 650 3184 concessa
663 3128 694 3183 in
708 3129 782 3184 testo
793 3128 830 3184 B.
844 3125 988 3200 Angelae
996 3124 1193 3199 Fulginaten.

1245 2416 1376 2524 nibli·

1274 3345 1334 3393 Dt'es
1345 3346 1383 3402 (Il

1246 3415 1302 3462 aug.
1312 3403 1390 3462 1905).
