2959 4900
117 1208 211 1255 Orator

121 1420 249 1479 Proposito

89 1477 189 1533 indulto,

116 2343 151 2389 Et
175 2347 249 2389 mente

86 2401 248 2459 111111ςὶ161-

87 2459 164 2505 mralr'
191 2463 247 2516 pro·

86 2516 226 2572 margatum,

39 2600 41 2605 ’
126 2590 248 2643 Quaerit

86 2647 230 2690 utrumasus

86 2703 119 2747 sit
141 2704 247 2759 praccep-

87 2763 124 2803 tus
140 2772 174 2804 an
191 2757 245 2804 libe·

86 2816 246 2875 receptionis.

114 2888 244 2939 Respon-

85 2949 159 2984 nuru.

115 3006 175 3052 Dies
207 3007 246 3064 (31

86 3062 219 3124 11111915).

306 290 346 355 36
751 318 932 355 uouuuunra

374 476 442 561 86.
456 528 499 539 -
514 486 547 557 s.
565 486 711 556 ntruurt
729 485 1327 575 11111111111111111111111115)

304 672 566 731 Ruspottsuw
580 671 635 725 DE
655 671 729 726 USU
743 672 971 726 PRIVILHGH
988 673 1142 728 OFFIGII
1156 676 1300 741 votivi,
1318 678 1382 733 PRO

708 761 992 817 REGULARIBUS

358 927 653 1000 congregationis
684 925 899 983 clericorum
927 925 1157 998 Regularinnt
1186 928 1341 983 Infimis

712 1022 993 1079 ministrantium

341 1197 414 1249 Rutu·
428 1194 460 1249 Ρ.
479 1193 609 1249 lonchim
624 1193 747 1260 Ferrini,
764 1194 947 1249 Clericorum
963 1194 1153 1266 Regularium
1167 1193 1294 1249 infirmis
1310 1194 1381 1249 llini-

303 1267 458 1323 strantium
474 1266 649 1321 Procurator
670 1264 829 1331 Generalis,
850 1266 1007 1320 Sacrorum
1032 1266 1154 1321 Rituum
1166 1264 1381 1338 Congregationi

304 1356 338 1393 ea
347 1356 423 1411 quae
437 1348 601 1403 sequuntur
613 1336 781 1391 humillime
795 1336 946 1407 exposuit3
963 1336 1123 1393 nimirum:
1300 1346 1303 1353 '

341 1413 374 1465 ln
402 1407 521 1465 lndulto
547 1407 617 1461 anni
656 1408 731 1479 1765,
769 1408 909 1479 ampliato
942 1424 993 1488 per
1023 1425 1123 1463 recens
1154 1408 1305 1463 decretum
1337 1406 1382 1461 diei

307 1499 340 1537 ro
351 1481 423 1536 iunii
438 1497 516 1548 1004,
526 1494 698 1534 concessum
709 1477 1001 1551 fuitCongregatroni
1012 1479 1195 1535 Clericorum
1206 1480 1382 1552 Regularium

303 1552 428 1608 infirmis
450 1544 683 1605 Ministrantium
702 1549 886 1621 privilegium
911 1550 1095 1622 persolvendi
1109 1548 1248 1606 Officium
1267 1550 1382 1619 votivum

303 1642 372 1681 cum
396 1622 485 1679 Missa
510 1621 719 1676 Immaculatae
743 1622 777 1676 B.
795 1621 906 1676 Mariae
921 1621 1049 1694 Virginis
1071 1622 1278 1694 Conceptionis
1300 1621 1381 1693 primo

303 1695 431 1751 cuiusvis
446 1693 553 1749 mensis
568 1694 688 1748 sabbato
710 1693 764 1747 sub
779 1692 957 1763 quibusdam
970 1692 1206 1749 limitationibus.
1224 1695 1296 1747 ΚΜ
1313 1696 1381 1747 Prae·

302 1767 394 1823 fectus
410 1764 559 1822 Generalis
581 1764 712 1819 eiusdem
735 1764 979 1836 Congregationis
998 1781 1066 1820 cum
1090 1782 1144 1819 suo
1169 1764 1302 1821 Consilio
1320 1780 1380 1818 nun·

303 1856 393 1910 quam
414 1836 538 1892 intendit
559 1852 635 1890 onus
657 1835 808 1907 imponere
830 1836 889 1890 suis
912 1836 1035 1891 subditis
1056 1836 1107 1908 qui
1127 1837 1163 1891 ad
1191 1836 1313 1892 chorum
1332 1851 1381 1889 non

303 1921 440 1966 tenentur
450 1920 478 1963 et
487 1906 622 1977 privatim
632 1904 772 1962 Officium
782 1906 914 1973 recitant,
930 1907 1101 1963 huiusmodi
1117 1906 1257 1963 Officium
1267 1906 1381 1962 votivum

302 1998 370 2037 cum
394 1980 483 2035 Missa
505 1977 700 2049 persolvendi,
726 1977 776 2032 sed
810 1989 926 2033 tantum
951 1978 1136 2053 praescripsit
1161 1992 1194 2033 ut
1217 1978 1248 2032 in
1274 1976 1380 2049 singulis

302 2052 441 2107 domibus
469 2048 632 2121 Religiosae
659 2048 800 2103 Familiae
825 2066 885 2104 una
914 2050 1003 2105 Missa
1035 2050 1142 2116 votiva,
1169 2049 1316 2123 praedicta
1344 2047 1380 2100 die

303 2123 426 2190 sabbati,
440 2122 520 2176 iuxta
533 2120 718 2192 privilegium
732 2120 904 2187 celebretur,
921 2121 1045 2177 liberum
1060 2123 1096 2176 de
1109 2134 1206 2176 cetero
1225 2121 1380 2191 relinquens

303 2195 363 2249 suis
376 2193 513 2257 alumnis
530 2191 667 2264 quotiens
690 2190 732 2246 uti
756 2192 869 2264 possint
884 2192 1046 2263 privilegio,
1069 2191 1207 2248 Officium
1224 2209 1292 2247 cum
1306 2190 1380 2245 Missa

302 2266 360 2321 diei
381 2263 523 2321 currentis
544 2263 589 2318 vel
613 2261 751 2319 Officium
774 2262 907 2318 votivum
931 2281 999 2319 cum
1025 2264 1114 2320 Missa
1137 2264 1173 2319 de
1206 2261 1380 2318 Immaculata

305 2338 338 2392 B.
356 2338 399 2392 M.
414 2337 449 2391 V.
466 2333 667 2406 Conceptione
680 2333 810 2389 recitare.
823 2335 900 2389 Cum
913 2352 982 2391 vero
992 2352 1086 2407 nuper
1099 2346 1199 2390 exorta
1214 2334 1251 2389 sit
1263 2330 1379 2408 quaestio

302 2407 380 2464 circa
391 2424 478 2463 usum
499 2405 641 2462 enuntiati
665 2405 818 2477 privilegii,
834 2406 1002 2479 quaeritur:
1027 2409 1073 2462 An
1095 2405 1267 2463 huiusmodi
1282 2402 1380 2479 privile·

302 2479 385 2552 gium
395 2479 431 2534 sit
442 2480 478 2533 de
508 2489 643 2550 raecepto
656 2477 701 2532 vel
714 2478 751 2531 ad
765 2477 901 2533 libitum?

339 2552 376 2605 Et
387 2551 474 2605 Sacra
486 2496 609 2602 Eituum
621 2548 829 2620 congregatim
841 2549 878 2602 ad
889 2547 1062 2604 relationem
1072 2549 1227 2622 subscripti
1242 2544 1379 2604 Secretarii

302 2620 445 2693 exquisito
458 2631 525 2675 voto
540 2619 762 2675 Commissionis
779 2619 953 2744 Liturpicae
969 2620 1107 2676 omnibus
1118 2621 1220 2676 sedulo
1234 2616 1377 2692 perpensis,

301 2692 521 2748 rescribendum
534 2691 665 2754 censuit:
684 2693 716 2745 ln
732 2708 803 2746 casu
817 2691 854 2745 ad
879 2691 984 2747 ibitum
997 2691 1192 2764 singulorum,
1208 2701 1343 2747 annotato
1356 2687 1379 2742 in

281 2820 283 2823 ,
302 2762 477 2819 Calendario
490 2774 555 2817 tum
570 2760 675 2816 Officio
687 2779 757 2816 cum
772 2760 861 2816 Missa
875 2762 932 2818 diei
943 2777 1086 2819 currentis
1100 2774 1165 2819 tum
1179 2762 1286 2818 Officio
1298 2760 1380 2817 votivo

301 2852 370 2891 cum
384 2835 474 2891 Missa
488 2834 524 2889 de
547 2833 739 2888 Immaculata
756 2834 789 2888 B.
806 2834 846 2888 M.
861 2833 897 2888 V.
919 2834 1117 2906 Conceptione
1140 2833 1221 2889 iuxta
1245 2835 1379 2890 decretum

300 2924 332 2962 n.
348 2907 419 2981 3594
432 2909 550 2979 Aquen.
569 2923 600 2984 19
613 2903 786 2978 septembris
804 2905 868 2960 1883
880 2905 926 2960 ad.
947 2925 955 2960 1
972 2918 999 2961 et
1013 2923 1039 2961 2.

336 2979 433 3052 Atque
447 2976 486 3032 ita
500 2975 657 3048 rescrrpsit.
675 2975 729 3030 Die
746 2976 774 3030 31
793 2975 856 3030 iulii
876 2976 955 3048 1905.

720 3047 756 3100 A.
773 3047 859 3102 Card.
874 3049 1007 3112 Turrani,
1022 3049 1285 3116 Pro-Praefectus.

619 3116 659 3174 D.
675 3117 793 3187 Paniai,
807 3118 951 3192 Archiep.
965 3119 1140 3183 Laodicen„
1157 3119 1350 3177 Secretarius.

759 3254 935 3310 Annonarro

337 3386 421 3442 Ratio
434 3385 633 3454 responsionis
655 3395 745 3440 estex
760 3397 857 3442 mente
878 3387 1016 3443 Praefecti
1039 3386 1189 3444 Generalis
1210 3399 1272 3443 tota
1302 3391 1380 3458 uanta

299 3457 465 3530 repetenda.
482 3459 516 3511 ln
528 3469 670 3530 potestate
679 3456 759 3512 enim
772 3469 816 3514 est
829 3458 993 3531 Superioris
1007 3458 1168 3527 Generalis
1184 3403 1378 3514 officiaibdim

299 3545 446 3596 concessa,
458 3527 570 3583 etiamsi
583 3545 662 3584 mere
672 3528 731 3583 sint
742 3529 848 3597 votiva,
861 3529 915 3602 ipsi
924 3529 1027 3586 Ordini
1040 3530 1201 3604 imponere,
1215 3542 1249 3585 ut
1260 3545 1317 3585 non
1326 3537 1378 3580 uno

299 3601 438 3675 probatur
453 3598 597 3671 exemplo.

337 3671 450 3728 Decreti
464 3683 562 3725 autem
588 3688 618 3742 19
632 3670 804 3749 septembris
830 3669 894 3726 1883
918 3670 983 3726 ideo
995 3669 1071 3726 sacta
1089 3682 1132 3727 est
1145 3671 1297 3737 memoria,
1318 3665 1378 3740 quia

299 3746 423 3799 modum
433 3743 542 3797 indicat
551 3759 611 3813 quo
622 3742 810 3798 scribendum
824 3742 861 3796 sit
871 3742 1087 3802 Calendarium.
1099 3744 1142 3798 lta
1150 3743 1229 3798 enim
1238 3738 1377 3798 haberadr

300 3835 317 3866 «
331 3816 458 3871 Redacto
472 3812 583 3869 Ordine
595 3811 685 3868 divini
700 3812 796 3868 Officii
817 3829 898 3868 more
912 3825 1051 3869 consueto
1065 3815 1145 3869 iuxta
1162 3815 1307 3883 Rubricas,
1320 3804 1377 3866 addi

299 3886 406 3958 poterit
417 3883 543 3940 Rubrica
556 3883 738 3957 particularis
754 3883 850 3941 Officii
863 3885 951 3940 votivi
964 3886 1107 3942 currentis
1120 3885 1187 3943 diei.
1202 3907 1218 3937 »

328 4081 337 4116 1
350 4083 428 4128 ACTA
438 4078 466 4128 S.
478 4079 568 4136 Snms,
580 4081 600 4126 t.
613 4059 842 4136 28(1905),p.'111.

682 4273 1001 4283 ...—-———
