2959 4900
78 304 188 379 [90-99]
200 329 1108 373 PATRONIDIOECESlS.MODUsTEGEND1CAPUTPROFF.M1N.1NDULG.
1122 310 1159 373 41

77 464 211 519 adductas
231 463 348 535 collegit
371 474 398 517 et
420 462 540 527 rettulit,
562 460 706 533 exquisito
730 461 818 515 etiam
843 473 913 516 voto
939 462 1163 520 commissionis

78 535 251 607 Liturgicae,
272 534 469 605 omnibusque
490 533 526 587 ad
545 548 608 586 rem
621 534 833 606 pertinentibus
855 547 883 587 et
901 534 1163 590 consuetudinibus

76 606 225 677 diligenter
247 605 384 662 discussis
398 617 426 659 et
438 603 597 676 perpensis,
618 604 838 659 rescribendum
851 606 981 661 censuit:
1009 607 1055 659 Ad
1076 608 1163 661 Rmum

77 679 106 732 P.
118 678 293 733 Ministrum
308 676 481 733 Generalem
494 676 613 730 Ordinis
627 676 765 730 Fratrum
779 676 931 730 Minorum
942 694 996 757 pro
1006 676 1163 732 uniformi-

75 760 128 804 tate
153 752 294 804 servanda
322 750 403 803 iuxta
429 748 570 803 Rubricas
595 758 623 802 et
648 749 769 802 Decreta
797 760 882 801 antea
904 748 980 803 edita
999 750 1035 804 ab
1062 749 1164 804 eadem

76 820 158 875 Sacra
170 820 415 893 congregatione,
430 819 471 873 ita
482 831 516 874 ut
528 820 642 874 Fratres
653 819 784 875 Minores
803 831 890 891 caput
900 831 999 892 tegant
1010 837 1078 876 cum
1098 818 1162 877 solo

75 892 191 947 amictu.
215 893 303 959 Quod
316 908 385 946 vero
408 891 445 945 ad
468 889 533 945 illas
548 889 667 945 Ordinis
682 890 849 945 Provincias
864 907 914 945 seu
934 904 1029 964 partes
1048 890 1160 959 attinet,

76 980 146 1035 quae
170 964 210 1018 ob
232 962 392 1036 peculiares
423 960 608 1016 difficultates
636 974 664 1016 et
684 962 783 1032 gravia
810 961 940 1017 timenda
963 961 1160 1029 incommoda,

75 1034 162 1089 alium
177 1036 293 1105 tegendi
307 1047 394 1107 caput
404 1034 536 1101 modum,
552 1050 620 1087 cum
633 1033 750 1104 caputio
761 1032 878 1099 scilicet,
894 1033 1001 1090 amicto
1012 1046 1160 1108 coopert0,

75 1122 122 1160 sua
136 1107 350 1162 consuetudine
362 1103 537 1161 servaverint
550 1117 578 1158 et
590 1104 687 1158 adhuc
700 1116 824 1173 servent,
833 1104 885 1159 uti
909 1106 948 1161 sis
958 1107 994 1161 ab
1008 1106 1163 1161 observan-

75 1176 110 1231 tia
132 1178 295 1249 praesentis
317 1176 441 1244 Decreti‚
465 1175 691 1231 circumstantiis
717 1123 953 1248 perdurantibus,
988 1175 1163 1248 dispensatio

76 1248 192 1304 concedi
207 1248 308 1321 possit,
323 1251 425 1303 eadem
440 1248 528 1302 Sacra
543 1247 737 1318 Congregatio
755 1264 818 1302 rem
839 1249 976 1319 prudenti
995 1248 1116 1304 arbitrio
1135 1257 1163 1302 et

75 1320 265 1374 conscientiae
277 1319 462 1389 RmiMinistri
469 1318 618 1374 Generalis
630 1318 835 1373 remittendam
847 1320 971 1391 benigne
978 1318 1161 1376 existimavit.

106 1394 204 1463 Atque
219 1391 259 1446 ita
270 1390 427 1465 rescripsit,
441 1389 488 1445 die
501 1390 534 1444 23
550 1390 665 1461 augusti
682 1390 760 1462 1905.

497 1462 535 1516 A.
549 1461 635 1515 Card.
650 1462 1054 1532 TarraP1,Pro-Praefectu5‚

351 1534 392 1589 D.
406 1532 527 1601 Punici,
543 1527 686 1605 Archiep‘.
702 1530 877 1601 Laodicea,
892 1531 1090 1593 Secretarius

120 1832 189 1916 92.
204 1883 247 1892 -
262 1843 295 1912 s.
312 1841 345 1911 c.
362 1841 709 1911 taratarantium
726 1840 779 1909 ετ
795 1840 828 1909 s.
846 1841 1110 1912 attitulatur

142 2025 404 2082 RESCRIPTUM
420 2026 479 2079 ΒΧ
493 2025 718 2079 ΑΗΠῙΕΝΤΙΑ
735 2023 817 2091 SSmi,
836 2026 879 2079 23
896 2027 986 2081 ΑΗΘ.
1006 2030 1089 2085 1905

74 2188 321 2261 Indulgentiae
339 2188 599 2244 Franciscauae
617 2200 772 2245 coronae
793 2192 930 2259 septem
949 2154 1161 2262 gaudiorum

530 2284 568 2340 B.
589 2284 636 2343 M.
656 2284 698 2339 V.

108 2434 206 2489 Frater
222 2434 428 2489 Bonaventura
453 2429 594 2493 Marrani,
618 2428 737 2485 Ordinis
758 2431 893 2487 Fratrum
914 2433 1066 2490 Minorum
1090 2438 1161 2493 Pro-

75 2518 185 2560 curator
197 2505 358 2571 GeneraliS,
370 2503 454 2558 enixe
473 2503 639 2559 desiderans
652 2515 685 2556 ut
698 2503 794 2557 cultus
808 2521 875 2574 erga
888 2506 1043 2578 Deiparam
1055 2510 1160 2564 Imma·

75 2576 195 2632 culatam
209 2576 304 2648 magis
322 2586 473 2646 augeatur,
488 2574 524 2628 ad
543 2575 630 2647 pedes
650 2574 817 2629 Sanctitatis
836 2575 956 2632 Vestrae
974 2580 1158 2650 provolutus,

75 2648 219 2718 sequentia
229 2647 350 2720 exponit
361 2667 368 2701 ι

108 2721 184 2774 luter
204 2719 382 2791 multiplices
400 2716 496 2772 cultus
517 2733 552 2771 ac
570 2715 684 2789 pietatis
699 2715 930 2795 significationes
949 2736 1017 2792 erga
1036 2723 1159 2778 eandem

77 2789 273 2847 Beatissimam
287 2790 439 2861 Virginem
457 2803 621 2856 consuetas,
636 2787 766 2843 nobilem
787 2805 856 2844 sane
877 2790 975 2846 locum
988 2808 1112 2864 occupat
1125 2812 1159 2848 ea

75 2861 223 2918 laudabilis
245 2864 352 2936 praxis,
375 2873 408 2916 ut
429 2860 569 2933 peculiari
592 2861 720 2932 Corona·
733 2858 851 2927 Septem
870 2862 973 2916 devote
991 2868 1158 2920 recolantur

76 2932 190 3000 Gaudia,
207 2935 316 2996 quibus
331 2935 454 3005 Deipara
467 2933 497 2985 in
510 2931 753 2998 Annuntiatione,
769 2930 951 3000 Visitatione‚
966 2935 1065 3004 Partu,
1080 2937 1158 2991 Ado-

74 3004 182 3060 ratione
204 3001 373 3078 Magorum,
389 3003 560 3059 Inventione
579 3002 654 3070 Filii,
669 3001 758 3056 buius
779 3002 1001 3060 Resurrectione
1020 3021 1048 3063 et
1067 3007 1158 3080 ipsius

75 3074 182 3133 divinae
201 3078 304 3132 Matris
318 3076 524 3146 Assumptione
537 3075 567 3128 in
585 3076 646 3130 Deo
666 3073 792 3128 Salutari
806 3091 861 3129 suo
874 3077 1046 3134 mirabiliter
1065 3078 1158 3134 exsul-

75 3147 148 3201 tavit.
170 3149 249 3203 Hinc
267 3147 377 3204 facturn
395 3160 447 3212 est,
468 3159 501 3200 ut
521 3146 647 3201 Romani
670 3144 827 3200 Pontifices
845 3163 907 3201 non
925 3151 1015 3204 modo
1035 3151 1159 3221 speciale

77 3216 188 3280 Festum
200 3222 319 3292 Septem
332 3218 514 3274 Gaudiorum
530 3219 635 3272 Beatae
651 3218 762 3271 Mariae
777 3217 905 3288 Virginis
920 3236 988 3274 curn
1005 3221 1110 3277 Officio
1125 3239 1161 3278 ae

77 3289 160 3344 Missa
176 3289 296 3364 propria
309 3291 456 3362 agendum
471 3289 604 3361 plurimis
617 3291 647 3342 in
662 3288 732 3342 locis
746 3289 940 3360 permiserint,
955 3297 1159 3349 verumetiam

78 3359 219 3418 Fratribus
241 3381 275 3418 ac
300 3363 457 3418 Sororibus
483 3360 574 3415 trium
595 3359 742 3415 Ordinum
770 3360 919 3431 Seraphici
943 3362 1037 3420 Patris
1059 3367 1157 3420 Nost-ri

76 3431 224 3504 Francisci,
252 3453 326 3506 quos
344 3434 419 3489 inter
443 3433 506 3506 ipsa
528 3433 643 3487 devotio
667 3430 761 3484 maius
781 3429 995 3488 incrementum
1016 3437 1158 3510 reperisse

76 3505 206 3574 noscitur,
224 3505 441 3577 Indulgentiam
453 3504 618 3558 Plenariam
632 3503 740 3575 pluries
753 3500 799 3556 vel
813 3503 914 3558 eadem
930 3505 975 3560 die
987 3507 1157 3563 lucrandam

76 3573 411 3646 benigneconcesserint.
630 3620 632 3625 .

108 3647 162 3702 Sed
186 3648 370 3704 humillimus
394 3649 510 3714 Orator,
538 3646 704 3719 expendens
731 3644 918 3700 devotionem
944 3665 1010 3719 erga
1038 3651 1156 3723 Septem

77 3716 176 3774 Beatae
197 3721 309 3776 Mariae
321 3719 449 3790 Virginis
462 3718 575 3774 Gaudia
586 3717 670 3772 nullo
683 3717 780 3770 adhuc
791 3717 934 3788 spirituali
950 3720 1031 3775 lucro
1045 3721 1157 3776 cunctis

77 3787 218 3847 Fidelibus
241 3792 393 3848 communi
414 3804 584 3846 exornatam
605 3806 677 3857 esse,
700 3789 885 3859 resciensque
906 3793 1012 3860 pariter
1034 3794 1157 3848 eandem

76 3859 250 3918 Gaudiorum
270 3865 419 3918 Coronam
442 3862 557 3934 publice
576 3861 606 3914 in
627 3860 764 3916 Ecclesiis
783 3860 933 3930 ipsiusmet
952 3862 1070 3918 Ordinis
1088 3881 1155 3920 cum

76 3930 196 3989 aliorum
227 3935 374 3989 Fidelium
407 3935 571 3988 interventu
605 3933 728 4000 recitari,
764 3932 932 4003 suppliciter
968 3935 1156 3991 sanctitatem

75 4000 202 4060 Vestram
224 4019 318 4079 rogat,
342 4017 376 4059 ut
397 4006 427 4060 in
449 4004 579 4061 favorem
605 4006 739 4058 Coronae
767 4003 949 4058 Gaudiorum
976 4023 992 4058 a
1018 4006 1156 4063 Ministro

77 4072 205 4132 Generali
227 4077 346 4134 Ordinis
368 4078 505 4132 Fratrum
527 4077 691 4144 Minorum,
712 4074 757 4130 vel
779 4075 815 4128 ab
834 4075 892 4129 alio
912 4076 1075 4137 Sacerdote.
1097 4079 1156 4134 sive

76 4148 207 4203 saeculari
225 4150 283 4205 sive
307 4148 444 4220 regulari,
458 4165 510 4221 per
533 4149 629 4220 ipsum
642 4147 811 4218 deputando
831 4146 998 4203 benedictae
1016 4149 1047 4202 in
1061 4149 1156 4206 forma

77 4215 216 4275 Ecclesiae
236 4232 385 4285 consueta,
406 4231 559 4292 sequentes
578 4219 716 4274 omnibus
735 4216 980 4273 Christitidelibus
999 4221 1157 4292 elargiatur

78 4285 276 4363 Indulgentias,
304 4293 335 4347 in
360 4303 534 4365 perpetuum
557 4291 696 4346 valituras
723 4302 751 4345 et
779 4289 809 4343 in
835 4288 1041 4346 defunctorum
1067 4293 1155 4348 etiam

1246 620 1347 678 optatur

1215 678 1368 739 untjormitas

1241 904 1374 962 Opportuna

1216 962 1359 1019 permittitur

1216 1018 1368 1077 dispensatio.
1397 1068 1400 1075 ,

1244 1399 1304 1445 Dias
1337 1399 1377 1452 (25

1154 1500 1156 1505 .
1216 1457 1359 1515 aug.1905).

1242 2724 1354 2771 Laudato
1399 2725 1401 2732 '

1213 2796 1300 2829 corona
1325 2788 1373 2840 sep·

1214 2845 1256 2885 tem
1272 2840 1372 2898 gaudia·

1213 2913 1273 2955 rum,

1240 3667 1321 3710 Petit
1332 3664 1370 3706 itt·

1211 3719 1342 3779 dulgentias

1208 3783 1252 3837 pra
1264 3779 1370 3824 omnibus

1206 3837 1323 3896 fidelibus.
