2959 4900
90 480 113 510 2.
127 462 189 510 Usar
198 478 233 510 re-

74 520 164 566 tannae
176 526 233 581 par·

73 582 117 623 tem
127 581 213 638 stipen-

72 635 166 683 aarum

72 695 200 741 missarum

72 765 130 858 puae
144 753 193 799 nlt'o

82 825 122 860 oco
131 812 185 858 nlo·

72 871 180 921 bruatur.
211 898 214 905 .

69 1503 92 1542 3.
103 1495 126 1541 U
126 1511 165 1542 sus
175 1495 230 1543 cele-

71 1554 158 1600 brandi
171 1557 232 1602 mis·

70 1625 110 1657 sas
120 1616 152 1657 aa
164 1615 203 1658 in·

71 1671 193 1716 tentionem

65 1729 176 1786 parochi,
188 1731 215 1775 t'n

69 1790 201 1846 compensa-

70 1845 165 1893 troam.

98 2226 196 2274 Orator.

77 2417 80 2425 .
96 2381 195 2423 Dubia.

93 2433 117 2480 I.
127 2434 156 2480 Μ
158 2448 184 2481 os
193 2447 228 2484 ce·

68 2489 199 2540 donatetu-

28 2583 29 2586 =
68 2557 228 2611 msyttaspro

68 2606 189 2655 alimentis

67 2870 174 2906 canusso
183 2863 219 2909 bi·

68 2918 181 2965 nanrtous

64 2978 133 3078 pippis
142 2979 225 3037 stipen-

96 3330 156 3376 Dies
166 3333 208 3403 (37

61 3385 125 3446 seor.
138 3393 215 3450 1900).

96 3486 223 3547 Responsa.

95 3653 171 3704 Adi.

94 3807 185 3858 Ain.

288 300 346 361 130
390 260 406 314 x
733 319 915 356 uouuuaurs

322 474 337 504 a
357 466 387 509 2⁰
405 454 452 509 Ad
473 453 687 528 providendum
706 452 846 509 honestae
866 469 936 510 suae
959 451 1176 520 sustentationi,
1198 452 1319 526 parochi
1335 453 1364 508 in

285 522 418 598 pluribus
428 525 567 582 dioecesis
576 525 649 582 locis
661 523 764 580 missas
774 533 838 580 non
845 523 876 579 in
890 523 1082 582 determinata
1090 523 1213 582 ecclesia
1223 523 1363 592 fundatas,

286 595 481 653 anniversaria
503 613 618 654 necnon
642 595 714 652 alias
737 595 842 652 missas
866 595 1018 654 manuales
1038 612 1116 670 quae
1143 612 1195 670 per
1221 613 1365 652 annuma

285 665 422 725 fidelibus
445 666 610 726 offeruntur
629 683 766 741 quaeque
790 667 912 741 parochi
937 683 1077 725 eorumve
1102 665 1201 724 vicarii
1223 667 1365 726 celebrare

284 751 445 820 nequeunt,
468 757 485 796 e
505 757 561 813 sug
579 752 644 796 estu
665 737 817 812 publicant
828 751 857 795 et
881 737 949 794 alibi
964 738 1104 796 celebrari
1124 749 1237 807 curant,
1257 751 1365 796 retenta

284 810 339 867 sibi
354 823 435 884 parte
454 757 589 886 stipentfii
602 828 657 883 pro
668 809 924 866 administratione
936 823 964 867 et
982 809 1193 882 publicatione.
1211 812 1264 880 lta,
1285 829 1313 867 v.
1327 828 1363 882 g.‚

284 899 339 955 pro
362 881 457 939 missis
478 899 555 956 quae
579 883 616 938 ad
640 882 671 938 S.
686 882 804 954 Congre
823 881 953 938 ationem
967 882 1072 954 quovis
1093 897 1194 938 mense
1212 882 1365 938 mittuntur

284 953 321 1008 ad
347 953 367 1010 f.
381 955 456 1023 0,60,
482 973 499 1010 a
521 952 656 1010 fidelibus
678 970 763 1026 saepe
788 899 910 1009 oilermr
936 952 1114 1028 stipendium
1138 953 1227 1009 unius
1252 951 1363 1010 floreni.

285 1025 391 1094 Quoad
399 1024 502 1081 missas
511 1024 647 1081 fundatas
657 1035 686 1080 et
695 1023 902 1090 anniversaria,
915 1041 992 1097 quae
1003 1041 1178 1100 perannum
1192 1023 1363 1091 offeruntur,

283 1095 356 1153 haec
369 1096 464 1171 praxis
486 1096 544 1156 lere
558 1095 725 1153 communis
745 1109 788 1152 est
800 1112 835 1152 ac
857 1094 967 1170 populo
982 1096 1062 1152 haud
1083 1113 1151 1152 raro
1165 1109 1245 1152 nota.
1263 1097 1365 1166 Quoad

284 1166 355 1225 alias
367 1167 469 1224 missas
481 1168 633 1225 manuales
656 1166 704 1223 hic
718 1183 790 1223 usus
814 1167 1003 1223 solummodo
1014 1168 1092 1242 viget
1106 1168 1136 1223 in
1152 1167 1306 1240 ,parochiis
1317 1167 1365 1222 ubi

283 1255 352 1295 cum
375 1255 521 1295 consensu
545 1237 694 1303 Ordinarii
713 1255 730 1294 e
755 1249 893 1311 suggestu
914 1238 1099 1321 publicatum
1123 1252 1166 1294 est
1187 1251 1299 1314 partem
1321 1238 1365 1294 sti-

283 1309 391 1384 pendii,
408 1310 463 1366 nisi
476 1309 577 1367 fideles
590 1311 716 1377 obstent,
732 1321 880 1366 retentum
893 1309 928 1366 ir1
942 1327 997 1384 pro
1010 1311 1222 1368 sustentatione
1237 1310 1364 1384 parochi,

283 1381 445 1454 missasque
456 1380 521 1438 aliis
535 1381 736 1463 sacerdotibus
751 1381 888 1438 dicendas
902 1381 1043 1438 traditum
1056 1381 1101 1439 iri.

318 1500 335 1532 «
349 1481 379 1536 30
392 1481 460 1536 Una
474 1481 599 1538 alterave
620 1481 702 1537 adest
715 1479 864 1606 parochia,
888 1481 940 1538 ubi
953 1479 1054 1538 vicarii
1078 1499 1181 1538 omnes
1194 1482 1254 1539 lete
1265 1481 1365 1538 missas

283 1551 320 1607 ad
332 1550 527 1634 intentionem
547 1551 669 1634 parochi
682 1569 713 1608 ce
726 1553 828 1633 ebrare
849 1553 964 1633 debent,
980 1553 1031 1628 qui
1054 1553 1095 1611 eis
1114 1565 1240 1636 praestet
1259 1553 1366 1634 victum

283 1634 312 1679 et
324 1635 485 1705 servitium,
499 1625 571 1680 dum
584 1640 639 1699 rpsr
663 1641 698 1680 ex
710 1641 823 1680 aerario
837 1623 976 1682 ecclestae
999 1625 1224 1682 determinatam
1236 1627 1365 1682 obtinent

283 1711 464 1768 pensronem.
478 1717 495 1748 s

320 1793 506 1866 Responsum
518 1803 561 1850 est
575 1813 582 1849 :
598 1791 726 1848 Attentis·
736 1791 884 1862 omnibus

318 1891 365 1945 Ad
379 1893 389 1945 l
404 1902 433 1947 et
446 1891 483 1946 ad
498 1892 552 1946 lll.
568 1886 823 1946 Consuetudinem
835 1888 981 1947 sustineri.

318 1986 364 2041 Ad
379 1986 418 2043 ll.
435 1988 504 2043 Non
518 1985 654 2044 sustineri
668 1996 696 2042 et
709 1986 747 2041 ad
760 1997 898 2042 mentem.

320 2097 374 2152 lll.
390 2095 577 2170 Rescriptum
590 2095 731 2169 127sebr.
749 2095 823 2165 1905
833 2095 874 2152 ad
885 2095 1065 2172 Episcopum
1078 2097 1109 2154 S.
1125 2098 1258 2155 Deodati
1270 2099 1295 2155 ².

319 2193 482 2267 Episcopus
501 2193 531 2250 S.
557 2192 680 2249 Deodati
702 2193 739 2248 ad
761 2192 849 2267 pedes
871 2193 1040 2251 Sanctitatis
1062 2196 1181 2252 Vestrae
1195 2196 1364 2270 provolutus

281 2264 447 2320 humillime
461 2264 579 2338 exponit
594 2285 600 2321 ε

319 2362 341 2415 l.
356 2361 423 2415 Mos
432 2359 556 2416 invaluit
569 2359 599 2414 in
610 2377 663 2416 sua
675 2360 802 2418 dioecesi
817 2373 850 2418 ut
864 2360 973 2418 Vicarii
987 2361 1065 2434 apud
1100 2362 1225 2419 arochos
1235 2361 1267 2420 in
1282 2363 1364 2418 domo

282 2430 393 2487 Curiali
417 2431 555 2513 degentes
576 2433 750 2515 pensionem
772 2449 833 2489 non
860 2445 981 2506 argento
1006 2379 1166 2504 exsofvant,
1192 2433 1241 2491 sed
1265 2434 1364 2491 missae

282 2520 352 2558 suae
370 2504 543 2568 cotidianae.
566 2521 627 2560 srve
647 2505 749 2572 lectae,
775 2504 834 2562 sive
854 2517 986 2561 cantatae
1001 2505 1219 2579 eleemosynam
1239 2507 1363 2579 parocho

281 2574 438 2631 dimittant.
451 2576 608 2645 Quaeritur
617 2587 718 2634 utrum
733 2594 798 2637 mos
812 2576 862 2633 ille
874 2576 953 2633 licite
967 2576 1059 2649 possit
1070 2577 1199 2635 retineri.

319 2673 357 2727 ll.
374 2672 481 2745 Vigore
493 2672 624 2746 plurium
640 2673 828 2728 lndultorum
848 2672 926 2729 idem
950 2672 1113 2747 Episcopus
1136 2674 1244 2731 Orator
1267 2691 1363 2731 conce·

282 2744 350 2799 dere
369 2755 465 2817 potest
487 2744 685 2800 sacerdotibus
697 2762 768 2801 suae
786 2744 927 2803 dioecesis
943 2744 1111 2801 facultatem
1124 2745 1283 2819 recipiendi
1297 2746 1363 2803 elee-

281 2823 437 2887 mosynam
449 2815 493 2871 vel
505 2832 560 2889 pro
573 2816 701 2871 secunda
722 2816 819 2883 missa,
842 2816 887 2873 vel
910 2833 964 2891 pro
983 2817 1078 2873 missis
1092 2817 1208 2875 dierum
1228 2816 1363 2875 festorum

281 2886 311 2940 in
325 2885 419 2942 Gallia
433 2904 667 2960 suppressorum‚
679 2888 841 2945 dummodo
857 2886 1022 2960 supradicta
1032 2889 1218 2963 eleemosyna
1230 2907 1286 2963 pro
1299 2905 1362 2945 suae

282 2957 421 3014 dioecesis
443 2958 580 3031 operibus
592 2958 648 3033 piis
662 2959 835 3033 applicetur.
860 2962 962 3026 Porro,
989 2960 1117 3033 vestigiis
1136 2962 1226 3017 trium
1246 2978 1362 3017 suorum

281 3042 498 3110 antecessorum
511 3030 675 3097 inhaerens,
691 3032 769 3087 idem
783 3031 890 3089 Orator
904 3030 1067 3105 Episcopus
1080 3032 1224 3089 concessit
1237 3032 1362 3089 sacerdo-

280 3102 368 3169 trbus‚
383 3113 415 3157 ut
429 3118 634 3174 quaecumque
647 3102 683 3158 sit
704 3104 908 3175 eleemosynae
931 3104 1088 3176 quantitas,
1103 3106 1139 3159 ad
1155 3104 1362 3161 cancellariam

282 3171 488 3246 Episcopalem
508 3191 570 3251 non
591 3173 723 3230 mittatur
746 3174 801 3230 nisi
824 3175 1010 3255 eleemosyna
1032 3193 1044 3231 s
1066 3174 1190 3241 nodatis,
1214 3176 1244 3231 id
1259 3176 1359 3234 estlib.

285 3246 354 3314 1‚50.
370 3245 528 3313 Quaeritur
541 3263 579 3301 an
594 3244 666 3301 haec
681 3245 820 3320 Episcopi
834 3262 984 3303 concessro
1000 3246 1037 3303 sit
1046 3194 1188 3319 legitima.

655 3354 708 3411 Die
723 3373 758 3427 27
771 3354 909 3412 februarii
926 3356 991 3429 1905

316 3452 347 3506 S.
361 3450 558 3523 Congregatio
572 3450 696 3507 Concilii
708 3450 875 3507 Tridentini
891 3453 1037 3525 Interpres
1047 3454 1205 3527 propositis
1217 3454 1312 3512 dubiis
1324 3452 1360 3508 ita

280 3522 520 3595 respondendum
532 3522 645 3578 censuit
658 3544 665 3578 ε

315 3619 362 3673 Ad
377 3621 399 3674 1.
413 3620 439 3674 A
438 3617 613 3693 ffirmative‚
628 3619 792 3675 dummodo
806 3632 834 3675 et
847 3637 1004 3694 quousque
1017 3638 1150 3679 excessus
1166 3622 1196 3678 in
1210 3624 1299 3679 modo
1313 3633 1359 3678 aut

280 3689 357 3745 alius
368 3691 477 3746 abusus
491 3708 552 3746 non
563 3689 675 3747 oriatur
690 3708 777 3765 super
792 3708 852 3763 quo
866 3691 1015 3749 Ordinarii
1028 3693 1082 3750 erit
1094 3693 1223 3767 vigilare.

315 3787 361 3842 Ad
376 3788 415 3843 ll.
427 3788 587 3862 Negative.

615 3881 796 3939 Vrucsurrus
811 3884 897 3942 Card.
914 3888 949 3944 E.
967 3888 1127 3951 praenest..
1142 3888 1324 3963 Praefectus.

777 3968 938 4028 Caietanus
951 3971 998 4028 De
1010 3972 1081 4039 Lai,
1095 3973 1292 4029 Secretarius.

308 4224 315 4257 1
327 4218 405 4264 ACTA
416 4216 442 4265 S.
457 4216 784 4276 San1s,t.37(1904·1905)‚
798 4232 824 4277 p.
840 4224 891 4275 524.

306 4284 360 4331 2111
372 4281 471 4333 Gallia.
