2959 4900
94 334 156 417 [41]
171 358 194 392 s,
205 357 261 392 rua.
272 358 296 393 c.
306 357 451 393 anabusnai
459 357 513 392 vac
521 356 682 392 ocaxnuunx
692 357 809 392 canaan.
820 355 929 390 sanata.
939 355 993 390 vas
1001 357 1102 392 canon.
1122 333 1177 396 ill

94 503 121 545 ut
133 507 240 546 omnes
253 507 288 545 ac
301 490 433 562 singulae
443 490 577 545 dicantur
587 507 655 544 cum
669 489 777 544 Gloria
792 506 819 544 et
832 489 946 553 Credo;
958 506 1070 561 semper
1083 499 1181 543 autem

94 562 242 616 habebunt
265 560 459 633 Evangelium
480 563 510 617 S.
536 561 655 616 loannis
676 561 707 615 in
728 560 797 618 fine.
822 560 901 615 iuxta
917 560 1066 616 Rubricas
1092 559 1181 616 Missa

94 646 189 687 tamen
203 632 354 688 sollemnis
364 633 476 689 dicatur
486 650 553 688 cum
564 632 650 687 unica
661 632 801 687 Oratione
814 653 820 687 ε
836 631 965 704 reliquae
975 649 1043 687 vero
1056 631 1182 704 privatae

94 721 158 829 cuni
186 704 325 784 omnibus
349 703 678 760 commemorationibus
706 703 937 772 occurrentibus,
965 704 1013 758 sed
1045 701 1182 758 Collectis

94 792 225 830 excusis

126 848 167 902 11.
190 847 311 901 Missam
325 845 497 901 sollemnem
513 846 677 919 impediunt
690 857 805 899 tantum
828 844 955 920 duplicia
978 844 1089 919 primae
1110 845 1181 899 clas-

94 917 137 974 sis.
169 917 358 990 eiusdemque
382 917 481 973 classis
508 918 772 982 Dominicae,.nec
797 934 857 971 non
882 917 979 984 feriae,
1008 914 1122 988 vigiliae
1154 927 1181 970 et

93 1002 208 1045 octavae
222 988 429 1061 privilegiatae,
444 1006 520 1060 quae
529 987 658 1061 praefata
670 987 798 1061 duplicia
813 989 980 1044 excludunt.
995 988 1098 1044 Missas
1112 1004 1181 1042 vero

93 1060 217 1133 privatas
240 1060 403 1134 impediunt
425 1061 514 1115 etiam
540 1059 674 1134 Duplicia
696 1060 840 1114 secundae
866 1059 973 1123 classis,
997 1071 1026 1114 et
1050 1059 1180 1114 eiusdem

93 1131 189 1186 classis
217 1133 397 1188 Dominicae.
429 1134 462 1186 ln
494 1132 538 1186 his
563 1146 662 1187 autem
691 1131 806 1186 casibus
835 1130 1045 1202 impedimenti.
1075 1131 1181 1185 Missae

49 1248 52 1256 .
94 1202 231 1258 dicendae
254 1216 322 1258 sunt
344 1205 379 1258 de
393 1217 563 1259 occurrente
577 1201 660 1266 festo,
674 1201 719 1257 vel
735 1201 898 1266 Dominica,
915 1202 1013 1257 aliisve
1026 1201 1129 1257 diebus
1148 1214 1181 1255 ut

93 1291 179 1356 supra
194 1273 392 1347 privilegiatis,
413 1275 510 1344 prouti
524 1274 596 1329 ritus
617 1274 673 1329 diei
687 1271 825 1344 postulat.
842 1275 875 1328 ln
898 1273 1069 1347 Duplicibus
1082 1286 1180 1327 tamen

93 1363 203 1418 primae
218 1346 317 1401 classis
330 1346 452 1401 addatur
468 1345 600 1401 Orationi
616 1345 672 1400 diei
685 1344 773 1400 unica
786 1345 1027 1400 commemoratio
1040 1345 1076 1400 de
1091 1345 1180 1399 Beato

92 1418 133 1471 vel
147 1418 256 1472 Sancto
270 1418 325 1472 sub
344 1417 429 1472 unica
455 1416 662 1472 conclusione:
685 1416 714 1470 in
734 1415 898 1488 duplicibus
920 1429 1016 1472 autem
1037 1416 1181 1473 secundae

94 1487 190 1542 classis
203 1488 337 1543 Orationi
351 1490 386 1544 de
399 1488 455 1556 die,
473 1489 526 1544 sub
540 1506 591 1544 sua
615 1488 750 1543 distincta
770 1487 969 1555 conclusione,
982 1487 1137 1543 addantur
1150 1486 1180 1541 in

93 1558 210 1632 privatis
233 1559 339 1626 Missis,
363 1573 477 1633 praeter
499 1559 671 1615 Orationem
694 1560 729 1614 de
754 1561 843 1615 Beato
865 1560 910 1614 vel
933 1560 1050 1626 Sancto,
1078 1575 1181 1613 omnes

93 1647 163 1703 quas
174 1629 246 1685 ritus
260 1631 303 1685 exi
326 1631 347 1686 it
360 1631 655 1686 commemorationes
668 1642 864 1697 occurrentes,
877 1630 1024 1699 Collectis,
1035 1641 1068 1684 ut
1081 1646 1178 1701 supra,

93 1701 224 1757 exclusis.
240 1649 379 1757 Similiter
401 1703 431 1757 in
445 1703 565 1774 reliquis
599 1701 766 1774 rivilegiatis
780 1702 882 1757 diebus
903 1702 1008 1757 Missae
1030 1701 1087 1756 sint
1100 1700 1180 1755 iuxta

94 1772 180 1827 ritum
192 1773 260 1836 diei,
275 1774 555 1829 commemoratione
590 1790 605 1829 e
625 1774 714 1828 Beato
733 1772 778 1828 vel
793 1775 900 1829 Sancto
913 1790 1027 1846 semper
1046 1789 1100 1827 suo
1114 1772 1180 1828 loco

93 1844 198 1899 addita.
216 1846 302 1912 Quod
319 1844 533 1900 Praefationem
547 1858 665 1918 spectat,
681 1857 832 1900 serventur
848 1845 1000 1900 Rubricae.

128 1926 181 1979 lll.
199 1927 233 1978 ln
244 1923 381 1979 Ecclesiis
390 1925 440 1980 ubi
460 1925 540 1980 adest
553 1941 629 1979 onus
641 1925 806 1980 celebrandi
820 1925 941 1979 Missam
949 1923 1179 1980 conventualem

94 1995 135 2049 vel
151 1995 353 2051 parochialem
367 2013 434 2051 cum
447 1995 641 2068 applicatione
656 2013 709 2068 pro
731 1998 853 2069 populo,
877 1994 1021 2051 eiusmodi
1042 1995 1131 2050 Missa
1144 1995 1179 2050 de

95 2079 263 2122 occurrente
278 2065 383 2122 Officio
397 2085 551 2139 nunquam
565 2067 726 2123 omittenda
739 2067 802 2122 erit.

128 2147 176 2200 lV.
197 2147 229 2201 Si
253 2142 437 2201 Pontificalia
460 2147 617 2202 Missarum
640 2148 677 2203 ad
698 2147 840 2202 thronum
866 2145 947 2214 fiant,
975 2145 1055 2200 haud
1080 2145 1178 2201 Tertia

95 2217 222 2272 canenda
235 2217 299 2282 erit,
316 2217 460 2290 Episcopo
475 2230 645 2291 paramenta
658 2232 801 2286 sumente,
817 2218 866 2272 sed
882 2218 965 2274 Hora
979 2219 1066 2272 Nona
1082 2237 1088 2273 ε
1104 2235 1179 2289 quae

95 2301 186 2343 tamen
202 2290 286 2344 Hora
295 2289 394 2344 minor
403 2291 439 2344 de
454 2291 544 2344 Beato
555 2289 600 2345 vel
612 2291 718 2345 Sancto
729 2306 844 2363 semper
854 2290 916 2357 erit,
924 2288 1059 2344 substitui
1073 2288 1178 2344 nihilo-

95 2358 186 2414 minus
200 2359 296 2415 eidem
311 2362 410 2416 Horae
423 2362 458 2417 de
471 2361 517 2416 die
532 2378 586 2434 pro
599 2361 795 2416 satisfactione
808 2379 865 2416 non
881 2361 996 2434 poterit.

127 2439 161 2494 V.
182 2439 323 2508 Quamvis
359 2440 466 2496 Missae
499 2459 612 2508 omneS,
639 2441 683 2497 vel
718 2441 847 2512 privatae
880 2454 1005 2510 tantum,
1044 2439 1176 2513 impediri

96 2511 210 2580 possint,
227 2529 341 2584 semper
354 2512 545 2581 nihilominus
558 2514 700 2568 secundas
712 2514 854 2586 Vesperas
867 2513 902 2568 de
915 2514 1004 2567 Beato
1015 2512 1061 2567 vel
1070 2514 1178 2569 Sancto

96 2580 292 2638 sollemniores
320 2582 413 2638 facere
435 2584 531 2640 licebit
552 2584 663 2656 absque
685 2585 746 2639 ulla
768 2584 1070 2639 commemoratione:
1102 2602 1177 2656 quae

95 2663 187 2707 tamen
202 2670 270 2708 cum
283 2654 371 2709 votivi
385 2655 526 2711 rationem
539 2656 672 2724 induant,
688 2674 741 2730 pro
756 2655 951 2711 satisfactione
965 2655 1103 2711 inservire
1117 2674 1177 2711 non

95 2735 237 2793 poterunt.

130 2794 177 2850 Vl.
197 2796 280 2851 Aliae
302 2795 467 2854 functiones
479 2797 697 2862 ecclesiasticae,
721 2810 836 2871 praeter
855 2798 1019 2866 recensitas,
1043 2798 1079 2853 de
1094 2798 1177 2854 Ordi-

95 2863 165 2944 narii
185 2884 340 2937 consensu,
365 2886 477 2942 semper
489 2868 597 2925 habere
609 2869 708 2924 locum
721 2882 869 2941 poterunt,
885 2870 928 2923 uti
953 2870 1084 2924 Homilia
1103 2871 1178 2925 inter

97 2935 247 2993 Missarum
269 2939 432 3007 sollemnia,
456 2939 499 2996 vel
513 2957 631 3012 vespere
644 2940 747 2997 Oratio
769 2940 952 3013 panegyrica,
976 2940 1117 3013 analogae
1139 2942 1176 2995 ad

96 3006 214 3064 Beatum
234 3011 279 3066 vel
303 3012 444 3067 Sanctum
463 3012 629 3067 fundendae
655 3030 763 3085 preces,
792 3012 923 3069 Litaniae
945 3013 1122 3085 lauretanae‚
1150 3026 1177 3067 et

97 3080 213 3136 maxime
244 3081 396 3138 sollemnis
427 3100 493 3138 curn
524 3084 691 3139 Venerabili
721 3084 899 3138 Benedictio,
929 3085 1081 3139 Postremo
1109 3100 1177 3139 vero

97 3149 190 3205 Tridui
204 3153 249 3208 vel
263 3153 381 3208 Octidui
403 3154 449 3209 die
473 3156 610 3225 Hymnus
637 3155 680 3210 Te
700 3155 796 3209 Deum
816 3172 884 3208 cum
903 3155 1030 3209 Tantum
1053 3172 1127 3228 ergo
1150 3166 1178 3209 et

98 3219 279 3300 Orationibus
300 3225 336 3279 de
358 3226 435 3281 ssmo
457 3226 646 3281 Sacramenta
669 3244 702 3282 ac
723 3243 777 3298 pro
792 3225 950 3297 gratiarum
972 3226 1097 3292 actione,
1121 3228 1177 3282 sub

98 3307 176 3347 unica
186 3294 384 3360 conclusione,
399 3296 579 3351 sollemniter
592 3298 800 3365 decantandus,
813 3314 966 3368 nunquam
979 3297 1139 3352 omittetur.

131 3371 192 3427 Vll.
213 3374 256 3428 Ad
270 3374 487 3430 venerationem
503 3388 601 3431 autem
621 3390 648 3431 et
670 3376 808 3448 pietatem
830 3376 860 3431 in
882 3377 1046 3432 novensiles
1073 3378 1177 3433 Beatos

99 3440 140 3494 vel
152 3443 268 3522 §anctos
279 3444 439 3516 impensius
452 3446 617 3510 fovendam,
633 3448 776 3503 Sanctitas
791 3440 858 3515 Sua,
871 3448 1022 3503 thesauros
1035 3448 1177 3505 Ecclssiae

100 3527 228 3584 aperiens,
251 3516 390 3571 omnibus
403 3530 430 3572 et
443 3518 565 3589 singulis
587 3518 739 3592 utriusque
763 3537 848 3575 sexus
871 3518 1107 3574 christifidelibus
1125 3520 1177 3593 qui

99 3599 158 3638 vere
186 3589 373 3665 paenitentes,
401 3589 523 3644 confessi
549 3607 582 3646 ac
603 3608 683 3645 sacra
705 3590 805 3663 synaxi
834 3590 943 3659 refecti,
970 3591 1105 3646 ecclesias
1132 3592 1176 3647 vel

100 3667 215 3736 oratoria
236 3659 365 3731 publica,
389 3660 543 3732 inquibus
565 3662 708 3732 praedicta
733 3663 868 3717 triduana
887 3662 931 3717 vel
951 3662 1106 3717 octiduana
1121 3664 1177 3718 sol-

101 3722 197 3807 lemnia
210 3745 394 3803 peragentur,
409 3731 596 3789 visitaverint.
612 3732 711 3804 ibique
724 3732 802 3787 iuxta
819 3746 947 3788 mentem
962 3734 1092 3789 eiusdem
1107 3734 1177 3789 San-

101 3806 194 3879 ctrtatxs
206 3802 281 3856 Suae
304 3820 355 3873 per
374 3804 494 3875 aliquod
516 3804 656 3875 temporis
670 3804 797 3876 spatium
819 3804 880 3877 pias
904 3805 939 3859 ad
963 3806 1056 3859 Deum
1078 3822 1178 3877 preces

101 3863 223 3938 fuderint,
249 3872 463 3945 indulgentiam
492 3875 653 3946 plenariam
680 3876 709 3930 in
735 3874 829 3929 forma
857 3875 1002 3931 Ecclesiae
1026 3888 1175 3945 consueta,

1264 847 1323 893 Dies
1350 848 1396 894 im-

1235 903 1333 962 peditat.

1236 961 1353 1021 Quisnam
1451 999 1452 1024 ,

1235 1022 1296 1066 ritus
1314 1024 1366 1067 tuna
1451 1041 1452 1076 t

1234 1076 1374 1126 servandus.
1451 1081 1452 1098 ¹

1262 1917 1288 1963 N
1290 1931 1300 1962 a
1309 1919 1379 1965 a'mit-

1235 1979 1300 2022 tatur
1311 1976 1339 2021 M
1343 1977 1393 2022 issa

1233 2032 1392 2081 conventualis

1233 2090 1267 2137 vel
1281 2091 1393 2150 paracli-

1234 2151 1290 2196 alis,

1262 2233 1336 2280 Hora
1354 2245 1394 2277 aa·
1453 2233 1454 2240 ’

1233 2290 1309 2340 nenda
1318 2293 1372 2336 anta

1183 2377 1185 2383 ·
1233 2346 1390 2407 Pontifiaalia

1233 2409 1368 2459 Missurum

1232 2466 1392 2515 adtaronum.
1434 2520 1441 2535 ¹

1258 2550 1322 2610 Quae
1337 2548 1394 2592 Vrs-

1229 2614 1298 2669 paraa
1309 2610 1365 2665 par-

1232 2668 1371 2715 mittantur.

1261 2808 1333 2855 Aliae

1227 2864 1361 2933 sanationes

1227 2932 1365 2986 permissae.

1252 3128 1277 3175 N
1279 3139 1308 3173 on
1322 3121 1391 3168 amit·

1233 3184 1312 3233 tendas
1321 3181 1391 3233 liam-

1231 3258 1275 3292 nus
1295 3240 1335 3287 Te

1232 3304 1332 3354 Deum,
1350 3298 1391 3343 ala.

1263 3392 1391 3451 Indulgen-

1232 3457 1288 3503 tiae.

103 3941 180 3994 semel
198 3942 377 4011 lucrandam,
399 3946 605 4027 applicabiletn
624 3964 744 4018 quoque
759 3946 923 4026 'animabus
951 3947 1016 4017 igne
1036 3947 1176 4019 piaculari
1255 3950 1257 3953 ’

103 4006 222 4081 detentis,
244 4016 370 4088 benigne
391 4018 543 4073 concedit:
568 4018 603 4072 irs
624 4036 693 4073 vero
715 4036 765 4089 qui
792 4019 878 4073 corde
904 4019 1005 4073 saltem
1038 4020 1174 4087 contrito,

103 4077 212 4164 durante
229 4098 361 4155 tempore
385 4089 548 4154 enuntiat0,
577 4089 652 4161 ipsas
678 4089 812 4145 ecclesias
837 4090 882 4144 vel
908 4089 1034 4144 oratoria
1060 4090 1177 4157 publica

104 4165 246 4215 inviserint.
261 4172 349 4230 atque
369 4159 398 4215 in
421 4160 455 4214 iis
468 4160 511 4214 uti
525 4177 613 4233 supra
626 4161 783 4224 oraverint,
799 4160 878 4215 indul
902 4162 1010 4215 entiam
1024 4161 1177 4233 partialem

104 4234 206 4301 centum
227 4228 340 4283 dierum
359 4232 448 4285 semel
462 4248 645 4310 unoquoque
666 4232 713 4286 die
735 4179 954 4305 acquirendam,
970 4232 1173 4305 applicabilem

106 4305 157 4358 pau
166 4298 248 4353 modo
258 4302 411 4356 animabus
420 4303 449 4355 in
460 4315 629 4375 purgatorio
645 4304 858 4370 exsistentibus
877 4304 1018 4375 indulget.
