2959 4900
305 313 365 373 llo
755 338 934 374 nonunnura

305 467 482 540 servatisque
500 467 658 537 servandis,
674 468 851 526 benedictae.
875 469 1036 526 Contrariis
1050 488 1111 527 non
1131 471 1314 528 obstantibus
1324 469 1380 542 qui·

305 540 497 611 buscumque.
523 538 727 595 Praesentibus
752 540 898 612 perpetuis
920 540 1026 597 futuris
1047 542 1227 614 temporibus
1251 540 1379 599 valituris.

304 609 450 666 Volumus
469 622 567 666 autem
581 621 614 664 ut
633 611 829 682 praesentium
843 611 1005 668 litterarum
1025 613 1227 669 authenticum
1246 611 1382 685 exemplar

304 681 516 737 transmittatur
528 682 567 736 ad
580 682 831 754 Indulgentiarum
845 683 1087 756 Congregationis
1107 685 1308 753 secretariam,
1321 682 1382 738 alio·

304 751 377 825 quin
398 764 563 824 praesentes
585 754 684 810 nullae
704 753 780 821 sint;
804 764 895 834 utque
919 755 990 811 item
1011 757 1209 828 praesentium
1230 756 1382 812 litterarum

305 824 494 897 transumptis
512 840 563 880 seu
579 823 728 896 exemplis,
744 825 832 880 etiam
853 826 1010 898 impressis,
1026 843 1118 882 manu
1138 827 1266 883 alicuius
1280 824 1383 882 Notarii

304 894 413 968 publici
427 895 596 969 subscriptis
611 906 639 952 et
653 895 749 967 sigillo
762 912 903 968 personae
916 897 947 952 in
967 896 1158 954 ecclesiastica
1170 898 1314 971 dignitate
1325 913 1382 952 con·

305 966 422 1022 stitutae
435 967 565 1034 munitis,
580 967 683 1023 eadem
696 983 816 1040 prorsus
827 966 900 1024 fides
913 968 1095 1038 adhibeatur,
1116 985 1191 1043 quae
1206 969 1383 1025 adhiberetur

304 1037 373 1109 ipsis
385 1037 595 1110 praesentibus
611 1037 634 1093 si
647 1038 744 1094 lorent
757 1037 902 1094 exhibitae
914 1038 959 1096 vel
972 1050 1115 1096 ostensae.

98 1155 99 1160 ,
120 1133 179 1180 Μ,
212 1133 253 1190 (15
343 1110 450 1164 Datum
477 1110 589 1166 Romae
611 1109 690 1182 apud
715 1110 746 1167 S.
773 1110 901 1178 Petrum,
930 1112 985 1167 sub
1005 1110 1115 1167 anulo
1151 1111 1318 1181 Piscatoris,
1343 1109 1382 1165 die

91 1194 146 1249 rapt.
171 1191 249 1248 1905).
305 1199 341 1236 xv
355 1180 525 1253 septembris
539 1197 631 1248 ncnv,
649 1179 838 1237 pontificatus
852 1182 953 1237 Nostri
966 1199 1044 1238 anno
1054 1183 1150 1242 tertio.

912 1266 970 1320 Pro
985 1267 1040 1320 Duo
1050 1266 1137 1321 Card.
1152 1267 1287 1326 Manent.

854 1335 1000 1392 Nicotaus
1012 1336 1141 1406 Marini,
1155 1337 1343 1394 substitutus.

121 1476 194 1522 Breve
344 1455 545 1512 Praesentium
555 1455 719 1511 litterarum
738 1455 942 1512 authenticum
954 1457 1105 1529 exemplar
1122 1458 1328 1515 transmissum
1340 1456 1385 1512 fuit

93 1535 216 1580 transmit·
305 1527 341 1582 ad
356 1521 635 1583 hanc'Secretariam
648 1527 677 1583 S.
692 1526 725 1585 C.
749 1527 941 1599 indulgentiis
956 1529 1109 1601 Sacrisque
1124 1530 1257 1603 Reliquis
1276 1545 1385 1603 praepo·

91 1603 142 1636 Μ’
166 1589 198 1636 ad
221 1591 249 1639 S·
306 1598 386 1654 sitae.
404 1599 438 1653 ln
451 1615 581 1671 quorum
593 1596 692 1661 fidem,
709 1611 763 1653 etc.

93 1647 180 1705 Congr.
343 1671 451 1724 Datum
466 1671 586 1738 Romae,
601 1685 636 1723 ex
648 1669 750 1724 eadem
763 1670 933 1736 Secretaria,
947 1670 995 1725 die
1013 1671 1043 1726 18
1056 1670 1228 1742 septembris
1246 1672 1324 1744 1905.

720 1740 759 1795 D.
774 1741 893 1811 Panici,
910 1741 1054 1815 Archiep.
1068 1742 1232 1798 Laodicen.
1248 1748 1355 1800 Secret.

734 1899 962 1956 Auuornrronns

344 2048 366 2083 1.
389 2027 487 2098 Binas,
502 2028 560 2084 fere
574 2028 678 2084 eodem
699 2041 841 2101 tempore,
856 2045 1008 2085 concessas
1028 2031 1228 2092 observamus¹
1241 2030 1386 2102 indulgen·

303 2101 412 2155 tiarum
425 2099 531 2155 series:
556 2100 678 2173 priores,
693 2101 786 2172 magis
808 2112 972 2169 consuetas,
986 2117 1022 2156 ex
1044 2100 1192 2157 audientia
1216 2098 1386 2157 sanctissimi

304 2189 356 2245 per
372 2173 402 2226 S.
415 2171 449 2229 C.
465 2172 617 2243 Indulg.,1
637 2170 741 2227 alteras
762 2170 855 2243 magis
877 2172 1026 2243 speciales,
1042 2173 1148 2228 directa
1166 2171 1325 2229 Pontifices
1339 2173 1386 2227 lar-
1444 2210 1445 2223 .

304 2243 415 2315 gitione
428 2258 461 2297 ex
478 2243 666 2314 Apostolicae
678 2241 828 2315 potestatis
842 2240 1032 2315 plenitudine.

340 2332 366 2369 2.
390 2315 483 2370 Porro
498 2313 701 2386 Indulgentiae
714 2325 911 2369 annectuntur
923 2314 1087 2370 recitationi
1105 2327 1193 2386 atque
1206 2312 1386 2371 asservationi

304 2401 431 2441 coronae
444 2402 519 2458 quae
532 2402 549 2439 a
562 2397 671 2459 septem
693 2384 812 2441 Gaudiis
831 2384 1003 2457 appellatur,
1019 2386 1088 2459 quia
1107 2397 1217 2458 septem
1236 2384 1387 2441 concrescit

252 2516 255 2521 ,
304 2457 461 2513 decadibus
475 2468 487 2494 ²
500 2457 536 2511 ad
556 2456 710 2513 recolenda
733 2469 844 2530 septem
858 2457 970 2513 Gaudia
985 2457 1092 2538 quibus
1107 2458 1138 2512 in
1159 2469 1272 2529 septem
1285 2473 1386 2513 memo·

252 2580 254 2585 .
304 2528 373 2583 ratis
387 2527 532 2600 mysteriis
546 2530 579 2584 B.
600 2528 636 2583 V.
652 2532 694 2585 M.
709 2540 752 2584 est
765 2527 890 2599 perfusa.
906 2530 985 2584 lnter
997 2527 1192 2601 indulgentias
1205 2528 1275 2585 istas
1288 2528 1386 2599 pretio

304 2599 417 2655 sissima
429 2597 560 2671 profecto
582 2598 705 2655 habetur
721 2599 864 2672 plenaria
886 2617 961 2671 quae
973 2598 1111 2672 quotiens
1130 2616 1241 2654 corona
1260 2599 1387 2655 recitetur
1443 2599 1444 2660 ξ

304 2670 420 2738 totiens,
437 2668 519 2726 nullo
532 2670 590 2726 alio
603 2669 701 2725 addito
712 2686 810 2743 opere,
823 2682 867 2727 est
876 2687 1014 2727 concessa
1024 2671 1139 2726 indulto
1151 2671 1259 2726 Lnours
1269 2672 1304 2741 X,
1313 2669 1387 2743 quod
1443 2681 1444 2726 ζ

307 2743 425 2797 Paucos
447 2743 473 2796 V
494 2741 643 2813 abrogavit
662 2743 739 2808 1606,
755 2741 880 2798 restituit
893 2755 991 2797 autem
1014 2742 1093 2811 1608,
1108 2755 1136 2797 et
1149 2743 1231 2814 quod
1253 2743 1290 2797 ab
1310 2744 1387 2797 luno·
1443 2777 1444 2782 .

304 2829 409 2868 caurio
421 2815 461 2869 Xl
478 2812 687 2869 confirmatum
699 2826 741 2869 est
754 2813 933 2869 declaratum
945 2812 1148 2869 authenticum
1161 2830 1178 2867 a
1189 2813 1219 2868 S.
1231 2813 1266 2870 C.
1278 2812 1386 2883 Indulg.

305 2884 408 2948 (Decr.
423 2884 504 2940 auth.
519 2902 549 2940 n.
565 2892 641 2957 412).
658 2884 745 2940 Hanc
757 2896 855 2940 tamen
869 2897 901 2939 ut
915 2884 1066 2940 lucrentur
1080 2884 1190 2951 fideles,
1207 2901 1282 2957 opus
1296 2894 1337 2940 est
1348 2894 1385 2948 ut,

306 2955 454 3013 Fratribus
481 2955 526 3012 vel
553 2955 710 3012 Sororibus
736 2955 856 3012 Ordinis
889 2955 1075 3011 Franciscani
1108 2954 1221 3023 sociati,
1259 2954 1387 3037 publicae

304 3027 438 3083 intersint
459 3026 621 3083 recitationi
643 3027 736 3082 dictae
763 3044 888 3083 coronae
912 3025 943 3081 in
969 3026 1069 3099 aliqua
1095 3043 1131 3083 ex
1152 3026 1282 3083 ecclesiis
1302 3026 1387 3080 trium

305 3098 452 3153 Ordinum
465 3098 615 3171 Seraphici
631 3098 732 3155 Patris.
1118 3151 1121 3158 ,
1442 3143 1443 3148 ,

342 3170 492 3225 Debentne
515 3182 663 3241 praeterea
684 3168 738 3223 rite
760 3168 942 3224 benedictam
964 3168 1101 3223 manibus
1113 3167 1222 3223 habere
1243 3182 1385 3224 coronam.

303 3252 337 3294 ut
360 3261 375 3290 «
398 3240 428 3294 in
450 3241 588 3295 omnibus
616 3239 788 3311 supradictis
813 3240 927 3311 pietatis
948 3239 1087 3313 operibus
1107 3239 1162 3295 rite
1185 3237 1349 3295 exercendis
1372 3257 1385 3286 »

304 3311 528 3384 praescribitur?
543 3313 586 3366 lta
599 3322 703 3384 putant
724 3311 922 3367 Rouornnorr³
942 3322 969 3367 et
983 3312 1135 3365 Brurncna
1146 3321 1168 3368 4.
1190 3310 1284 3366 Nobis
1295 3320 1386 3363 autem

304 3400 365 3439 non
387 3395 510 3452 constat,
535 3400 603 3447 cum
625 3381 788 3453 supradicta
810 3385 898 3438 verba
918 3382 1069 3449 referenda
1090 3382 1244 3436 videantur
1263 3381 1298 3436 ad
1315 3378 1386 3435 solas
1441 3403 1442 3406 ¹

303 3454 500 3526 indulgentias
520 3470 595 3525 quae
617 3452 752 3509 fidelibus
776 3470 919 3509 coronam
943 3452 1130 3510 recitantibus
1155 3468 1207 3508 seu
1229 3450 1385 3509 tenentibus

303 3525 412 3580 directe
425 3526 635 3581 conceduntur.
1113 3588 1116 3593 ,

341 3598 383 3652 De
408 3596 461 3651 ista
486 3613 595 3653 corona
614 3595 700 3669 plura
722 3595 867 3651 habentur
886 3595 991 3651 sivein
1015 3611 1034 3650 o
1055 3611 1103 3651 ere
1127 3596 1280 3649 Bramonrt
1290 3593 1309 3656 ⁵,
1330 3592 1385 3646 sive

303 3668 381 3739 apud
405 3666 604 3723 Bouurnrrou⁶
624 3666 675 3738 qui
696 3667 795 3723 laudat
813 3683 887 3739 opus
911 3668 947 3723 R.
964 3668 995 3721 P.
1048 3681 1234 3734 necteremur,
1253 3661 1385 3721 collectio

332 3892 340 3925 1
358 3890 417 3937 Has
428 3889 553 3937 dedimus
564 3902 656 3949 supra,
668 3903 695 3937 n.
709 3896 757 3951 92,
768 3903 796 3948 p.
808 3907 846 3947 41.

330 3958 341 3991 2
357 3957 430 4003 Usus
440 3954 524 4003 habet
541 3955 659 4003 addendi
678 3955 733 4003 duo
751 3956 907 4011 Aciliano,
927 3961 958 4004 ut
968 3972 996 4012 72
1015 3958 1074 4004 Ave
1086 3954 1176 4003 Maria
1186 3954 1347 4003 honorentur
1357 3964 1381 4004 72

303 4022 367 4068 anni
378 4035 454 4082 quos,
467 4027 497 4069 ut
507 4021 552 4081 pie
563 4020 662 4079 ferunt,
675 4022 707 4070 B.
720 4022 754 4068 V.
768 4022 807 4068 M.
819 4020 865 4068 hic
876 4021 904 4068 in
916 4027 988 4070 terra
1001 4020 1102 4083 deguit.

331 4090 341 4123 ³
357 4088 517 4135 Cauoursrn
528 4099 755 4143 concentonem,
768 4091 788 4134 t.
802 4095 829 4135 28
841 4090 918 4145 (1905)
928 4101 956 4146 p.
969 4094 1018 4144 675.

331 4156 342 4189 t
359 4154 407 4201 Die
416 4154 523 4210 Ahldsse,
536 4154 579 4202 ed.
593 4162 628 4210 13,
641 4167 668 4212 p.
682 4161 732 4211 824,
746 4167 773 4201 n.
786 4160 823 4202 23.

332 4223 342 4255 5
361 4220 393 4267 L.
406 4232 430 4266 c.

330 4288 341 4320 6
358 4286 391 4331 L.
405 4298 429 4331 c.
