2959 4900
16 188 18 255 t

138 259 293 337 148.149]
324 282 453 321 sociaris
468 283 503 318 ss.
522 283 639 318 rossan.
657 282 807 343 accensum
821 280 1037 317 rnnrtanroaun
1052 279 1117 316 ss.
1152 256 1206 318 t5t

154 417 250 502 149.
275 468 316 479 -
339 431 374 500 s.
400 428 543 500 corta.
566 429 722 500 rruutr.
747 429 799 498 tt
822 429 882 536 ss
911 426 1175 498 astruuntur

230 577 441 633 rnourrun
457 578 514 632 aar
530 550 756 633 Auoronrra
776 576 860 643 ssu,
879 577 899 630 a
916 576 1009 631 Auo.
1029 574 1111 629 1906

193 704 247 759 De
267 704 435 761 Ecclesiis
454 706 493 760 et
511 704 687 761 oratoriis
706 697 855 775 quornm
875 716 995 759 curam
1014 702 1150 761 habent

425 787 606 847 ¹'l'ertiatrii
624 787 786 859 religiosi
805 786 840 844 S.
862 784 900 842 F.
1089 791 1094 799 “
1149 784 1152 788 ’

160 921 215 975 Per
243 921 400 977 Decretum
425 920 513 975 huius
536 921 565 979 S.
587 920 828 992 Congregationis
849 917 1041 991 Indulgentiis
1061 915 1215 987 Sacrisque

125 991 266 1063 Reliquiis
280 992 469 1073 praepositae,
487 992 545 1053 sub
560 992 606 1047 die
626 992 659 1047 28
679 989 793 1071 augusti
816 992 895 1063 1903,
921 1005 1092 1046 concessum
1111 998 1162 1067 est,
1183 997 1216 1041 ut

122 1062 336 1118 Tertiariorum
350 1081 380 1118 tn
394 1062 605 1118 communitate
623 1064 784 1117 viventium
802 1076 831 1118 et
849 1075 917 1117 vota
930 1060 1071 1131 simplicia
1086 1070 1216 1114 emitten-

122 1133 197 1189 tium
219 1133 366 1189 Ecclesiae
384 1145 436 1189 aut
455 1134 590 1190 Oratoria
610 1134 726 1207 publica
745 1134 849 1189 iisdem
868 1131 1056 1203 indulgentiis
1070 1130 1216 1201 gaudeant

123 1205 233 1275 quibus
247 1204 437 1276 perfruuntur
460 1204 607 1260 Ecclesiae
621 1216 672 1259 aut
685 1205 820 1259 Oratoria
832 1204 949 1276 publica
961 1200 1110 1275 respectivi
1129 1200 1215 1273 primi

123 1288 150 1331 et
163 1276 285 1331 secundi
298 1276 425 1332 Ordinis
437 1277 539 1332 Altero
555 1276 622 1331 dein
637 1278 768 1343 Decreto,
784 1277 839 1331 sub
849 1275 896 1332 die
909 1294 942 1329 22
955 1274 1051 1329 martii
1069 1272 1217 1344 1905,'hoc

123 1347 273 1401 indultum
300 1348 330 1401 in
356 1347 485 1403 favorem
511 1346 720 1402 Tertiariorum
747 1358 776 1401 et
800 1364 993 1419 personarum
1012 1362 1081 1403 cum
1099 1344 1168 1414 ipsis
1186 1342 1216 1396 in

124 1418 335 1544 commusstlitate
354 1418 523 1491 degentium
542 1430 694 1474 extensum
715 1417 771 1472 fuit
789 1418 877 1474 etiam
896 1419 933 1473 ad
952 1433 1056 1473 eorum
1081 1413 1217 1469 Oratoria

125 1506 196 1545 semi
219 1507 239 1542 u
274 1506 327 1544 rea.

160 1507 250 1615 Ntinc
268 1577 337 1615 vero
363 1561 539 1615 Procurator
558 1559 707 1615 Generalis
736 1559 855 1615 Ordinis
882 1560 939 1614 FF.
970 1558 1215 1631 Capuccinorum‚

125 1631 256 1704 inspecto
269 1635 395 1689 Decreto
408 1632 496 1686 huius
511 1632 540 1689 S.
558 1630 799 1703 Congregationis
812 1631 866 1686 sub
878 1631 926 1685 die
940 1632 971 1687 18
985 1630 1100 1701 augusti
1115 1628 1180 1684 1868
1195 1640 1216 1695 1,

124 1702 279 1761 dubitavit.
294 1720 332 1757 an
344 1702 514 1757 huiusmodi
528 1703 641 1756 indulta
661 1702 772 1773 possint
791 1702 879 1758 etiarn
894 1702 1009 1757 extendi
1022 1702 1059 1756 ad
1075 1699 1219 1756 Ecclesias

125 1786 153 1827 et
174 1772 310 1828 Oratoria
331 1774 446 1846 publica
471 1774 515 1829 vel
534 1774 724 1845 semipublica
747 1790 851 1829 eorum
877 1774 1080 1828 institutorum
1099 1771 1219 1839 (scilicet

124 1844 396 1913 Xenodochiorum,
425 1843 764 1918 Orphanotrophiorum,
792 1845 1015 1916 Collegiorum),
1049 1859 1135 1915 quae,
1166 1840 1219 1897 etsi

124 1932 188 1970 non
201 1916 259 1970 sint
271 1916 301 1969 in
315 1933 382 1970 vera
396 1916 573 1987 proprietate
586 1916 717 1988 ipsorum
735 1916 957 1982 Tertiariorum,
976 1918 1013 1969 ab
1032 1914 1101 1985 ipsis
1120 1926 1220 1968 tamen

125 1987 341 2054 custodiuntur,
357 1987 408 2057 qui
424 2003 526 2041 eorum
542 2004 643 2042 curam
655 1987 765 2042 habent
779 1987 980 2059 temporalem,
992 1998 1020 2041 et
1034 1986 1110 2040 iniis
1125 2000 1220 2040 sacras

124 2056 291 2113 functiones
304 2057 362 2111 sive
373 2059 487 2130 publice
501 2058 559 2112 sive
571 2058 706 2131 privatim
720 2056 864 2113 exercent.
1141 2093 1143 2096 -

162 2129 261 2196 Quare
276 2129 425 2199 sequentia
439 2129 526 2183 dubia
540 2129 691 2201 proposuit
704 2130 867 2184 dirimenda
882 2150 888 2183 ι

161 2201 184 2253 Ι.
206 2200 252 2252 An
264 2198 421 2264 indultum,
433 2217 484 2273 per
497 2204 655 2257 Decretum
668 2202 723 2255 sub
735 2200 782 2255 die
797 2219 830 2255 22
842 2199 938 2255 martii
952 2200 1018 2271 1905
1035 2215 1215 2260 concessum,
1238 2233 1241 2237 ι

126 2271 299 2325 extendatur
312 2270 349 2325 ad
364 2271 507 2326 Ecclesias
518 2283 547 2326 et
560 2272 694 2326 Oratoria
709 2271 827 2344 publica
844 2271 888 2327 vel
909 2270 1100 2343 semipublica
1115 2286 1220 2325 eorum
1244 2288 1247 2292 ·

128 2341 333 2397 Institutorum
353 2342 634 2411 (Xenodochiorum,
652 2342 990 2414 Orphanotrophiorum.
1006 2342 1217 2412 Collegiorum.

126 2424 195 2477 etc.)
207 2412 359 2485 quae‘non
379 2414 524 2485 pertinent
542 2414 578 2468 ad
601 2413 760 2470 Tertiarios
779 2415 952 2486 praedictos,
973 2430 1103 2485 quorum
1121 2424 1220 2467 tamen

127 2501 199 2539 cura
223 2483 267 2539 vel
293 2484 449 2556 spiritualis
472 2485 518 2540 vel
538 2486 708 2557 temporalis
729 2486 783 2550 tuti
805 2487 895 2543 relate
915 2487 952 2542 ad
972 2484 1221 2557 Congregationes

128 2557 273 2610 Sororum
287 2555 463 2626 verificatur)
478 2556 558 2612 hisce
571 2557 720 2612 Tertiariis
736 2559 903 2613 concredita
917 2557 979 2613 esti
1001 2574 1006 2582 ·

166 2628 203 2681 Et
217 2638 360 2698 quatenus
375 2627 507 2697 negative
522 2649 528 2683 :

165 2698 205 2752 ll.
221 2701 268 2751 An
283 2715 344 2753 non
363 2698 495 2768 expediat
507 2699 676 2769 concedere,
690 2711 723 2754 ut
743 2697 836 2754 dictae
857 2698 1003 2754 Ecclesiae
1021 2697 1066 2752 vel
1088 2695 1222 2753 Oratoria

128 2768 188 2823 sive
213 2769 338 2838 publica,
367 2770 425 2824 sive
448 2769 536 2825 etiam
562 2771 762 2850 semipublica,
792 2773 897 2825 eodern
922 2770 1036 2823 indulto
1063 2769 1220 2839 gaudeant,

129 2841 233 2895 saltem
255 2839 286 2894 in
307 2839 436 2896 favorem
457 2841 602 2897 dictorum
623 2842 837 2897 Tertianorum
858 2855 885 2896 et
907 2857 1100 2912 personarum
1119 2856 1222 2894 eorum
1254 2873 1257 2876 ·

130 2928 217 2966 curae
230 2911 474 2980 concreditarunt,
495 2925 546 2968 aut
564 2929 633 2968 cum
650 2913 719 2985 ipsis
733 2914 788 2968 sub
800 2914 904 2967 eodem
923 2925 1000 2967 tecto
1014 2911 1220 2974 habitantium,

129 3000 167 3037 ne
189 2983 402 3037 Tertiariorum
424 2983 512 3055 longe
530 2984 625 3039 maior
649 3001 713 3055 pars
732 2984 866 3058 plurimis
888 2983 1016 3054 privetur
1034 2980 1223 3053 indulgentiis

131 3053 280 3124 respectivi
292 3053 379 3126 primi
392 3066 421 3110 et
434 3055 553 3110 secundi
568 3055 705 3110 Ordinisl

124 3191 126 3195 ι
167 3126 222 3180 ΙΙΙ.
243 3126 291 3178 An
318 3141 379 3180 non
408 3127 540 3196 expediat
562 3127 722 3199 indulgere,
743 3137 776 3181 ut
794 3126 927 3182 membra
953 3122 1245 3195 congregationum,

130 3195 222 3252 Tertii
238 3195 356 3250 Ordinis
371 3195 401 3250 in
417 3198 559 3252 institutis
583 3199 638 3264 (ex.
659 3214 701 3268 gr.
718 3197 927 3264 Xenodochiis,
946 3193 1221 3266 orphanotrophiis,

133 3266 256 3336 Scholis,
271 3269 338 3336 etc.)
358 3268 500 3339 degentia,
523 3269 552 3323 in
572 3268 678 3340 quibus
691 3286 753 3324 non
766 3268 907 3323 exsistunt
927 3267 1073 3323 Ecclesiae
1090 3278 1141 3320 aut
1155 3265 1225 3319 Ora·

132 3339 206 3394 toria
231 3355 286 3408 nec
312 3339 429 3409 publica
455 3356 509 3394 nec
535 3339 732 3411 semipublica,
758 3341 865 3395 lucrari
889 3341 1004 3395 valeant
1029 3337 1225 3407 indulgentias

135 3409 274 3472 Ecclesiis
287 3409 332 3464 sui
346 3411 432 3478 primi
446 3425 474 3465 et
489 3411 609 3465 secundi
623 3411 741 3466 Ordinis
756 3427 917 3478 concessaS,
933 3427 967 3465 ea
980 3409 1163 3474 condicione,
1180 3419 1223 3471 ut,

134 3481 199 3536 loco
216 3481 363 3536 Ecclesiae
376 3493 425 3536 aut
439 3481 565 3536 Oratorii
586 3482 671 3554 primi
698 3496 726 3536 et
745 3482 865 3537 secundi
880 3483 1008 3544 Ordinis
1028 3479 1225 3550 parochialem

135 3552 297 3607 Ecclesiam
320 3551 445 3609 visitent.
467 3570 536 3608 cum
559 3553 693 3608 Tertiarii
712 3553 875 3608 saeculares
901 3553 931 3608 S.
959 3551 1104 3607 Francisci
1132 3550 1226 3605 simile

136 3622 319 3694 privilegium
329 3622 510 3679 obtinuerint
522 3625 619 3694 (Decr.
634 3625 665 3679 31
678 3625 736 3680 ian.
758 3625 855 3696 1893)t

154 3694 220 3749 -lV.
245 3695 329 3748 quta
353 3694 552 3750 summarium
582 3694 834 3767 Indulgentiarum
859 3693 964 3750 Ordini
990 3694 1048 3749 FF.
1074 3692 1227 3748 Minorum

137 3765 373 3837 Capuccinorum
388 3781 600 3834 concessarum,
612 3767 648 3821 ab
663 3767 718 3822 hac
731 3769 761 3826 S.
774 3767 1008 3839 Congregatione
1019 3764 1224 3837 approbatum,

137 3837 267 3900 «Altam
281 3837 378 3890 Maius
391 3836 525 3891 omniurn
540 3836 736 3893 Ecclesiarum
755 3838 873 3894 Ordinis
885 3838 992 3909 gaudet
1011 3835 1160 3908 privilegio
1179 3851 1227 3890 co·

137 3907 250 3964 tidrano
263 3922 316 3979 pro
333 3906 429 3962 Missis
443 3925 518 3980 quae
532 3909 562 3962 in
575 3909 679 3964 eodem
693 3910 929 3975 celebrabuntur,
943 3922 997 3965 etc.
1011 3928 1028 3958 n
1041 3907 1102 3961 lam
1114 3905 1228 3978 quaeri·

137 3991 192 4046 tur,
209 3991 311 4033 utrum
326 3979 384 4033 hoc
400 3976 588 4051 privilegium
601 3981 629 4034 vi
646 3981 758 4037 Decreti
769 3981 858 4036 huius
869 3980 899 4035 S.
912 3977 1155 4051 Congregationis
1169 3976 1227 4032 diei

139 4067 171 4102 22
196 4049 292 4105 martii
321 4050 388 4122 1905
415 4050 502 4105 etiarn
527 4065 679 4106 extensum
701 4052 789 4108 fuerit
807 4052 843 4107 ad
863 4051 953 4108 altare
979 4051 1074 4105 maius
1100 4048 1228 4105 Oratorii

139 4119 319 4192 semipublici
330 4123 598 4194 congregationum
610 4122 822 4178 Tertiariorum
833 4124 845 4178 l

169 4287 177 4321 t
192 4287 289 4335 Decreta
299 4289 404 4348 authent.
417 4302 444 4336 n.
457 4305 509 4347 424·
522 4289 614 4338 Causa
625 4292 684 4336 erat
695 4288 757 4337 Soc.
770 4288 822 4335 les.
846 4345 849 4351 Α

1297 934 1421 981 Memora-

1271 994 1301 1040 tt's
1320 991 1417 1039 decretis

1269 1051 1397 1109 superiori·

1269 1110 1320 1165 ins,

1303 2129 1420 2187 Proponit

1275 2189 1371 2231 dubia.

1304 2263 1341 2308 De
1359 2265 1436 2308 exten-

1274 2316 1436 2365 sionelndulte'

1266 2370 1306 2423 'aa
1317 2376 1435 2423 Ecclesias

1275 2450 1322 2483 non
1338 2439 1394 2494 pro.

1272 2497 1351 2554 prior.

1305 2710 1410 2765 Petitqne

1276 2773 1431 2814 extensionem

1275 2833 1387 2883 qnatenus

1277 2890 1331 2941 opus
1342 2886 1383 2936 stt,

1305 3129 1339 3175 Et
1356 3127 1388 3174 ad
1404 3141 1440 3173 ec·

1277 3187 1372 3234 elesiom
1381 3191 1420 3244 pa·

1278 3242 1403 3292 entitatem
1414 3244 1440 3289 in

1278 3308 1339 3350 terto
1355 3315 1418 3348 casn.

1309 3695 1346 3741 De
1365 3692 1440 3739 attari

1278 3749 1431 3813 privilegiato

1281 3813 1308 3857 t'n
1325 3809 1432 3856 oratorio

1281 3864 1436 3926 tarentino.
