2959 4900
231 312 269 345 AN
286 308 434 346 DUBIORUM
449 308 566 344 SOLUTIO
582 309 600 342 Δ
615 306 638 341 S.
655 284 724 341 SEDE
739 306 782 343 SIT
798 306 884 341 sam
899 307 1028 342 PETENDA
1135 284 1175 347 99
1275 286 1278 292 ¹

90 456 228 532 rogetur
245 458 363 510 autern
386 463 493 531 quam
516 439 702 526 rarissime,
728 456 762 509 et
788 440 832 507 de
855 440 897 507 iis
924 455 1059 508 tantum
1087 462 1176 529 quae

89 532 347 621 generaliorum
371 530 632 686 principiorum
669 529 826 597 subsidio
863 529 950 598 solvi
988 549 1172 619 nequeant,

385 619 552 687 rustranei
570 620 666 708 prius
689 618 767 685 facti
784 621 852 685 sint
875 618 1056 686 doctorum
1073 641 1175 687 cona·

89 620 291 709 praesertim
315 621 342 688 si

87 724 152 777 tus.

135 824 148 861 v
170 798 349 883 Ceterum,
364 819 446 864 cum
464 796 500 865 S.
522 796 630 865 Sedes
646 810 772 863 attenta
789 798 906 863 mente
918 795 1076 863 observet
1091 796 1175 885 quid

87 908 144 955 ere
157 888 201 977 sit
224 886 421 971 christiana,
436 904 469 953 et
482 887 611 975 quibus
622 885 846 953 incrementis
858 884 1019 953 scientiae
1032 906 1177 975 augean-

87 990 143 1043 tur
171 992 204 1043 et
232 977 445 1054 evolvantur,
469 976 560 1064 lpsa²
583 974 651 1041 ¹ubi
680 996 769 1062 opus
797 974 831 1041 id
860 995 934 1041 esse
962 974 1173 1053 iudicaverit,

87 1065 234 1133 decretis
261 1087 280 1132 a
303 1064 433 1155 quibus
456 1064 634 1132 neminem
654 1064 826 1153 appellare
842 1062 893 1131 fas
909 1078 971 1150 est,
990 1064 1064 1130 sine
1080 1086 1178 1130 mora

87 1155 271 1243 providere
287 1175 361 1221 non
376 1153 514 1221 omittit.

135 1268 148 1305 r
182 1243 376 1329 Quomodo
403 1243 590 1309 solvendus
617 1242 661 1307 sit
687 1263 799 1328 casus,
830 1262 867 1307 er
897 1240 1064 1307 omnibus
1091 1262 1179 1329 quae

86 1331 197 1400 dictae
214 1347 294 1399 sunt
309 1331 495 1400 clarissime
513 1330 728 1420 perspicitur.
748 1355 761 1393 v

134 1422 316 1489 Hactenus
331 1420 639 1488 Eminentissimus
652 1419 798 1508 scriptor
810 1419 1030 1486 MON1TORe.
1046 1419 1181 1487 Recens

87 1525 204 1577 autem
234 1510 361 1577 similia
388 1510 425 1576 in
448 1510 521 1598 ipsa
553 1509 653 1577 Urbe
670 1508 881 1575 audivimus,
911 1507 1109 1595 Importuni
1126 1508 1181 1575 isti

86 1620 261 1686 recursus,
291 1599 340 1666 sic
367 1598 505 1665 aiebant
531 1598 673 1687 ingenio
701 1611 733 1664 et
761 1597 839 1664 loco
865 1611 1076 1683 praestantes
1102 1596 1180 1678 viri,

86 1688 242 1773 produnt
273 1691 328 1755 vel
356 1688 678 1775 pusillanimitatem
706 1706 795 1774 quae
823 1707 922 1753 casus
949 1688 1081 1753 solvere
1109 1707 1182 1753 non

86 1777 213 1844 audeat
240 1792 286 1863 et,
304 1777 417 1844 statim
446 1798 484 1843 ac
508 1797 562 1843 res
587 1776 761 1863 paulisper
785 1775 891 1841 ardua
907 1774 1075 1848 videatur,
1105 1775 1180 1841 reli·

86 1865 231 1955 gionem
248 1866 431 1933 solutionis
458 1866 496 1932 in
511 1886 546 1931 se
571 1865 746 1953 suscipere
773 1865 872 1948 nolit,
902 1865 956 1930 vel
971 1864 1182 1951 imperitiam

88 1968 122 2021 et
149 1954 386 2023 damnabilem
415 1954 648 2043 ignorantiam
679 1952 809 2021 faciunt
840 1951 1072 2021 manifestam.
1105 1954 1182 2019 Nec

87 2052 152 2110 sua
179 2044 305 2111 desunt
327 2043 382 2111 isti
407 2043 578 2110 timiditati
606 2044 658 2110 vel
687 2042 845 2132 pigritiae
868 2042 1035 2110 notabilia
1050 2042 1182 2109 incom·
1287 2096 1290 2108 .

89 2133 207 2201 moda.

136 2221 396 2289 Ecclesiasticae
424 2222 622 2309 provinciae
650 2221 718 2287 vita
745 2241 807 2287 sua
835 2220 974 2307 propria
1002 2218 1113 2307 magis
1144 2239 1183 2286 ac

87 2312 201 2399 magis
228 2310 419 2398 privantur.
446 2312 519 2395 Ast,
550 2332 621 2398 quo
649 2308 762 2398 magis
786 2309 980 2397 optandum
1007 2323 1058 2375 est
1083 2322 1123 2375 ut
1145 2308 1183 2374 in

86 2400 202 2467 causis
229 2420 307 2468 vere
324 2399 515 2468 maioribus
544 2417 575 2466 et
592 2420 670 2466 vere
686 2397 941 2466 universalibus
969 2397 1183 2486 splendescat

89 2488 266 2556 Ecclesiae
293 2489 409 2556 unitas
437 2507 468 2556 et
496 2491 679 2556 auctoritas
713 2487 749 2556 S.
772 2487 872 2556 Sedis
903 2487 1107 2572 affirmetur,
1141 2508 1183 2554 eo

87 2578 206 2645 minus
219 2578 355 2652 videtur
367 2578 610 2664 expetendum,
625 2595 664 2644 ut
676 2577 791 2644 unitas
803 2578 858 2644 illa
873 2598 991 2644 rerum
1008 2576 1183 2644 maiorum

88 2672 213 2735 decore
230 2667 412 2736 frustretur
422 2667 595 2734 varietatis
608 2682 641 2733 et
652 2667 741 2734 vitae
753 2666 914 2755 propriae
927 2667 963 2733 in
977 2666 1081 2732 rebus
1095 2685 1184 2753 quae

88 2757 130 2822 ad
157 2758 271 2824 varias
298 2757 571 2824 circumstantias
598 2757 760 2823 videntur
787 2776 861 2822 esse
888 2754 1180 2841 attemperandae.

92 2845 188 2912 Hinc
205 2848 278 2932 ipse
301 2845 471 2912 Ecclesiae
488 2867 587 2912 amor
604 2846 696 2934 apud
713 2866 787 2910 non
803 2865 932 2932 paucos
949 2843 1131 2910 minuitur.

136 2933 238 3022 Ipsae
272 2934 355 3001 dein
396 2933 431 3000 S.
478 2933 777 3024 Congregationes
811 2932 961 3021 negotiis
998 2930 1184 2998 tractandis

90 3023 301 3092 obruuntur.
332 3023 415 3109 Quo
431 3021 472 3089 fit
487 3042 524 3090 ut
542 3025 586 3090 de
601 3021 814 3112 gravissimis
842 3022 953 3089 causis
970 3021 1088 3088 minus
1115 3021 1183 3086 sol-

91 3111 201 3179 licitae
217 3133 293 3180 esse
309 3112 444 3203 possint
458 3139 465 3194 ;
496 3114 591 3200 quod
608 3112 789 3180 communi
816 3111 912 3179 bono
928 3110 1051 3177 obesse
1078 3130 1183 3176 nemo

91 3222 164 3268 non
176 3201 281 3270 videt.

138 3291 323 3380 Languent
339 3289 421 3358 inde
437 3291 473 3357 in
491 3289 679 3378 provinciis
695 3292 783 3357 seria
807 3289 973 3359 canonica
993 3287 1106 3356 studia
1123 3311 1134 3374 3
1151 3300 1185 3353 et

91 3401 154 3466 pro
171 3381 261 3448 veris
276 3379 363 3447 iuris
390 3381 520 3470 peritis,
538 3379 599 3468 qui
617 3380 787 3469 principia
804 3395 836 3446 et
853 3379 945 3466 leges
974 3377 1183 3462 examinent,

92 3469 282 3536 succedunt
310 3468 381 3554 alii,
399 3469 528 3559 quibus
555 3491 619 3556 pro
647 3469 745 3536 omni
762 3470 850 3558 lege,
884 3466 982 3534 omni
998 3465 1182 3552 principi0,

92 3576 258 3644 responsa
274 3557 447 3648 quaedam
476 3574 556 3624 sunt
573 3579 730 3644 romana,
756 3578 845 3647 quae
861 3557 936 3624 sine
953 3555 1086 3621 delectu
1103 3551 1185 3620 acci·

92 3643 249 3734 piuntur,
279 3661 312 3714 et
328 3647 403 3714 sine
419 3647 625 3714 discretione
641 3646 683 3713 ad
709 3647 795 3714 alios
810 3666 909 3714 casus
932 3643 1184 3711 transferuntur

92 3751 211 3802 contra
238 3739 351 3824 ipsam
369 3733 552 3803 Sacrarum
571 3736 895 3824 Congregationum
911 3748 1078 3800 mentem.
1111 3729 1182 3815 Sic,

93 3822 231 3891 labente
258 3825 374 3892 studio
399 3824 484 3891 iuris
511 3825 657 3904 romani,
686 3825 818 3891 iudices
846 3823 1011 3912 prohibiti
1039 3835 1119 3889 sunt
1146 3840 1186 3886 ex

93 3910 274 4001 principiis
301 3916 433 3982 solvere
457 3914 720 3994 controversias,
746 3913 806 3980 sed
830 3933 925 3980 mere
948 3911 991 3978 ad
1014 3910 1186 3977 anteriora

17 4039 19 4046 ι
94 4001 308 4088 prudentum
325 4023 489 4090 responsa
507 4003 674 4092 respicere
691 4002 912 4070 iubebantur.
932 3999 1040 4086 Quod
1056 3999 1084 4066 si
1101 3999 1185 4065 haec

96 4090 187 4155 inter
200 4113 233 4158 se
249 4093 462 4181 pugnabant.
479 4113 524 4158 ne
539 4109 622 4158 tunc
638 4091 782 4181 quidem
799 4090 949 4159 liberum
966 4088 1184 4176 permitteba-

95 4192 158 4245 tur
172 4179 337 4270 imperitis
355 4179 428 4248 istis
444 4180 627 4266 iudicium,
645 4183 718 4266 sed,
740 4181 870 4248 omissa
893 4179 991 4246 omni
1016 4177 1185 4266 pondera·

95 4268 206 4355 tione,
230 4291 269 4336 ex
292 4269 486 4358 pluralitate
508 4271 722 4338 anteriorum
739 4268 986 4358 suffragiorum
1002 4266 1057 4335 ius
1073 4265 1185 4334 dicere
