2959 4900
421 436 423 440 .
450 381 569 418 sturcax
584 379 774 417 raurrarms
788 379 886 416 vorum
1193 353 1211 416 7

124 529 180 584 tur
201 537 291 586 nova
308 516 535 605 professionis
551 533 738 607 perpetuae
761 514 945 604 disciplina
955 513 1126 600 obstricti,
1144 512 1212 582 nisi

125 603 193 674 aS.
210 605 300 674 Sede
312 605 455 696 aliquod
467 605 678 676 concedatur
689 616 1017 694 temperamentum.
1028 603 1213 671 Noverunt

126 693 219 762 enim
235 715 272 763 se
287 695 415 764 versari
432 694 470 762 in
489 695 653 764 instituto
670 695 770 762 cuius
786 693 942 783 regimen
957 691 1119 760 nondum
1142 711 1213 763 erat

126 783 227 872 plena
240 783 505 852 confirmatione
521 783 714 872 firmatum3
729 796 762 850 et
778 783 913 851 bonum
930 801 1118 849 commune
1135 802 1213 870 pos-

126 871 211 940 tulat
227 887 265 941 ut
280 894 405 942 omnes
423 872 539 941 eidem
555 871 750 941 subdantur
761 872 843 961 legi,
858 872 950 940 saiva
966 869 1106 938 iustitia.

127 1099 321 1148 irrisurus
335 1102 373 1148 11.
391 1084 435 1152 ilo
459 1082 674 1169 paupertatis
695 1051 768 1166 lopo
790 1098 854 1167 uua
875 1080 1010 1150 tonatur
1031 1079 1214 1165 Episcopus

308 1178 501 1264 assumptus
524 1195 567 1247 ox
588 1177 852 1263 commeatione
875 1176 1032 1262 talipiosa

490 1359 589 1450 (cfr.
608 1369 634 1428 t·
657 1381 688 1442 1,
709 1382 745 1430 n.
762 1361 859 1447 49⁸·)

173 1545 223 1613 Ut
250 1549 492 1635 quaestionem
518 1549 632 1632 istam,
667 1550 749 1618 satis
775 1571 917 1636 novam,
950 1548 1070 1639 paucis
1099 1546 1215 1616 verbis

126 1635 316 1722 solvamuS,
334 1637 418 1706 haec
434 1639 596 1708 videntur
612 1637 804 1708 statuenda.

176 1753 203 1800 1.
233 1730 353 1801 Servat
372 1735 569 1826 Episcopus
585 1756 625 1803 ex
644 1734 808 1804 instituto
821 1749 984 1804 votorum
1000 1733 1216 1824 simplicium

132 1821 345 1912 paupertatis
372 1839 516 1907 votum·
533 1839 705 1914 quatenus
721 1824 786 1892 sibi
806 1824 971 1893 ditescere
994 1837 1139 1912 vetatur,
1168 1838 1214 1911 et,

130 1923 315 2009 contentus
331 1933 488 2003 congruo
504 1913 610 2002 victu,
629 1927 740 1982 cetera
756 1913 909 1982 tribuere
925 1913 1028 1982 debet
1043 1912 1161 2003 pietati
1177 1934 1216 1981 ac

131 1998 356 2086 potissimum
373 2023 456 2071 suae
473 2002 637 2071 ecclesiae
651 2002 803 2072 utilitati.

175 2117 205 2164 2.
223 2094 320 2166 Sicut
332 2099 408 2189 ipsa
426 2099 592 2190 Episcopi
608 2099 777 2189 regularis
793 2099 1016 2186 renuntiatio,
1033 2121 1105 2189 qua
1120 2099 1216 2167 abdi·

129 2183 271 2252 cabatur
294 2189 558 2276 patrimonium,
577 2187 791 2257 existimatur
818 2189 855 2257 in
881 2190 1028 2280 gratiam
1054 2187 1217 2256 ecclesiae

129 2290 300 2364 revocata,
332 2277 378 2345 ita
401 2277 572 2347 abdicatio
599 2277 831 2367 ususfructus,
861 2277 947 2347 iacta
970 2278 1014 2346 ab
1040 2277 1216 2367 Episcopo

129 2359 283 2432 instituti
324 2366 491 2457 religiosi,
527 2381 579 2435 est
608 2367 695 2435 iacta
726 2367 822 2437 irrita
858 2367 954 2459 quod
994 2367 1036 2435 ad
1076 2366 1218 2434 effectus

125 2449 305 2523 futuros1.
328 2456 369 2524 ld
396 2457 517 2526 suadet
544 2456 750 2526 omnimoda
776 2478 899 2526 causae
916 2457 1054 2546 paritas,
1082 2470 1217 2545 praeter

127 2539 242 2628 ipsam
257 2544 430 2613 rationem
457 2546 543 2614 iuris
570 2546 759 2616 naturalis:
790 2547 934 2637 contigit
960 2547 1056 2614 enim
1071 2544 1120 2633 id,
1145 2567 1217 2636 quo

127 2632 301 2717 praeviso,
342 2634 558 2703 ususfructus
596 2658 670 2704 non
708 2636 830 2704 fuisset
866 2635 973 2726 gratis
1010 2634 1075 2703 resi
1102 2648 1215 2705 natus.

130 2715 309 2790 Gratuitae
326 2737 444 2792 autem
469 2723 721 2814 promissiones
738 2739 885 2815 possunt
911 2724 949 2793 in
965 2724 1020 2792 his
1047 2745 1066 2793 a
1092 2723 1219 2792 iunctis

127 2806 289 2879 rescindi.

146 2906 206 3006 ·3.
244 2908 428 2978 Bonorum
466 2933 614 2980 suorum
652 2926 831 2998 recuperat
869 2910 1215 2998 administrationem,

126 3008 219 3063 srcut
233 2996 343 3084 ipsius
359 3000 523 3068 ecclesiae
535 3022 617 3069 suae
634 3014 684 3069 est
699 3000 970 3069 administrator.

171 3114 207 3179 4.
239 3095 499 3165 Testamentum
515 3098 544 3165 si
560 3097 710 3166 condere
726 3112 861 3187 poterat
876 3098 913 3166 in
943 3096 1120 3180 instituto,
1145 3118 1219 3165 non

127 3182 248 3251 minus
266 3185 374 3253 factus
393 3186 589 3274 Episcopus
617 3186 744 3255 scribet
769 3186 936 3277 legitime.
956 3186 1065 3274 Quod
1093 3186 1120 3253 si
1136 3199 1219 3254 voto

128 3274 343 3361 paupertatis
370 3274 631 3364 prohibebatur,
665 3276 741 3343 sine
770 3275 914 3343 indulto
946 3274 983 3344 S.
1015 3274 1116 3344 Sedis
1146 3296 1220 3344 non

128 3359 268 3430 videtur
286 3363 335 3432 las
351 3384 426 3432 esse
442 3378 482 3432 ut
497 3378 741 3433 testamentum
764 3363 935 3433 conficiat.
958 3366 1074 3455 Atque
1089 3364 1127 3431 in
1141 3364 1220 3431 uni·

128 3468 285 3537 versum,
304 3473 394 3540 quae
411 3466 546 3543 poterat
561 3475 643 3521 cum
658 3453 797 3521 licentia
805 3453 956 3544 proprii.
973 3452 1135 3541 Praelati,
1148 3454 1218 3520 iam

129 3540 257 3629 poterit
272 3560 334 3629 per
349 3563 400 3630 se,
420 3556 606 3633 postquam
621 3544 730 3611 lactus
746 3557 797 3610 est
816 3542 1024 3631 Episcopus.

173 3636 206 3706 5.
235 3634 310 3705 Sibi
326 3659 401 3706 non
416 3652 531 3728 potest
541 3660 581 3707 ex
597 3638 790 3707 redditibus
807 3638 984 3727 ditescere,
1002 3639 1062 3708 sed
1079 3638 1217 3729 poterit,

127 3747 160 3793 v.
186 3748 239 3815 gr.
266 3726 430 3795 ecclesiae
456 3749 550 3797 suae.
578 3728 731 3817 Excepta
758 3728 853 3796 enim
880 3728 1024 3797 honesta
1051 3741 1218 3796 sustenta·

126 3813 237 3899 tione,
265 3815 413 3903 simplex
441 3820 649 3906 paupertatis
676 3830 797 3886 votum
820 3818 974 3885 continet
1000 3817 1218 3906 personalem

128 3906 347 3974 ususfructus
362 3905 629 3975 abdicationem.

159 4118 169 4153 1
185 4117 240 4167 Sed
249 4131 306 4167 non
316 4116 345 4167 in
355 4115 472 4178 gratiam
484 4114 616 4165 ecclesiae
630 4119 746 4164 tantum.
764 4116 903 4177 Namque,
922 4130 955 4165 ex
973 4127 1103 4176 responso
1121 4116 1221 4164 Sacrae

129 4182 364 4245 Congregationis,
384 4180 537 4242 Episcopus
555 4179 730 4241 err-protessis
749 4179 868 4230 liberum
886 4195 966 4231 usum
984 4179 1068 4231 habet
1083 4180 1221 4230 redituum

130 4262 251 4299 suorum.
263 4248 368 4297 Videas
378 4250 442 4296 Acta
453 4248 481 4296 S.
493 4246 571 4305 Sedis,
584 4251 604 4295 t.
618 4263 639 4304 1,
650 4260 678 4306 p.
690 4261 743 4303 227.

518 4376 837 4386 ——-——
