2959 4900
166 272 254 351 [153]
301 295 376 331 arra.
394 297 421 339 17
437 294 503 330 avc.
522 288 587 340 1906,
606 294 687 329 caan.
704 292 759 329 vic.
777 294 859 330 vnats
874 294 911 329 an
927 294 1136 331 surxnronrssas
1202 275 1261 336 157

164 425 293 481 assoluta
316 425 466 493 necessita,
489 425 509 479 il
532 424 710 481 sottosctitto
734 425 890 482 Cardinale
915 425 1033 483 Vicario
1056 426 1080 481 si
1103 426 1210 484 riserva
1232 428 1261 483 di

162 498 329 553 esaminarli
351 508 593 556 accuratamente.
618 514 668 568 per
691 497 824 553 decidere
837 514 868 553 se
880 496 904 552 si
924 497 1017 552 dehha
1040 500 1109 554 dare
1121 515 1140 552 o
1155 516 1262 572 negare

162 568 183 623 il
210 584 357 638 permesso
385 569 531 626 richiest0.
563 568 636 624 Tale
666 568 849 641 proibizione
876 568 899 623 si
933 569 1051 624 estende
1079 570 1173 626 anche
1203 570 1261 627 alle

162 639 313 700 educanda
331 640 385 696 che
396 640 565 711 ,dipendano
584 639 652 696 dale
665 639 811 711 religiose.
836 640 868 695 Si
888 652 1059 704 eccettuano
1072 639 1081 695 i
1095 642 1260 714 pensionati

161 710 276 768 istituiti
298 711 540 767 esclusivamente
563 728 615 784 per
638 710 787 783 signorine
813 711 867 766 che
893 709 1086 781 frequentano
1107 712 1135 768 le
1160 714 1260 771 scuole

161 783 317 847 anzidette,
333 800 384 855 per
397 782 406 836 i
420 783 500 855 quali
512 798 636 837 verrano
648 782 715 837 date
729 798 832 838 norme
845 782 972 853 speciali.

196 872 224 922 4.
246 854 317 907 Non
331 855 354 908 si
369 852 558 909 riceveranno
569 853 667 909 donne
679 853 733 909 che
747 852 880 909 bramino
894 853 924 907 di
933 853 1027 909 vivere
1036 854 1145 911 ritirate
1158 854 1189 911 in
1199 874 1261 912 una

161 939 227 979 casa
248 924 394 997 religiosa,
418 941 503 981 senza
517 924 537 979 il
561 941 709 995 permesso
724 926 755 979 in
776 925 887 980 iscritto
906 924 953 980 del
972 925 1112 999 deputato
1126 926 1259 984 ecclesia·

160 995 244 1061 stico,
259 995 279 1049 il
294 996 382 1067 quale
396 996 557 1051 esaminera
571 995 597 1051 le
611 996 724 1067 singole
734 995 891 1062 domande,
908 1012 959 1067 per
969 996 1118 1068 giudicare
1130 1014 1161 1052 se
1175 999 1258 1057 siano

160 1066 255 1138 degne
268 1066 298 1121 di
311 1083 405 1123 essere
413 1083 496 1139 prese
505 1067 536 1121 in
549 1067 799 1133 considerazione,
813 1084 829 1123 e
842 1083 904 1121 non
919 1069 1079 1123 concedere
1094 1069 1122 1122 la
1134 1068 1256 1141 licenza,

160 1153 246 1191 senza
260 1138 354 1209 prima
367 1155 452 1194 avere
463 1153 581 1193 assume
590 1139 627 1193 da
640 1138 713 1195 fonti
726 1138 814 1194 sicuri
828 1139 855 1194 le
869 1137 1030 1194 necessarie
1039 1138 1255 1198 informazioni.

159 1208 347 1265 Trattandosi
369 1209 398 1263 di
413 1210 573 1265 monasteri
595 1210 624 1264 di
640 1222 739 1265 stretta
762 1210 907 1271 clausura.
924 1209 948 1264 si
971 1211 1061 1280 dovra
1082 1210 1217 1270 chiedere
1231 1216 1259 1271 la

160 1279 271 1335 licenza
284 1280 342 1335 alla
356 1281 443 1335 Sacra
454 1280 694 1352 Congregazione
706 1281 753 1337 dei
768 1280 891 1337 Vescovi
905 1298 920 1336 e
936 1282 1083 1354 Regolari.

197 1351 222 1405 5.
246 1352 376 1407 [ε’ΚΒ.
412 1352 488 1409 ΜΜ.
519 1352 676 1425 Superiore
706 1369 766 1408 non
800 1351 1056 1420 manderannole
1085 1370 1172 1411 suore
1202 1356 1260 1413 alle

158 1421 317 1493 pubbliche
340 1423 477 1494 botteghe
500 1440 517 1478 a
536 1422 597 1479 fare
610 1423 637 1479 le
659 1440 740 1491 spese
763 1423 938 1496 giornaliere
959 1440 1010 1495 per
1023 1425 1051 1478 la
1072 1426 1186 1496 cucina,
1210 1445 1259 1483 ma

159 1492 313 1549 dovranno
327 1494 441 1549 servirsi
452 1511 504 1566 per
518 1508 623 1567 questo
636 1492 737 1549 ufficio
751 1497 780 1549 dt
795 1495 886 1566 probe
899 1511 1024 1568 persone
1039 1497 1172 1554 seculari.

194 1566 221 1619 6.
244 1564 274 1620 Si
289 1565 514 1622 ammoniscono
535 1578 734 1622 severamente
744 1567 773 1622 le
788 1566 944 1637 Superiore
957 1566 987 1620 di
1012 1583 1074 1622 non
1087 1582 1260 1639 permettere

158 1634 213 1690 che
225 1635 253 1691 le
266 1637 480 1693 suorevadano
500 1638 718 1693 abusivamente
732 1638 795 1695 sole
808 1654 859 1711 per
872 1638 900 1693 le
918 1636 963 1693 vie
977 1638 1007 1693 di
1022 1639 1126 1708 Roma,
1141 1642 1259 1713 special·

159 1719 260 1763 mente
274 1707 351 1762 nelle
360 1724 411 1763 ore
425 1708 453 1763 di
469 1721 561 1764 notte.

194 1796 221 1849 7.
245 1779 343 1833 None
358 1796 505 1851 permessa
518 1779 547 1835 la
560 1792 684 1849 questua
696 1778 728 1833 in
746 1780 850 1846 Roma,
864 1796 950 1835 senza
965 1795 1071 1835 averne
1084 1792 1218 1838 ottenuta
1231 1783 1260 1838 la

159 1846 270 1904 licenza
284 1848 315 1904 in
330 1849 441 1905 iscritto
464 1867 515 1924 per
528 1868 628 1906 mezzo
642 1851 688 1906 del
702 1851 843 1922 deputato
867 1850 1074 1908 ecclesiastico.
1092 1853 1133 1907 Le
1147 1854 1260 1928 singole

158 1920 307 1976 domande
331 1938 459 1975 saranno
478 1921 529 1976 dili
550 1934 714 1977 entemente
729 1922 899 1984 esaminate,
915 1939 932 1977 e
946 1923 1066 1993 quando
1079 1926 1143 1978 sara
1156 1925 1176 1979 il
1192 1942 1259 1981 caso

158 1990 188 2045 di
201 1992 362 2047 concedere
377 1992 406 2047 la
415 1940 654 2059 chiestaiicenza,
667 1992 689 2048 si
703 1993 835 2049 daranno
846 1992 967 2048 insieme
977 2010 1081 2049 norme
1092 2009 1259 2067 opportune

158 2078 211 2134 per
225 2063 392 2119 rimuovere
405 2062 425 2118 il
438 2064 568 2136 pericolo
582 2064 611 2118 di
625 2064 805 2135 deplorevoli
819 2064 1046 2120 inconvenienti.

151 2146 153 2151 ·
197 2133 254 2188 Per
276 2133 387 2190 l'esatt'a
411 2152 582 2190 osservanza
606 2135 636 2189 di
650 2149 752 2205 queste
773 2134 972 2215 disposizioni‚
997 2137 1114 2192 conlida
1139 2136 1159 2191 il
1172 2150 1260 2195 sotto·

158 2204 259 2259 scritto
273 2204 354 2264 nello
367 2206 431 2261 zelo
447 2206 521 2261 delle
546 2208 608 2262 RR.
624 2208 702 2263 MM.
727 2208 893 2278 Superiore,
908 2223 994 2279 sopra
1008 2208 1035 2263 le
1061 2208 1142 2279 quali
1158 2226 1173 2265 e
1186 2211 1261 2267 sulle

157 2276 343 2331 communita
357 2277 392 2330 da
406 2276 471 2333 loro
486 2278 589 2333 dirette
602 2279 707 2334 invoca
719 2278 749 2333 di
762 2290 838 2333 tutto
860 2294 949 2333 cuore
963 2278 991 2334 le
1014 2278 1066 2352 piu
1078 2280 1164 2336 elette
1176 2282 1260 2338 bene·

158 2346 267 2402 dizioni
282 2347 329 2403 del
344 2348 476 2418 Signore.

196 2418 249 2474 Dal
269 2418 416 2488 vicariato,
443 2439 473 2493 17
493 2432 596 2493 agusto
620 2421 698 2492 1906.

717 2507 838 2567 Prnrno,
862 2504 955 2559 Card.
983 2504 1115 2561 Vicario.

609 2586 779 2642 Francesco
801 2586 876 2640 Can.
897 2586 1021 2654 Faberi,
1042 2587 1223 2660 segretario.

155 2767 269 2801 examen
280 2753 316 2801 ad
326 2769 355 2801 se
365 2760 484 2811 revocat,
499 2761 528 2802 ut
538 2759 642 2801 statuat
653 2753 687 2800 de
699 2753 791 2800 danda
801 2754 844 2800 vel
852 2753 977 2809 neganda
988 2753 1123 2812 requisita
1136 2754 1258 2804 licentia.

156 2811 314 2860 Prohibitio
331 2813 385 2860 ista
403 2814 486 2861 etiarn
497 2812 654 2860 educandas
665 2809 751 2858 afficit
762 2823 833 2870 quae
851 2811 984 2869 religiosis
996 2812 1164 2860 subduntur.
1181 2813 1261 2861 Exci·

155 2870 269 2928 piuntur
288 2870 492 2918 conservatoria
532 2883 584 2917 uae
603 2872 740 2916 exclusive
760 2869 932 2932 destinantur
952 2871 1052 2926 puellis
1078 2883 1150 2930 quae
1171 2871 1262 2919 dictas

155 2927 264 2974 scholas
296 2927 479 2988 frequentant.
532 2927 670 2975 uiusmodi
701 2925 838 2974 Institutis
857 2927 991 2986 speciales
1012 2941 1126 2976 normae
1145 2928 1261 2987 praesti·

156 2991 278 3033 tuentur.

183 3063 206 3100 4·
226 3042 356 3090 Mulieres
368 3056 439 3102 quae
457 3042 485 3090 in
504 3043 616 3090 domum
629 3040 785 3106 religiosam
796 3055 825 3106 se
840 3039 963 3105 recipere
974 3041 1091 3108 cupiunt
1103 3048 1130 3090 et
1147 3041 1188 3090 ibi
1200 3042 1260 3091 dies

155 3113 243 3167 agere,
256 3114 312 3147 non
330 3101 508 3148 admittentur
528 3102 587 3147 sine
607 3109 709 3157 scripta
728 3101 840 3146 licentra
857 3101 1036 3147 ecclesiastici
1058 3101 1192 3158 deputati,
1211 3101 1259 3160 qui

155 3159 276 3217 singulas
293 3171 391 3206 causas
408 3158 585 3214 examinabit,
599 3165 628 3205 ut
646 3157 750 3204 iudicet
768 3170 824 3216 qua
840 3156 1059 3205 consideratione
1076 3159 1132 3204 sint
1151 3158 1260 3218 dignae,

154 3229 204 3264 nec
214 3215 373 3266 facultatem
391 3216 469 3264 dabit
487 3215 637 3274 ursiprius,
651 3229 683 3262 ex
699 3215 766 3261 tutis
785 3212 917 3278 fontibus,
941 3216 1113 3264 necessarias
1131 3214 1262 3264 habuerit

155 3272 371 3320 informationes.
383 3275 411 3322 Si
423 3287 488 3320 vero
498 3280 595 3330 agatur
615 3272 649 3320 de
660 3272 832 3320 monasteriis
843 3273 956 3320 strictae
972 3276 1130 3330 clausurae,
1145 3272 1262 3322 facultas

155 3337 195 3378 est
204 3345 222 3378 a
233 3332 261 3379 S.
275 3331 491 3391 Conaregatione
502 3331 703 3390 Episcoporum
713 3337 740 3377 et
752 3330 931 3388 Regularium
943 3331 1129 3390 impetranda.

185 3395 205 3436 5.
225 3389 280 3435 Pro
290 3388 438 3436 cotidianis
450 3389 592 3436 culinariis
603 3388 737 3446 expensis,
752 3389 813 3434 RR.
828 3389 900 3443 ΜΜ,
912 3389 1116 3447 Superiorissae
1128 3387 1157 3435 in
1169 3387 1262 3447 publi-

155 3459 200 3494 cas
212 3443 341 3494 tabernas
358 3460 413 3493 non
424 3447 655 3498 mittentsorores.
676 3445 723 3493 sed
739 3445 776 3492 ah
796 3445 918 3494 honestis
934 3448 1059 3504 personis
1070 3446 1261 3494 saecularibus

155 3501 232 3552 hoco
253 3517 317 3552 erae
327 3518 411 3565 genus
422 3505 563 3565 exquirere
574 3503 727 3552 debebunt.

182 3569 206 3609 6.
244 3575 325 3608 evere
345 3570 488 3609 monentur
514 3561 723 3620 Superiorissae,
746 3573 782 3607 ne
807 3558 926 3625 abusum
950 3561 1024 3610 hunc
1049 3563 1175 3618 tolerent,
1203 3575 1259 3621 quo

154 3631 258 3666 sorores
269 3633 318 3676 per
331 3619 414 3666 Urbis
422 3621 482 3668 vias
493 3623 566 3666 solae
577 3620 716 3672 incedant,
729 3626 890 3676 praesertim
902 3633 950 3677 per
962 3628 1069 3678 tempus
1081 3628 1258 3668 nocturnum.

183 3691 205 3732 7.
223 3677 405 3738 Quaestuatio
416 3677 445 3724 in
465 3677 540 3726 Urbe
551 3691 605 3724 non
616 3677 793 3735 permittitur.
805 3676 858 3723 nisi
875 3691 924 3734 per
939 3678 1159 3726 ecclesiasticum
1170 3677 1258 3736 depu-

153 3736 241 3781 tatum
257 3735 361 3793 scripta
377 3733 489 3783 obtenta
501 3735 582 3782 luerit
601 3735 726 3781 facultas.
749 3733 874 3796 Diligens
894 3733 941 3781 fiet
953 3734 987 3793 de
1002 3736 1117 3795 singulis
1129 3737 1258 3794 ‚postuta-

154 3789 276 3839 tionibus
293 3806 421 3848 examen;
443 3792 555 3852 quodsi
574 3791 666 3839 danda
680 3790 819 3840 videbitur
837 3792 963 3846 facultas.
986 3794 1067 3840 simul
1086 3799 1258 3852 opportunae

155 3848 296 3897 tradentur
306 3863 426 3906 normae,
440 3859 469 3897 ut
481 3849 657 3910 lugendorum
674 3849 911 3896 incommodorum
920 3857 1081 3898 amoveatur
1092 3851 1256 3909 periculum.

183 3907 353 3954 Statutorum
371 3908 484 3955 istorum
495 3916 619 3954 exactam
636 3906 841 3954 observantiam
857 3907 1049 3966 infrascriptus
1069 3908 1229 3956 Cardinalis
1240 3919 1257 3954 a

155 3965 212 4010 zelo
222 3973 362 4028 exspectat
381 3966 441 4013 RR.
456 3967 526 4012 MM.
546 3965 805 4023 Superiorissarum,
827 3964 930 4024 quibus
946 3966 1022 4024 ipsis,
1036 3979 1091 4012 una
1107 3979 1170 4013 cum
1181 3979 1257 4012 com-

155 4021 335 4069 munitatibus
346 4036 440 4070 aarum
452 4022 632 4070 moderationi
642 4022 817 4078 concreditis,
830 4036 862 4068 ex
871 4024 951 4080 pleno
962 4025 1054 4071 animo
1063 4022 1258 4070 selectissimas

156 4079 266 4126 Domini
278 4078 485 4127 benedictiones
494 4087 669 4140 apprecatur.

183 4137 224 4184 Ex
239 4136 357 4186 aedibus
374 4137 543 4195 Vicariatus,
563 4153 590 4193 17
600 4137 719 4198 augusti,
734 4145 801 4195 1906.

319 4233 323 4241 ι
751 4204 874 4259 Parrus,
892 4203 1035 4251 Cardinalis
1055 4204 1178 4253 Vicarius.

696 4269 853 4326 Franciscus,
871 4269 932 4318 Can.
950 4270 1051 4328 Faberi,
1069 4271 1225 4317 Secretart‘as.

1342 1356 1380 1402 Dr
1417 1356 1468 1402 cotr'«

1313 1412 1396 1460 diariis
1415 1417 1468 1471 emp·

1314 1471 1418 1517 tionibus
1451 1473 1468 1517 ir

1314 1529 1428 1575 tabernis.

1333 1604 1375 1671 'De
1385 1616 1468 1671 egressi

1315 1675 1366 1709 eme
1375 1674 1451 1708 sorta.

1318 1799 1322 1805 ’
1341 1790 1379 1836 De
1394 1802 1468 1848 quaes·

1313 1849 1427 1895 titatium.

1343 2142 1465 2189 Commen-

1313 2198 1390 2247 datio·
1410 2199 1457 2244 Be·

1313 2256 1425 2305 ardictio.

1344 2415 1403 2462 Dies
1413 2417 1452 2473 (17

1314 2489 1368 2533 aug,
1381 2475 1459 2533 1900).
