2959 4900
120 864 143 905 3.
155 859 197 905 Vis
204 857 256 917 fao·

94 919 129 961 tae
136 916 249 965 licentiae.

119 1228 143 1267 4.
156 1211 252 1259 Consti·

93 1271 253 1329 tationesquo·

91 1326 159 1373 modo
197 1341 254 1375 oon-

92 1383 187 1433 dantur.

121 1472 143 1514 5.
186 1468 252 1515 Novi

91 1524 201 1572 Institnti

91 1582 209 1640 Regimen.

118 1718 248 1769 Claasuiae.

91 1846 251 1964 toflsslsolm

116 3335 236 3395 obligatio

87 3395 212 3441 mittendae

89 3452 213 3498 triennalis

87 3509 210 3556 relationis

31 3589 32 3592 =
87 3572 233 3619 memoratur.

88 3625 195 3684 huiusque
210 3640 243 3672 oe·

86 3681 188 3729 libratur
198 3686 244 3732 uti·

87 3737 154 3788 litas.

30 4071 31 4078 κ
94 4045 159 4102 Apta
169 4049 245 4092 tamen

85 4105 176 4150 natione
201 4101 245 4164 fo-

85 4160 166 4206 oienda
175 4165 207 4207 est
212 4175 245 4206 re·

86 4215 153 4265 latio.

309 276 368 339 128
760 304 941 341 noanneane

307 428 468 507 socialitatis
489 442 600 502 auctor,
616 444 644 489 et
666 449 724 505 qua
745 432 769 489 is
783 450 871 489 causa
892 435 1008 490 adeam
1028 434 1236 491 instituendam
1249 437 1380 500 ducatur,

308 500 413 571 quibus
425 502 519 558 verbis
540 515 715 577 conceptum
728 504 765 559 sit
778 504 937 561 sodalitatis
951 506 1120 562 condendae
1133 522 1243 562 nomen
1256 522 1304 563 seu
1324 507 1383 560 titu-

308 573 353 625 lus
364 591 371 652 ξ
387 589 462 645 quae
474 573 510 629 sit
523 573 627 640 forma,
639 575 729 643 color,
744 576 875 644 materia,
887 589 982 657 partes
995 577 1111 633 habitus
1124 595 1141 631 a
1154 576 1276 633 noviciis
1287 590 1313 632 et
1325 593 1383 649 pro·

306 641 387 723 fessis
399 646 529 715 gestandi
540 667 547 715 ;
571 658 645 718 quot
666 659 694 703 et
706 664 853 729 quaenam
874 647 928 703 srbi
942 664 1033 720 opera
1053 648 1190 704 sodalitas
1211 660 1386 719 assumptura.
1451 663 1452 670 ¹

307 725 361 781 s1t;
375 715 483 787 quibus
493 717 599 791 opibus
608 718 695 773 tuitio
704 718 836 774 eiusdem
845 720 1046 787 contineatur;
1060 737 1099 775 an
1111 718 1218 775 similia
1230 720 1261 774 in
1271 718 1384 774 dioecesi

307 785 364 840 sint
374 786 514 854 instituta,
529 802 558 845 et
567 790 673 862 quibus
686 789 734 845 illa
744 789 881 862 operibus
896 790 1038 849 insistant.

344 857 398 912 lll.
414 861 542 932 Accepta
562 861 642 916 Sacri
657 860 779 917 Consilii
800 860 893 920 venia.
909 860 982 917 nihil
995 861 1054 917 iam
1075 860 1211 930 obstabit,
1236 859 1384 933 quominus
1451 865 1453 895 ³

307 928 480 987 Ordinarius
500 947 606 988 novam
627 931 810 987 sodalitatem
829 931 961 988 instituat
978 945 1029 987 aut
1046 932 1158 988 institui
1177 932 1333 1004 permittat,
1356 946 1385 985 eo
1451 939 1453 976 i

306 1012 404 1055 tamen
416 1002 512 1067 titulo,
525 1002 637 1065 habitu,
652 1004 813 1075 proposito,
822 1006 984 1076 ceterisque
995 1005 1082 1060 rebus
1090 1003 1128 1059 ab
1141 1003 1205 1078 ipso
1219 1004 1307 1059 Sacro
1319 1004 1384 1058 Con·
1451 1007 1453 1060 ἶ

307 1072 372 1128 silio
393 1074 557 1146 recognitis,
582 1074 710 1146 probatis
729 1074 921 1146 designatisve
939 1095 945 1129 :
965 1091 1041 1147 quae
1062 1091 1227 1147 numquam
1248 1074 1383 1146 deinceps

307 1142 362 1199 nisi
377 1145 480 1201 eodem
489 1144 698 1212 consentiente,
713 1143 863 1201 immutari
872 1145 980 1201 licebit.
1451 1173 1453 1206 :

343 1215 394 1271 1v.
409 1214 552 1271 Conditae
572 1214 732 1271 sodalitatis
747 1215 968 1273 constitutiones
986 1216 1159 1272 Ordinarius
1181 1228 1382 1288 recognoscat:
1451 1215 1453 1284 ξ

305 1301 408 1341 verum
428 1301 465 1341 ne
490 1284 571 1359 prius
592 1287 744 1367 approbet,
770 1305 860 1361 quam
885 1304 932 1343 eas
958 1289 994 1343 ad
1018 1294 1153 1343 normam
1176 1304 1291 1353 eorum,
1319 1302 1384 1359 quae
1451 1289 1453 1310 ³

306 1356 428 1412 Sacrum
438 1355 603 1413 Consilium
617 1375 648 1412 tn
661 1358 716 1414 bac
728 1375 815 1414 causa
826 1358 961 1429 decrevit,
977 1358 1132 1431 exigendas
1145 1358 1298 1414 curaverit.
1451 1359 1453 1370 '

341 1427 377 1483 V.
394 1427 529 1483 Instituta
542 1428 689 1497 sodalitas,
710 1429 843 1502 quamvis
857 1430 982 1485 decursu
1003 1430 1142 1503 temporis
1161 1429 1192 1484 in
1204 1429 1303 1510 plures
1317 1429 1385 1483 dioe

305 1514 384 1555 ceses
393 1496 507 1566 diffusa,
518 1515 613 1572 usque
624 1512 733 1565 tamen,
748 1501 819 1557 dum
830 1499 998 1575 pontificiae
1009 1500 1226 1581 approbationis
1238 1512 1288 1556 aut
1300 1500 1386 1556 laudis

305 1570 473 1627 testimonio
482 1570 617 1638 caruerit,
632 1571 859 1627 Ordinariorum
868 1571 1061 1628 iurisdictiom
1074 1572 1232 1639 subiaceat,
1244 1584 1276 1626 ut
1292 1572 1384 1627 Deces

305 1641 378 1697 soris
388 1642 488 1697 Nostri
501 1642 710 1699 constitutione
725 1662 740 1694 t<
754 1642 898 1699 Conditae
910 1665 927 1695 »
939 1644 1084 1700 sancitum
1096 1655 1148 1699 est.

341 1713 425 1781 Quae
436 1731 505 1770 vero
518 1730 569 1787 per
587 1713 639 1769 bas
653 1713 763 1770 litteras
774 1715 890 1771 decreta
903 1727 980 1782 sunt,
994 1732 1028 1771 ea
1044 1716 1106 1771 Nos
1119 1728 1182 1771 rata
1195 1726 1224 1769 et
1236 1712 1321 1768 firma
1332 1728 1385 1768 esse

304 1784 450 1850 volumus,
462 1785 614 1842 contrariis
627 1785 778 1857 quibusvis
790 1786 912 1841 minime
924 1786 1118 1842 obstantibus.

342 1857 451 1911 Datum
470 1858 582 1913 Romae
600 1857 678 1930 apud
701 1858 731 1913 S.
754 1857 874 1912 Petrum
894 1857 942 1913 die
966 1858 1033 1913 XVI
1053 1856 1118 1913 iulii
1141 1873 1221 1913 anno
1247 1854 1383 1920 MCMVI,

307 1926 500 1983 Pontificatus
514 1927 614 1999 Npstri
626 1928 722 1983 tertio.

743 2000 833 2055 PIUS
855 2000 915 2057 PP.
935 2000 962 2054 X

760 2147 937 2201 Annornrro

338 2263 439 2319 Motus
456 2264 577 2337 proprii
588 2263 676 2319 huius
688 2275 875 2321 momentum
896 2266 986 2321 suasit
998 2281 1098 2321 rursus
1111 2275 1144 2320 ut
1166 2264 1197 2319 in
1211 2264 1311 2321 locum
1322 2278 1383 2317 con·

303 2346 452 2390 suetarum
479 2334 715 2390 Annotationum
741 2337 907 2391 ordinatam
934 2336 1083 2408 quandam
1106 2336 1284 2392 subiciamus
1309 2333 1384 2389 istius

302 2403 373 2478 legis
396 2406 637 2464 declarationem.
659 2408 746 2463 Hanc
763 2407 918 2482 posuimus
936 2408 1012 2464 inter
1032 2408 1170 2478 Quaesita
1192 2406 1281 2478 varia,
1304 2420 1383 2479 supra

303 2494 331 2549 p.
356 2493 417 2533 101.

570 2734 668 2819 134.
689 2786 730 2797 -
751 2734 804 2816 ss.
828 2753 862 2816 o.
887 2750 923 2816 tt.
949 2749 995 2817 vu
1018 2749 1122 2833 epm

610 2919 832 2974 DECRETUM
852 2921 890 2975 16
906 2921 984 2975 1111..
1005 2919 1086 2974 1906

348 3070 401 3126 De
420 3071 524 3127 modo
543 3085 613 3143 quo
632 3071 854 3128 conficienda
871 3075 928 3128 est
945 3070 1134 3128 triennalis
1153 3070 1282 3125 relatio
1301 3067 1342 3122 de

543 3156 713 3212 Instituto
732 3161 897 3212 votorum
917 3155 1138 3228 simplicium.

337 3317 371 3370 ln
385 3315 581 3388 approbandis
601 3330 651 3369 seu
664 3313 903 3370 commendandis
917 3314 998 3370 novis
1012 3313 1154 3369 Institutis
1170 3324 1306 3369 votorum
1324 3310 1380 3366 sim·

301 3387 422 3459 plicium
442 3385 615 3458 iampridem
635 3385 793 3457 praescribi
813 3387 962 3443 consuevit
983 3397 1016 3441 ut
1039 3402 1056 3439 a
1082 3384 1318 3442 moderatoribus
1338 3395 1379 3435 seu

301 3457 540 3514 moderatricibus
550 3458 733 3528 generalibus
745 3456 831 3512 tertio
843 3473 964 3530 quoque
972 3472 1050 3512 anno
1059 3457 1096 3511 ad
1107 3456 1137 3512 S.
1149 3455 1256 3512 Sedem
1269 3456 1380 3528 Aposto

300 3529 387 3585 licam
398 3529 610 3584 transmittatur
622 3527 724 3583 relatio
737 3528 774 3584 de
786 3539 863 3583 statu
872 3527 1031 3602 personali,
1046 3526 1237 3652 ἀίεοίβῐὶίηαῑί,
1248 3521 1379 3602 materiali

301 3617 328 3656 et
339 3600 530 3656 oeconomico
547 3599 682 3672 propriae
694 3599 837 3672 cuiusque
856 3598 1100 3672 congregationis.
1147 3596 1297 3654 uiusmodi
1311 3608 1379 3650 emm

300 3671 441 3727 relatione
454 3671 569 3742 singula
586 3671 730 3736 Instituta,
746 3687 875 3742 quorum
888 3670 994 3725 domus
1011 3669 1042 3724 in
1055 3669 1142 3725 variis
1155 3680 1268 3725 exstant
1278 3667 1378 3743 dioece-

300 3744 380 3799 sibus
393 3742 560 3815 dissitisque
573 3743 654 3811 locis,
670 3741 820 3812 explorata
834 3754 1042 3814 perspectaque
1055 3740 1132 3795 fiunt
1142 3739 1238 3796 eidem
1253 3738 1283 3794 S.
1299 3735 1376 3813 8εάιρ

300 3831 375 3886 quae
385 3812 493 3869 idcirco
506 3813 646 3868 continua
659 3811 844 3884 providentia
857 3829 891 3867 ea
905 3829 990 3885 prose
1011 3812 1053 3878 ui,
1068 3824 1105 3881 et,
1119 3811 1144 3867 si
1158 3811 1281 3890 quando·
1290 3826 1307 3864 a
1317 3808 1377 3889 legi·

300 3886 354 3941 bus
373 3883 526 3941 deflectere
545 3885 707 3950 videantur,
731 3883 791 3938 sive
810 3883 1005 3938 cohortationi
1027 3899 1062 3938 us
1083 3884 1144 3938 sive
1161 3878 1377 3938 correcttombus

300 3957 502 4029 mandatisque
516 3957 553 4011 ad
565 3955 718 4029 pristinam
726 3954 943 4010 observantiam
951 3970 1088 4010 revocare
1100 3965 1205 4027 potest.
1316 4019 1321 4030 Ι

336 4029 411 4083 Cum
420 4044 488 4084 vero
499 4028 685 4100 perspicuum
695 4026 731 4081 sit
736 4043 841 4098 parum
848 4025 893 4081 vel
899 4025 974 4080 nihil
983 4024 1117 4080 utilitatis
1124 4025 1220 4081 inesse
1227 4020 1378 4096 praedrctae

299 4099 433 4154 relationi
448 4099 482 4163 si,
496 4098 539 4153 uti
549 4115 610 4154 non
630 4114 696 4153 raro
711 4096 820 4152 iactum
833 4108 884 4163 est,
897 4095 990 4153 fusius
1003 4096 1142 4169 expositis
1155 4093 1328 4168 quibusdam
1346 4088 1377 4145 ad

299 4186 362 4225 rem
374 4169 472 4224 minus
482 4168 662 4236 facientibus,
673 4169 721 4223 vix
734 4168 896 4222 innuantur
910 4179 960 4222 aut
981 4168 1068 4241 plane
1082 4167 1258 4223 reticeantur
1267 4182 1300 4221 ea
1311 4174 1376 4236 quae

300 4241 486 4314 potissimum
501 4256 677 4311 cognoscere
691 4251 825 4313 oportet;
842 4239 911 4293 hinc
925 4239 960 4293 ad
979 4251 1113 4312 optatum
1125 4236 1217 4294 finem
1229 4236 1337 4292 facilius
1349 4245 1378 4286 ac
