2959 4900
361 337 397 372 DE
412 337 551 372 an0N1cn
568 330 737 372 MONASTERII
754 333 929 369 POSSESSIONE
1150 308 1188 367 Π

97 469 312 538 conformior
338 470 384 539 sit
406 471 489 539 haec
522 469 632 537 civilis
659 468 746 536 iuris
773 465 970 548 prudentia,
999 485 1069 550 qua
1096 463 1189 530 bona

96 579 186 646 quae
214 559 306 627 ci'vili
323 559 399 648 lege
426 559 658 648 prohibentur
684 557 744 646 pio
768 555 831 622 fini
859 553 985 640 addici,
1000 551 1189 619 heredibus

96 648 269 716 testatoris
295 649 527 737 assignantur,
558 669 665 736 quam
700 648 786 714 alter
812 643 960 711 lorensis
987 662 1072 708 usus
1099 660 1185 729 quo,

96 737 254 826 neglecta
281 737 488 804 condicione
515 759 534 805 a
560 748 721 804 testatore
748 733 926 822 imposita,
945 746 1189 798 extraneorum

96 825 347 915 permittuntur
367 825 585 914 usucapioni.
608 824 648 891 ld
667 823 764 892 enim
782 844 802 890 a
818 821 991 890 testatoris
1012 820 1189 886 voluntate

97 928 148 983 est
163 935 227 998 per
243 935 279 982 se
292 915 403 1003 magis
420 915 587 983 alienum.

137 1019 239 1083 Vera
262 1035 451 1103 personae
476 1019 631 1084 moralis
646 1018 756 1082 ratio.
774 1055 813 1060 —
843 1011 1020 1078 Personae
1047 1006 1190 1074 moralis

96 1102 337 1170 intentionalis
364 1104 452 1170 ratio
484 1123 579 1169 mere
610 1100 760 1167 debetur
791 1099 939 1188 imagini
968 1117 1058 1187 quae
1096 1099 1189 1163 ultro

96 1189 209 1259 oritur
237 1211 276 1258 ex
303 1206 396 1258 certo
423 1192 602 1259 bonorum
629 1189 802 1278 regimine
835 1188 930 1269 quod
963 1185 1189 1276 quorundam

95 1294 264 1348 coetuum
285 1294 427 1347 naturae
451 1294 503 1348 est
524 1293 811 1347 consentaneum.
832 1278 946 1345 Porro
962 1277 1119 1366 regimen
1136 1274 1190 1340 his

93 1369 167 1436 fere
184 1382 319 1436 constat
330 1369 434 1437 notis,
450 1374 491 1456 a)
508 1367 806 1435 Administrandis
822 1367 927 1434 rebus
938 1363 1189 1433 communibus

93 1457 257 1547 plerique
284 1458 459 1525 abstinent
472 1483 481 1539 ;
495 1462 537 1544 b)
555 1457 758 1528 Commune
774 1470 912 1524 tantum
935 1452 1190 1544 patrimonium

92 1546 255 1636 obligare
270 1562 419 1635 possunt
438 1546 736 1616 administratores
751 1570 760 1632 3
779 1551 819 1633 c)
839 1545 938 1612 Bona
955 1540 1190 1611 communiter

92 1657 257 1725 possessa
273 1636 400 1725 iugiter
415 1658 434 1704 a
451 1635 731 1726 possessionibus
754 1633 976 1722 singulorum
994 1635 1039 1716 (v.
1058 1655 1093 1714 g.
1112 1629 1191 1698 reli·

93 1725 280 1814 giosorum
296 1739 458 1792 votorum
486 1725 714 1812 simplicium)
731 1722 1016 1813 distinguuntur3
1035 1725 1077 1808 d)
1096 1718 1191 1789 Soci-

94 1835 202 1881 orum
243 1813 397 1882 discessu
428 1828 546 1882 coetus
572 1835 647 1881 non
674 1812 889 1899 dissolvitur,
919 1811 979 1879 sed
1017 1811 1189 1879 continuo

94 1925 275 1972 novorum
303 1903 480 1970 sociorum
512 1923 650 1970 accessu
682 1915 918 1970 conservatur.
947 1899 1006 1968 Ob
1038 1900 1123 1966 haec
1156 1912 1190 1965 et

95 1991 239 2078 similia,
257 2006 377 2059 coetus
392 1991 447 2059 isti
465 1992 656 2080 imaginem
672 1991 826 2059 referunt
841 2010 1022 2078 personae,
1042 2009 1132 2077 quae
1149 2007 1190 2053 ex

95 2081 174 2170 ipso
203 2081 376 2170 regimine
403 2094 490 2167 orta,
520 2081 692 2169 posterior
723 2094 775 2148 est
805 2078 986 2147 effectibus
1017 2098 1107 2165 quos
1130 2076 1189 2142 'illi

96 2170 318 2238 ascribebant
333 2169 532 2237 adversarii.

138 2271 298 2355 Propria
312 2273 370 2336 vis
396 2270 533 2335 indulti
558 2271 736 2336 concessi
751 2269 898 2351 Belgio,
913 2285 955 2348 31
982 2265 1064 2331 iulii
1091 2267 1189 2344 1878.

98 2353 186 2436 (cfr.
196 2369 221 2422 t.
232 2376 251 2420 2
260 2375 311 2441 ;p.
322 2358 443 2444 77.)-
453 2354 521 2421 His
532 2353 726 2443 perpensis,
738 2352 951 2421 indultuma
965 2349 1187 2418 LeoneXlll

99 2441 214 2531 Belgii
238 2443 455 2533 regularibus
485 2464 692 2512 concessum
719 2442 788 2509 huc
819 2440 966 2509 demum
996 2437 1187 2529 spectabit:

98 2541 137 2619 a)
167 2533 219 2601 Ut
246 2532 430 2618 religiosis,
450 2532 555 2600 etiam
582 2531 759 2621 protessis
778 2544 971 2620 separatam
998 2528 1188 2618 permittat,

99 2622 283 2690 accedente
307 2620 540 2710 Superiorum
555 2621 668 2708 venia,
687 2622 865 2689 bonorum
892 2641 1039 2688 suorum
1055 2637 1189 2706 posses·

100 2711 269 2797 sionem3,
289 2714 331 2798 b)
366 2710 429 2798 Ut,
462 2725 635 2799 quatenus
673 2710 835 2778 adiuncta
866 2708 959 2777 istud
999 2708 1189 2795 postulent,

100 2800 236 2889 possint
252 2802 326 2889 ipsa
342 2800 552 2867 monasteria
581 2800 618 2867 in
634 2813 827 2889 separatam
843 2798 1089 2887 religiosorum
1106 2816 1197 2883 quo··

101 2890 252 2958 tundam
269 2890 528 2979 possessionem
544 2890 673 2957 venire.
