<?xml version="1.0" encoding="UTF-8"?>
<!DOCTYPE html PUBLIC "-//W3C//DTD XHTML 1.0 Transitional//EN"
    "http://www.w3.org/TR/xhtml1/DTD/xhtml1-transitional.dtd">
<html xmlns="http://www.w3.org/1999/xhtml" xml:lang="en" lang="en">
 <head>
  <title>
</title>
<meta http-equiv="Content-Type" content="text/html;charset=utf-8" />
  <meta name='ocr-system' content='tesseract 3.04.00' />
  <meta name='ocr-capabilities' content='ocr_page ocr_carea ocr_par ocr_line ocrx_word'/>
</head>
<body>
  <div class='ocr_page' id='page_1' title='image "./dereligiosisins01vermgoog_0221.png"; bbox 0 0 2959 4900; ppageno 0'>
   <div class='ocr_carea' id='block_1_1' title="bbox 98 298 1193 379">
    <p class='ocr_par' dir='ltr' id='par_1_1' title="bbox 98 298 1193 379">
     <span class='ocr_line' id='line_1_1' title="bbox 98 298 1193 379; baseline -0.007 -16"><span class='ocrx_word' id='word_1_1' title='bbox 98 302 163 379; x_wconf 79' lang='lat'><strong>{80}</strong></span> <span class='ocrx_word' id='word_1_2' title='bbox 186 328 210 363; x_wconf 87' lang='lat' dir='ltr'>s.</span> <span class='ocrx_word' id='word_1_3' title='bbox 222 328 247 361; x_wconf 91' lang='lat' dir='ltr'>c.</span> <span class='ocrx_word' id='word_1_4' title='bbox 258 324 375 362; x_wconf 75' lang='lat' dir='ltr'>tunore.</span> <span class='ocrx_word' id='word_1_5' title='bbox 387 320 599 360; x_wconf 76' lang='lat' dir='ltr'>rununoaurraa</span> <span class='ocrx_word' id='word_1_6' title='bbox 610 320 646 357; x_wconf 79' lang='lat' dir='ltr'>ar</span> <span class='ocrx_word' id='word_1_7' title='bbox 656 322 781 357; x_wconf 64' lang='lat' dir='ltr'>aaaron</span> <span class='ocrx_word' id='word_1_8' title='bbox 791 321 859 357; x_wconf 76' lang='lat' dir='ltr'>sera.</span> <span class='ocrx_word' id='word_1_9' title='bbox 877 322 921 355; x_wconf 79' lang='lat' dir='ltr'>aa.</span> <span class='ocrx_word' id='word_1_10' title='bbox 934 321 995 356; x_wconf 80' lang='lat' dir='ltr'>utu.</span> <span class='ocrx_word' id='word_1_11' title='bbox 1009 320 1122 357; x_wconf 74' lang='lat' dir='ltr'>carneo.</span> <span class='ocrx_word' id='word_1_12' title='bbox 1153 298 1193 362; x_wconf 66' lang='lat'>23</span> 
     </span>
    </p>
   </div>
   <div class='ocr_carea' id='block_1_2' title="bbox 389 464 912 525">
    <p class='ocr_par' dir='ltr' id='par_1_2' title="bbox 389 464 912 525">
     <span class='ocr_line' id='line_1_2' title="bbox 389 464 912 525; baseline -0.008 -4"><span class='ocrx_word' id='word_1_13' title='bbox 389 466 423 525; x_wconf 88' lang='lat' dir='ltr'>B.</span> <span class='ocrx_word' id='word_1_14' title='bbox 442 496 479 506; x_wconf 94' lang='lat'>—</span> <span class='ocrx_word' id='word_1_15' title='bbox 498 465 563 521; x_wconf 70' lang='lat' dir='ltr'>Peto</span> <span class='ocrx_word' id='word_1_16' title='bbox 583 464 774 519; x_wconf 74' lang='lat' dir='ltr'>Misnosnns</span> <span class='ocrx_word' id='word_1_17' title='bbox 792 480 912 519; x_wconf 72' lang='lat' dir='ltr'>aaronis</span> 
     </span>
    </p>
   </div>
   <div class='ocr_carea' id='block_1_3' title="bbox 97 594 1195 1027">
    <p class='ocr_par' dir='ltr' id='par_1_3' title="bbox 97 594 1195 1027">
     <span class='ocr_line' id='line_1_3' title="bbox 143 594 1194 671; baseline -0.004 -15"><span class='ocrx_word' id='word_1_18' title='bbox 143 620 170 656; x_wconf 92' lang='lat'>1.</span> <span class='ocrx_word' id='word_1_19' title='bbox 188 598 329 671; x_wconf 89' lang='lat' dir='ltr'>Religiosi</span> <span class='ocrx_word' id='word_1_20' title='bbox 343 597 405 670; x_wconf 90' lang='lat' dir='ltr'>qui,</span> <span class='ocrx_word' id='word_1_21' title='bbox 425 596 528 653; x_wconf 89' lang='lat' dir='ltr'>debitis</span> <span class='ocrx_word' id='word_1_22' title='bbox 542 613 611 652; x_wconf 90' lang='lat' dir='ltr'>cum</span> <span class='ocrx_word' id='word_1_23' title='bbox 630 594 765 663; x_wconf 74' lang='lat' dir='ltr'>licentiis,</span> <span class='ocrx_word' id='word_1_24' title='bbox 787 596 817 651; x_wconf 90' lang='lat' dir='ltr'>in</span> <span class='ocrx_word' id='word_1_25' title='bbox 831 595 958 652; x_wconf 90' lang='lat' dir='ltr'>ditiones</span> <span class='ocrx_word' id='word_1_26' title='bbox 972 613 1006 651; x_wconf 91' lang='lat' dir='ltr'>ac</span> <span class='ocrx_word' id='word_1_27' title='bbox 1020 606 1110 653; x_wconf 88' lang='lat' dir='ltr'>terras</span> <span class='ocrx_word' id='word_1_28' title='bbox 1129 596 1194 652; x_wconf 86' lang='lat' dir='ltr'>infi-</span> 
     </span>
     <span class='ocr_line' id='line_1_4' title="bbox 100 665 1195 728; baseline -0.004 -1"><span class='ocrx_word' id='word_1_29' title='bbox 100 671 223 728; x_wconf 90' lang='lat' dir='ltr'>delium</span> <span class='ocrx_word' id='word_1_30' title='bbox 247 682 298 725; x_wconf 89' lang='lat' dir='ltr'>aut</span> <span class='ocrx_word' id='word_1_31' title='bbox 322 668 537 725; x_wconf 91' lang='lat' dir='ltr'>haereticorum</span> <span class='ocrx_word' id='word_1_32' title='bbox 564 667 601 723; x_wconf 89' lang='lat' dir='ltr'>ad</span> <span class='ocrx_word' id='word_1_33' title='bbox 626 684 741 723; x_wconf 91' lang='lat' dir='ltr'>sacrum</span> <span class='ocrx_word' id='word_1_34' title='bbox 771 665 968 725; x_wconf 89' lang='lat' dir='ltr'>ministerium</span> <span class='ocrx_word' id='word_1_35' title='bbox 1000 668 1195 724; x_wconf 85' lang='lat' dir='ltr'>exercendum</span> 
     </span>
     <span class='ocr_line' id='line_1_5' title="bbox 99 737 1195 820; baseline -0.005 -21"><span class='ocrx_word' id='word_1_36' title='bbox 99 742 192 799; x_wconf 89' lang='lat' dir='ltr'>missi</span> <span class='ocrx_word' id='word_1_37' title='bbox 215 741 334 809; x_wconf 87' lang='lat' dir='ltr'>fuerint,</span> <span class='ocrx_word' id='word_1_38' title='bbox 355 740 475 813; x_wconf 92' lang='lat' dir='ltr'>quando</span> <span class='ocrx_word' id='word_1_39' title='bbox 500 737 596 795; x_wconf 85' lang='lat' dir='ltr'>itineri</span> <span class='ocrx_word' id='word_1_40' title='bbox 618 755 648 795; x_wconf 89' lang='lat' dir='ltr'>se</span> <span class='ocrx_word' id='word_1_41' title='bbox 670 738 827 810; x_wconf 90' lang='lat' dir='ltr'>accingunt</span> <span class='ocrx_word' id='word_1_42' title='bbox 848 749 876 795; x_wconf 92' lang='lat' dir='ltr'>et</span> <span class='ocrx_word' id='word_1_43' title='bbox 898 738 1018 820; x_wconf 91' lang='lat' dir='ltr'>quando</span> <span class='ocrx_word' id='word_1_44' title='bbox 1040 739 1078 793; x_wconf 89' lang='lat' dir='ltr'>ad</span> <span class='ocrx_word' id='word_1_45' title='bbox 1095 739 1195 795; x_wconf 88' lang='lat' dir='ltr'>locum</span> 
     </span>
     <span class='ocr_line' id='line_1_6' title="bbox 100 808 1195 937; baseline -0.004 -66"><span class='ocrx_word' id='word_1_46' title='bbox 100 813 262 871; x_wconf 89' lang='lat' dir='ltr'>Missionis</span> <span class='ocrx_word' id='word_1_47' title='bbox 276 812 330 869; x_wconf 90' lang='lat' dir='ltr'>sibi</span> <span class='ocrx_word' id='word_1_48' title='bbox 348 812 509 884; x_wconf 83' lang='lat' dir='ltr'>assignatae</span> <span class='ocrx_word' id='word_1_49' title='bbox 522 809 644 883; x_wconf 89' lang='lat' dir='ltr'>ingressi</span> <span class='ocrx_word' id='word_1_50' title='bbox 659 808 777 876; x_wconf 88' lang='lat' dir='ltr'>fuerint,</span> <span class='ocrx_word' id='word_1_51' title='bbox 793 808 967 937; x_wconf 52' lang='lat' dir='ltr'>plenariam</span> <span class='ocrx_word' id='word_1_52' title='bbox 982 808 1195 883; x_wconf 85' lang='lat' dir='ltr'>indulgentiam</span> 
     </span>
     <span class='ocr_line' id='line_1_7' title="bbox 99 880 1194 956; baseline -0.004 -15"><span class='ocrx_word' id='word_1_53' title='bbox 99 902 198 943; x_wconf 90' lang='lat' dir='ltr'>conse</span> <span class='ocrx_word' id='word_1_54' title='bbox 221 884 254 940; x_wconf 92' lang='lat' dir='ltr'>ui</span> <span class='ocrx_word' id='word_1_55' title='bbox 266 884 363 941; x_wconf 90' lang='lat' dir='ltr'>valent</span> <span class='ocrx_word' id='word_1_56' title='bbox 374 880 539 956; x_wconf 87' lang='lat' dir='ltr'>praemissis</span> <span class='ocrx_word' id='word_1_57' title='bbox 553 880 735 938; x_wconf 88' lang='lat' dir='ltr'>confessione</span> <span class='ocrx_word' id='word_1_58' title='bbox 750 893 778 936; x_wconf 90' lang='lat' dir='ltr'>et</span> <span class='ocrx_word' id='word_1_59' title='bbox 817 928 823 939; x_wconf 90' lang='lat'><em>.</em></span> <span class='ocrx_word' id='word_1_60' title='bbox 839 880 1057 937; x_wconf 90' lang='lat' dir='ltr'>Communione</span> <span class='ocrx_word' id='word_1_61' title='bbox 1072 882 1194 951; x_wconf 83' lang='lat' dir='ltr'>(Paulus</span> 
     </span>
     <span class='ocr_line' id='line_1_8' title="bbox 97 952 779 1027; baseline -0.007 -15"><span class='ocrx_word' id='word_1_62' title='bbox 97 959 138 1025; x_wconf 92' lang='lat' dir='ltr'>V,</span> <span class='ocrx_word' id='word_1_63' title='bbox 158 978 176 1008; x_wconf 77' lang='lat' dir='ltr'>u</span> <span class='ocrx_word' id='word_1_64' title='bbox 219 972 344 1012; x_wconf 84' lang='lat' dir='ltr'>omanus</span> <span class='ocrx_word' id='word_1_65' title='bbox 355 954 500 1027; x_wconf 79' lang='lat' dir='ltr'>Pontifex</span> <span class='ocrx_word' id='word_1_66' title='bbox 511 974 539 1022; x_wconf 89' lang='lat'>»,</span> <span class='ocrx_word' id='word_1_67' title='bbox 554 953 587 1008; x_wconf 84' lang='lat'>23</span> <span class='ocrx_word' id='word_1_68' title='bbox 602 952 671 1007; x_wconf 89' lang='lat' dir='ltr'>maii</span> <span class='ocrx_word' id='word_1_69' title='bbox 689 953 779 1019; x_wconf 76' lang='lat'>1606).</span> 
     </span>
    </p>
   </div>
   <div class='ocr_carea' id='block_1_4' title="bbox 94 1034 1195 1465">
    <p class='ocr_par' dir='ltr' id='par_1_4' title="bbox 94 1034 1195 1465">
     <span class='ocr_line' id='line_1_9' title="bbox 136 1034 1195 1117; baseline -0.004 -22"><span class='ocrx_word' id='word_1_70' title='bbox 136 1059 167 1098; x_wconf 85' lang='lat'>2.</span> <span class='ocrx_word' id='word_1_71' title='bbox 185 1037 359 1111; x_wconf 77' lang='lat' dir='ltr'>Unicuique</span> <span class='ocrx_word' id='word_1_72' title='bbox 376 1054 479 1093; x_wconf 88' lang='lat' dir='ltr'>eorum</span> <span class='ocrx_word' id='word_1_73' title='bbox 496 1034 548 1109; x_wconf 91' lang='lat' dir='ltr'>qui</span> <span class='ocrx_word' id='word_1_74' title='bbox 562 1036 593 1091; x_wconf 92' lang='lat' dir='ltr'>in</span> <span class='ocrx_word' id='word_1_75' title='bbox 608 1035 748 1117; x_wconf 87' lang='lat' dir='ltr'>Collegiis</span> <span class='ocrx_word' id='word_1_76' title='bbox 768 1034 827 1090; x_wconf 90' lang='lat' dir='ltr'>sive</span> <span class='ocrx_word' id='word_1_77' title='bbox 847 1036 1026 1102; x_wconf 89' lang='lat' dir='ltr'>Seminariis,</span> <span class='ocrx_word' id='word_1_78' title='bbox 1045 1035 1195 1109; x_wconf 83' lang='lat' dir='ltr'>Evangelii</span> 
     </span>
     <span class='ocr_line' id='line_1_10' title="bbox 97 1106 1194 1189; baseline -0.004 -22"><span class='ocrx_word' id='word_1_79' title='bbox 97 1126 268 1184; x_wconf 85' lang='lat' dir='ltr'>praecones</span> <span class='ocrx_word' id='word_1_80' title='bbox 282 1125 353 1164; x_wconf 88' lang='lat' dir='ltr'>mox</span> <span class='ocrx_word' id='word_1_81' title='bbox 371 1108 472 1175; x_wconf 88' lang='lat' dir='ltr'>futuri,</span> <span class='ocrx_word' id='word_1_82' title='bbox 495 1107 612 1163; x_wconf 91' lang='lat' dir='ltr'>educati</span> <span class='ocrx_word' id='word_1_83' title='bbox 632 1106 752 1173; x_wconf 77' lang='lat' dir='ltr'>fuerint,</span> <span class='ocrx_word' id='word_1_84' title='bbox 775 1106 958 1179; x_wconf 86' lang='lat' dir='ltr'>indulgentia</span> <span class='ocrx_word' id='word_1_85' title='bbox 968 1106 1111 1189; x_wconf 82' lang='lat' dir='ltr'>plenaria</span> <span class='ocrx_word' id='word_1_86' title='bbox 1126 1125 1194 1165; x_wconf 89' lang='lat' dir='ltr'>con·</span> 
     </span>
     <span class='ocr_line' id='line_1_11' title="bbox 95 1179 1194 1251; baseline -0.002 -13"><span class='ocrx_word' id='word_1_87' title='bbox 95 1198 188 1239; x_wconf 89' lang='lat' dir='ltr'>cessa</span> <span class='ocrx_word' id='word_1_88' title='bbox 200 1194 255 1248; x_wconf 86' lang='lat' dir='ltr'>est,</span> <span class='ocrx_word' id='word_1_89' title='bbox 278 1197 340 1236; x_wconf 90' lang='lat' dir='ltr'>non</span> <span class='ocrx_word' id='word_1_90' title='bbox 351 1180 442 1235; x_wconf 92' lang='lat' dir='ltr'>modo</span> <span class='ocrx_word' id='word_1_91' title='bbox 456 1195 524 1235; x_wconf 89' lang='lat' dir='ltr'>cum</span> <span class='ocrx_word' id='word_1_92' title='bbox 544 1179 756 1248; x_wconf 88' lang='lat' dir='ltr'>iuramentum,</span> <span class='ocrx_word' id='word_1_93' title='bbox 771 1195 832 1251; x_wconf 93' lang='lat' dir='ltr'>quo</span> <span class='ocrx_word' id='word_1_94' title='bbox 845 1195 875 1233; x_wconf 92' lang='lat' dir='ltr'>se</span> <span class='ocrx_word' id='word_1_95' title='bbox 889 1180 1077 1251; x_wconf 80' lang='lat' dir='ltr'>obstringunt</span> <span class='ocrx_word' id='word_1_96' title='bbox 1090 1197 1194 1251; x_wconf 83' lang='lat' dir='ltr'>coope-</span> 
     </span>
     <span class='ocr_line' id='line_1_12' title="bbox 96 1248 1195 1323; baseline -0.002 -14"><span class='ocrx_word' id='word_1_97' title='bbox 96 1252 192 1309; x_wconf 90' lang='lat' dir='ltr'>randi</span> <span class='ocrx_word' id='word_1_98' title='bbox 213 1254 277 1308; x_wconf 89' lang='lat' dir='ltr'>Deo</span> <span class='ocrx_word' id='word_1_99' title='bbox 296 1251 326 1307; x_wconf 91' lang='lat' dir='ltr'>in</span> <span class='ocrx_word' id='word_1_100' title='bbox 349 1251 473 1307; x_wconf 89' lang='lat' dir='ltr'>salutern</span> <span class='ocrx_word' id='word_1_101' title='bbox 495 1249 671 1317; x_wconf 91' lang='lat' dir='ltr'>animarum,</span> <span class='ocrx_word' id='word_1_102' title='bbox 691 1249 790 1323; x_wconf 89' lang='lat' dir='ltr'>primo</span> <span class='ocrx_word' id='word_1_103' title='bbox 809 1248 967 1319; x_wconf 87' lang='lat' dir='ltr'>emiserint,</span> <span class='ocrx_word' id='word_1_104' title='bbox 991 1250 1195 1307; x_wconf 88' lang='lat' dir='ltr'>verumetiam</span> 
     </span>
     <span class='ocr_line' id='line_1_13' title="bbox 94 1320 1195 1395; baseline -0.004 -14"><span class='ocrx_word' id='word_1_105' title='bbox 94 1342 176 1381; x_wconf 89' lang='lat' dir='ltr'>cum</span> <span class='ocrx_word' id='word_1_106' title='bbox 201 1324 278 1379; x_wconf 93' lang='lat' dir='ltr'>illud</span> <span class='ocrx_word' id='word_1_107' title='bbox 299 1333 407 1379; x_wconf 87' lang='lat' dir='ltr'>statuta</span> <span class='ocrx_word' id='word_1_108' title='bbox 427 1321 473 1379; x_wconf 92' lang='lat' dir='ltr'>die</span> <span class='ocrx_word' id='word_1_109' title='bbox 497 1321 710 1388; x_wconf 87' lang='lat' dir='ltr'>renovaverint,</span> <span class='ocrx_word' id='word_1_110' title='bbox 734 1320 899 1377; x_wconf 90' lang='lat' dir='ltr'>dummodo</span> <span class='ocrx_word' id='word_1_111' title='bbox 925 1320 955 1376; x_wconf 93' lang='lat' dir='ltr'>in</span> <span class='ocrx_word' id='word_1_112' title='bbox 976 1333 1103 1395; x_wconf 91' lang='lat' dir='ltr'>utroque</span> <span class='ocrx_word' id='word_1_113' title='bbox 1125 1339 1195 1377; x_wconf 89' lang='lat' dir='ltr'>casu</span> 
     </span>
     <span class='ocr_line' id='line_1_14' title="bbox 95 1390 1109 1465; baseline -0.004 -12"><span class='ocrx_word' id='word_1_114' title='bbox 95 1394 237 1453; x_wconf 82' lang='lat' dir='ltr'>confessi</span> <span class='ocrx_word' id='word_1_115' title='bbox 248 1395 279 1453; x_wconf 87' lang='lat' dir='ltr'>S.</span> <span class='ocrx_word' id='word_1_116' title='bbox 291 1393 540 1451; x_wconf 82' lang='lat' dir='ltr'>communionem</span> <span class='ocrx_word' id='word_1_117' title='bbox 553 1392 732 1465; x_wconf 89' lang='lat' dir='ltr'>susceperint</span> <span class='ocrx_word' id='word_1_118' title='bbox 743 1390 826 1463; x_wconf 85' lang='lat' dir='ltr'>(Pius</span> <span class='ocrx_word' id='word_1_119' title='bbox 839 1392 891 1462; x_wconf 90' lang='lat' dir='ltr'>VI,</span> <span class='ocrx_word' id='word_1_120' title='bbox 906 1411 923 1464; x_wconf 89' lang='lat'><em>7</em></span> <span class='ocrx_word' id='word_1_121' title='bbox 936 1392 1006 1449; x_wconf 89' lang='lat' dir='ltr'>maii</span> <span class='ocrx_word' id='word_1_122' title='bbox 1020 1392 1109 1465; x_wconf 85' lang='lat'><strong>1775).</strong></span> 
     </span>
    </p>
   </div>
   <div class='ocr_carea' id='block_1_5' title="bbox 92 1474 1195 2202">
    <p class='ocr_par' dir='ltr' id='par_1_5' title="bbox 92 1474 1195 2202">
     <span class='ocr_line' id='line_1_15' title="bbox 136 1474 1192 1548; baseline -0.002 -13"><span class='ocrx_word' id='word_1_123' title='bbox 136 1480 168 1538; x_wconf 82' lang='lat'>3.</span> <span class='ocrx_word' id='word_1_124' title='bbox 183 1480 220 1533; x_wconf 91' lang='lat' dir='ltr'>ln</span> <span class='ocrx_word' id='word_1_125' title='bbox 230 1478 393 1536; x_wconf 88' lang='lat' dir='ltr'>residentiis</span> <span class='ocrx_word' id='word_1_126' title='bbox 402 1476 580 1534; x_wconf 90' lang='lat' dir='ltr'>Missionum</span> <span class='ocrx_word' id='word_1_127' title='bbox 591 1475 721 1544; x_wconf 90' lang='lat' dir='ltr'>Ordinis,</span> <span class='ocrx_word' id='word_1_128' title='bbox 734 1474 882 1531; x_wconf 87' lang='lat' dir='ltr'>Ecclesiae</span> <span class='ocrx_word' id='word_1_129' title='bbox 892 1488 921 1533; x_wconf 88' lang='lat' dir='ltr'>et</span> <span class='ocrx_word' id='word_1_130' title='bbox 930 1476 1057 1532; x_wconf 87' lang='lat' dir='ltr'>oratoria</span> <span class='ocrx_word' id='word_1_131' title='bbox 1067 1476 1192 1548; x_wconf 90' lang='lat' dir='ltr'>publica,</span> 
     </span>
     <span class='ocr_line' id='line_1_16' title="bbox 94 1546 1195 1630; baseline 0.001 -25"><span class='ocrx_word' id='word_1_132' title='bbox 94 1550 271 1630; x_wconf 82' lang='lat' dir='ltr'>dummodo</span> <span class='ocrx_word' id='word_1_133' title='bbox 284 1549 343 1606; x_wconf 90' lang='lat' dir='ltr'>sint</span> <span class='ocrx_word' id='word_1_134' title='bbox 353 1547 421 1618; x_wconf 85' lang='lat' dir='ltr'>fixa,</span> <span class='ocrx_word' id='word_1_135' title='bbox 438 1561 466 1604; x_wconf 89' lang='lat' dir='ltr'>et</span> <span class='ocrx_word' id='word_1_136' title='bbox 486 1548 523 1604; x_wconf 92' lang='lat' dir='ltr'>ad</span> <span class='ocrx_word' id='word_1_137' title='bbox 545 1565 578 1604; x_wconf 89' lang='lat' dir='ltr'>ea</span> <span class='ocrx_word' id='word_1_138' title='bbox 602 1546 713 1616; x_wconf 78' lang='lat' dir='ltr'>fideleS,</span> <span class='ocrx_word' id='word_1_139' title='bbox 729 1547 766 1602; x_wconf 92' lang='lat' dir='ltr'>ad</span> <span class='ocrx_word' id='word_1_140' title='bbox 789 1547 911 1627; x_wconf 79' lang='lat' dir='ltr'>Sacrum</span> <span class='ocrx_word' id='word_1_141' title='bbox 925 1547 1105 1629; x_wconf 83' lang='lat' dir='ltr'>audiendum</span> <span class='ocrx_word' id='word_1_142' title='bbox 1118 1558 1146 1604; x_wconf 91' lang='lat' dir='ltr'>et</span> <span class='ocrx_word' id='word_1_143' title='bbox 1158 1548 1195 1606; x_wconf 88' lang='lat' dir='ltr'>ad</span> 
     </span>
     <span class='ocr_line' id='line_1_17' title="bbox 92 1618 1194 1762; baseline 0.011 -13"><span class='ocrx_word' id='word_1_144' title='bbox 92 1618 1194 1762; x_wconf 51' lang='lat' dir='ltr'>stabiletatetftlamtdtltlltlt‘tt’allllll</span> 
     </span>
     <span class='ocr_line' id='line_1_18' title="bbox 99 1764 1194 1919; baseline -0.005 -13"><span class='ocrx_word' id='word_1_145' title='bbox 99 1764 505 1919; x_wconf 42' lang='lat' dir='ltr'>114tufqthqiiszlmissionum</span> <span class='ocrx_word' id='word_1_146' title='bbox 522 1845 741 1918; x_wconf 90' lang='lat' dir='ltr'>provinciarum</span> <span class='ocrx_word' id='word_1_147' title='bbox 761 1843 839 1901; x_wconf 89' lang='lat' dir='ltr'>ultra</span> <span class='ocrx_word' id='word_1_148' title='bbox 859 1855 985 1912; x_wconf 89' lang='lat' dir='ltr'>montes,</span> <span class='ocrx_word' id='word_1_149' title='bbox 1006 1844 1057 1900; x_wconf 92' lang='lat' dir='ltr'>ubi</span> <span class='ocrx_word' id='word_1_150' title='bbox 1079 1846 1194 1901; x_wconf 87' lang='lat' dir='ltr'>Fratres</span> 
     </span>
     <span class='ocr_line' id='line_1_19' title="bbox 95 1914 1192 2000; baseline -0.003 -26"><span class='ocrx_word' id='word_1_151' title='bbox 95 1918 231 2000; x_wconf 80' lang='lat' dir='ltr'>Ordinis</span> <span class='ocrx_word' id='word_1_152' title='bbox 242 1918 382 2000; x_wconf 34' lang='lat' dir='ltr'>propr-ias·</span> <span class='ocrx_word' id='word_1_153' title='bbox 397 1916 540 1997; x_wconf 78' lang='lat' dir='ltr'>Ecclesiae</span> <span class='ocrx_word' id='word_1_154' title='bbox 558 1934 622 1997; x_wconf 85' lang='lat' dir='ltr'>non</span> <span class='ocrx_word' id='word_1_155' title='bbox 638 1915 759 1996; x_wconf 81' lang='lat' dir='ltr'>babent,</span> <span class='ocrx_word' id='word_1_156' title='bbox 778 1914 936 1996; x_wconf 37' lang='lat' dir='ltr'>Ecclesiae·</span> <span class='ocrx_word' id='word_1_157' title='bbox 950 1915 1144 1972; x_wconf 87' lang='lat' dir='ltr'>saecularium</span> <span class='ocrx_word' id='word_1_158' title='bbox 1162 1916 1192 1972; x_wconf 92' lang='lat' dir='ltr'>in</span> 
     </span>
     <span class='ocr_line' id='line_1_20' title="bbox 96 1986 1191 2130; baseline -0.002 -13"><span class='ocrx_word' id='word_1_159' title='bbox 96 1988 533 2117; x_wconf 55' lang='lat' dir='ltr'>nqufflssggaggdggffi</span> <span class='ocrx_word' id='word_1_160' title='bbox 563 1986 1191 2130; x_wconf 56' lang='lat' dir='ltr'>latit”tlttfttt’ltsttttt</span> 
     </span>
     <span class='ocr_line' id='line_1_21' title="bbox 94 2079 1191 2202; baseline -0.005 -13"><span class='ocrx_word' id='word_1_161' title='bbox 94 2079 290 2189; x_wconf 50' lang='lat' dir='ltr'>{feneiosa</span> <span class='ocrx_word' id='word_1_162' title='bbox 302 2131 457 2188; x_wconf 84' lang='lat' dir='ltr'>Ecclesiae</span> <span class='ocrx_word' id='word_1_163' title='bbox 469 2153 495 2198; x_wconf 77' lang='lat' dir='ltr'>s,</span> <span class='ocrx_word' id='word_1_164' title='bbox 514 2148 545 2200; x_wconf 86' lang='lat'>14</span> <span class='ocrx_word' id='word_1_165' title='bbox 557 2130 697 2187; x_wconf 88' lang='lat' dir='ltr'>februarii</span> <span class='ocrx_word' id='word_1_166' title='bbox 713 2132 802 2202; x_wconf 82' lang='lat'>1742).</span> <span class='ocrx_word' id='word_1_167' title='bbox 1184 2102 1191 2127; x_wconf 74' lang='grc'>’</span> 
     </span>
    </p>
   </div>
   <div class='ocr_carea' id='block_1_6' title="bbox 135 2213 1213 2297">
    <p class='ocr_par' dir='ltr' id='par_1_6' title="bbox 135 2213 1213 2297">
     <span class='ocr_line' id='line_1_22' title="bbox 135 2213 1213 2297; baseline -0.004 -22"><span class='ocrx_word' id='word_1_168' title='bbox 135 2218 165 2275; x_wconf 90' lang='grc'>5.</span> <span class='ocrx_word' id='word_1_169' title='bbox 183 2216 332 2273; x_wconf 92' lang='lat' dir='ltr'>Omnibus</span> <span class='ocrx_word' id='word_1_170' title='bbox 346 2214 500 2297; x_wconf 79' lang='lat' dir='ltr'>Religiosis</span> <span class='ocrx_word' id='word_1_171' title='bbox 511 2214 703 2270; x_wconf 87' lang='lat' dir='ltr'>missionariis</span> <span class='ocrx_word' id='word_1_172' title='bbox 718 2226 746 2271; x_wconf 89' lang='lat' dir='ltr'>et</span> <span class='ocrx_word' id='word_1_173' title='bbox 760 2213 825 2269; x_wconf 92' lang='lat' dir='ltr'>aliis</span> <span class='ocrx_word' id='word_1_174' title='bbox 839 2213 1085 2271; x_wconf 89' lang='lat' dir='ltr'>Christifidelibus</span> <span class='ocrx_word' id='word_1_175' title='bbox 1103 2214 1193 2271; x_wconf 85' lang='lat' dir='ltr'>virilis</span> <span class='ocrx_word' id='word_1_176' title='bbox 1211 2232 1213 2237; x_wconf 92' lang='lat'>·</span> 
     </span>
    </p>
   </div>
   <div class='ocr_carea' id='block_1_7' title="bbox 96 2285 1194 2872">
    <p class='ocr_par' dir='ltr' id='par_1_7' title="bbox 96 2285 1194 2646">
     <span class='ocr_line' id='line_1_23' title="bbox 96 2285 1193 2368; baseline -0.001 -24"><span class='ocrx_word' id='word_1_177' title='bbox 96 2305 191 2345; x_wconf 85' lang='lat' dir='ltr'>sexus</span> <span class='ocrx_word' id='word_1_178' title='bbox 212 2299 411 2360; x_wconf 88' lang='lat' dir='ltr'>tantum,qu1</span> <span class='ocrx_word' id='word_1_179' title='bbox 433 2303 465 2342; x_wconf 90' lang='lat' dir='ltr'>m</span> <span class='ocrx_word' id='word_1_180' title='bbox 487 2286 625 2342; x_wconf 91' lang='lat' dir='ltr'>domibus</span> <span class='ocrx_word' id='word_1_181' title='bbox 646 2285 780 2368; x_wconf 86' lang='lat' dir='ltr'>hospitiis</span> <span class='ocrx_word' id='word_1_182' title='bbox 801 2285 978 2341; x_wconf 90' lang='lat' dir='ltr'>Missionum</span> <span class='ocrx_word' id='word_1_183' title='bbox 992 2302 1043 2358; x_wconf 88' lang='lat' dir='ltr'>per</span> <span class='ocrx_word' id='word_1_184' title='bbox 1062 2285 1193 2359; x_wconf 87' lang='lat' dir='ltr'>quinque</span> 
     </span>
     <span class='ocr_line' id='line_1_24' title="bbox 96 2357 1193 2439; baseline -0.004 -22"><span class='ocrx_word' id='word_1_185' title='bbox 96 2360 211 2417; x_wconf 89' lang='lat' dir='ltr'>saltem</span> <span class='ocrx_word' id='word_1_186' title='bbox 231 2359 292 2414; x_wconf 87' lang='lat' dir='ltr'>dies</span> <span class='ocrx_word' id='word_1_187' title='bbox 313 2359 469 2416; x_wconf 86' lang='lat' dir='ltr'>continuos</span> <span class='ocrx_word' id='word_1_188' title='bbox 488 2357 624 2413; x_wconf 86' lang='lat' dir='ltr'>exercitia</span> <span class='ocrx_word' id='word_1_189' title='bbox 638 2357 800 2439; x_wconf 85' lang='lat' dir='ltr'>spiritualia</span> <span class='ocrx_word' id='word_1_190' title='bbox 813 2357 1063 2431; x_wconf 87' lang='lat' dir='ltr'>quandocumque</span> <span class='ocrx_word' id='word_1_191' title='bbox 1076 2373 1193 2431; x_wconf 90' lang='lat' dir='ltr'>perege-</span> 
     </span>
     <span class='ocr_line' id='line_1_25' title="bbox 97 2428 1193 2512; baseline -0.002 -24"><span class='ocrx_word' id='word_1_192' title='bbox 97 2432 176 2495; x_wconf 87' lang='lat' dir='ltr'>rint,</span> <span class='ocrx_word' id='word_1_193' title='bbox 193 2429 336 2505; x_wconf 81' lang='lat' dir='ltr'>plenaria</span> <span class='ocrx_word' id='word_1_194' title='bbox 349 2428 531 2512; x_wconf 85' lang='lat' dir='ltr'>indulgentia</span> <span class='ocrx_word' id='word_1_195' title='bbox 550 2430 639 2486; x_wconf 90' lang='lat' dir='ltr'>semel</span> <span class='ocrx_word' id='word_1_196' title='bbox 655 2447 685 2485; x_wconf 88' lang='lat' dir='ltr'>m</span> <span class='ocrx_word' id='word_1_197' title='bbox 698 2446 777 2486; x_wconf 91' lang='lat' dir='ltr'>anno</span> <span class='ocrx_word' id='word_1_198' title='bbox 799 2446 939 2486; x_wconf 88' lang='lat' dir='ltr'>concessa</span> <span class='ocrx_word' id='word_1_199' title='bbox 960 2440 1012 2498; x_wconf 89' lang='lat' dir='ltr'>est,</span> <span class='ocrx_word' id='word_1_200' title='bbox 1029 2429 1193 2486; x_wconf 90' lang='lat' dir='ltr'>dummodo</span> 
     </span>
     <span class='ocr_line' id='line_1_26' title="bbox 97 2497 1194 2575; baseline -0.005 -14"><span class='ocrx_word' id='word_1_201' title='bbox 97 2503 235 2561; x_wconf 85' lang='lat' dir='ltr'>confessi</span> <span class='ocrx_word' id='word_1_202' title='bbox 249 2520 283 2558; x_wconf 92' lang='lat' dir='ltr'>ac</span> <span class='ocrx_word' id='word_1_203' title='bbox 292 2504 322 2561; x_wconf 89' lang='lat' dir='ltr'>S.</span> <span class='ocrx_word' id='word_1_204' title='bbox 337 2504 446 2575; x_wconf 88' lang='lat' dir='ltr'>Synax1</span> <span class='ocrx_word' id='word_1_205' title='bbox 455 2500 553 2557; x_wconf 88' lang='lat' dir='ltr'>refecti</span> <span class='ocrx_word' id='word_1_206' title='bbox 566 2502 602 2557; x_wconf 91' lang='lat' dir='ltr'>ad</span> <span class='ocrx_word' id='word_1_207' title='bbox 614 2512 744 2557; x_wconf 88' lang='lat' dir='ltr'>mentem</span> <span class='ocrx_word' id='word_1_208' title='bbox 757 2501 871 2557; x_wconf 86' lang='lat' dir='ltr'>Summi</span> <span class='ocrx_word' id='word_1_209' title='bbox 884 2497 1036 2558; x_wconf 85' lang='lat' dir='ltr'>Pontificis</span> <span class='ocrx_word' id='word_1_210' title='bbox 1048 2501 1194 2559; x_wconf 90' lang='lat' dir='ltr'>oraverint</span> 
     </span>
     <span class='ocr_line' id='line_1_27' title="bbox 100 2572 658 2646; baseline -0.005 -15"><span class='ocrx_word' id='word_1_211' title='bbox 100 2576 177 2646; x_wconf 85' lang='lat' dir='ltr'>(ld.‚</span> <span class='ocrx_word' id='word_1_212' title='bbox 193 2596 210 2625; x_wconf 76' lang='lat' dir='ltr'>u</span> <span class='ocrx_word' id='word_1_213' title='bbox 224 2577 297 2631; x_wconf 90' lang='lat' dir='ltr'>Cum</span> <span class='ocrx_word' id='word_1_214' title='bbox 309 2575 387 2630; x_wconf 84' lang='lat' dir='ltr'>sicut</span> <span class='ocrx_word' id='word_1_215' title='bbox 399 2596 426 2641; x_wconf 76' lang='lat' dir='ltr'>u,</span> <span class='ocrx_word' id='word_1_216' title='bbox 440 2592 474 2645; x_wconf 88' lang='lat'>27</span> <span class='ocrx_word' id='word_1_217' title='bbox 488 2572 553 2628; x_wconf 91' lang='lat' dir='ltr'>iulii</span> <span class='ocrx_word' id='word_1_218' title='bbox 569 2573 658 2646; x_wconf 86' lang='grc'>1751).</span> 
     </span>
    </p>

    <p class='ocr_par' dir='ltr' id='par_1_8' title="bbox 99 2655 1193 2872">
     <span class='ocr_line' id='line_1_28' title="bbox 136 2655 1193 2725; baseline -0.003 -10"><span class='ocrx_word' id='word_1_219' title='bbox 136 2659 169 2717; x_wconf 89' lang='grc'>6.</span> <span class='ocrx_word' id='word_1_220' title='bbox 186 2659 221 2713; x_wconf 90' lang='lat' dir='ltr'>ln</span> <span class='ocrx_word' id='word_1_221' title='bbox 237 2657 374 2714; x_wconf 88' lang='lat' dir='ltr'>Ecclesiis</span> <span class='ocrx_word' id='word_1_222' title='bbox 393 2657 571 2713; x_wconf 90' lang='lat' dir='ltr'>Missionum</span> <span class='ocrx_word' id='word_1_223' title='bbox 593 2656 722 2725; x_wconf 89' lang='lat' dir='ltr'>Ordinis,</span> <span class='ocrx_word' id='word_1_224' title='bbox 748 2655 849 2711; x_wconf 88' lang='lat' dir='ltr'>altaria</span> <span class='ocrx_word' id='word_1_225' title='bbox 866 2655 979 2712; x_wconf 87' lang='lat' dir='ltr'>maiora</span> <span class='ocrx_word' id='word_1_226' title='bbox 997 2667 1065 2712; x_wconf 88' lang='lat' dir='ltr'>sunt</span> <span class='ocrx_word' id='word_1_227' title='bbox 1099 2655 1193 2713; x_wconf 89' lang='lat' dir='ltr'>rivile-</span> 
     </span>
     <span class='ocr_line' id='line_1_29' title="bbox 99 2726 1193 2802; baseline -0.001 -17"><span class='ocrx_word' id='word_1_228' title='bbox 99 2729 185 2798; x_wconf 86' lang='lat' dir='ltr'>giata</span> <span class='ocrx_word' id='word_1_229' title='bbox 210 2746 305 2802; x_wconf 87' lang='lat' dir='ltr'>aeque</span> <span class='ocrx_word' id='word_1_230' title='bbox 325 2745 360 2784; x_wconf 88' lang='lat' dir='ltr'>ac</span> <span class='ocrx_word' id='word_1_231' title='bbox 378 2728 481 2784; x_wconf 89' lang='lat' dir='ltr'>altaria</span> <span class='ocrx_word' id='word_1_232' title='bbox 493 2727 606 2784; x_wconf 89' lang='lat' dir='ltr'>maiora</span> <span class='ocrx_word' id='word_1_233' title='bbox 626 2727 657 2782; x_wconf 92' lang='lat' dir='ltr'>in</span> <span class='ocrx_word' id='word_1_234' title='bbox 672 2726 809 2783; x_wconf 90' lang='lat' dir='ltr'>Ecclesiis</span> <span class='ocrx_word' id='word_1_235' title='bbox 832 2728 1054 2798; x_wconf 86' lang='lat' dir='ltr'>conventuum(</span> <span class='ocrx_word' id='word_1_236' title='bbox 1094 2744 1193 2784; x_wconf 89' lang='lat' dir='ltr'>emens</span> 
     </span>
     <span class='ocr_line' id='line_1_30' title="bbox 99 2798 528 2872; baseline 0.005 -17"><span class='ocrx_word' id='word_1_237' title='bbox 99 2801 192 2870; x_wconf 91' lang='lat' dir='ltr'>Xlll,</span> <span class='ocrx_word' id='word_1_238' title='bbox 207 2816 244 2856; x_wconf 88' lang='lat'>20</span> <span class='ocrx_word' id='word_1_239' title='bbox 257 2799 423 2856; x_wconf 89' lang='lat' dir='ltr'>novembris</span> <span class='ocrx_word' id='word_1_240' title='bbox 440 2798 528 2872; x_wconf 82' lang='lat'>1763).</span> 
     </span>
    </p>
   </div>
   <div class='ocr_carea' id='block_1_8' title="bbox 101 2880 1194 3539">
    <p class='ocr_par' dir='ltr' id='par_1_9' title="bbox 101 2880 1193 3094">
     <span class='ocr_line' id='line_1_31' title="bbox 138 2880 1192 2957; baseline -0.001 -18"><span class='ocrx_word' id='word_1_241' title='bbox 138 2903 169 2957; x_wconf 87' lang='lat'>7.</span> <span class='ocrx_word' id='word_1_242' title='bbox 186 2883 327 2955; x_wconf 90' lang='lat' dir='ltr'>Religiosi</span> <span class='ocrx_word' id='word_1_243' title='bbox 340 2881 518 2940; x_wconf 88' lang='lat' dir='ltr'>missionarii</span> <span class='ocrx_word' id='word_1_244' title='bbox 527 2881 558 2936; x_wconf 92' lang='lat' dir='ltr'>in</span> <span class='ocrx_word' id='word_1_245' title='bbox 568 2880 735 2937; x_wconf 89' lang='lat' dir='ltr'>infidelium</span> <span class='ocrx_word' id='word_1_246' title='bbox 743 2881 788 2937; x_wconf 91' lang='lat' dir='ltr'>vel</span> <span class='ocrx_word' id='word_1_247' title='bbox 800 2880 1016 2938; x_wconf 89' lang='lat' dir='ltr'>haereticorum</span> <span class='ocrx_word' id='word_1_248' title='bbox 1025 2881 1192 2955; x_wconf 89' lang='lat' dir='ltr'>regionibus</span> 
     </span>
     <span class='ocr_line' id='line_1_32' title="bbox 101 2951 1190 3028; baseline -0.003 -16"><span class='ocrx_word' id='word_1_249' title='bbox 101 2957 255 3028; x_wconf 90' lang='lat' dir='ltr'>degentes,</span> <span class='ocrx_word' id='word_1_250' title='bbox 271 2955 439 3010; x_wconf 81' lang='lat' dir='ltr'>facultatem</span> <span class='ocrx_word' id='word_1_251' title='bbox 452 2953 562 3009; x_wconf 91' lang='lat' dir='ltr'>habent</span> <span class='ocrx_word' id='word_1_252' title='bbox 571 2951 765 3026; x_wconf 89' lang='lat' dir='ltr'>impertiendi,</span> <span class='ocrx_word' id='word_1_253' title='bbox 780 2953 816 3008; x_wconf 91' lang='lat' dir='ltr'>de</span> <span class='ocrx_word' id='word_1_254' title='bbox 826 2952 942 3008; x_wconf 89' lang='lat' dir='ltr'>licentia</span> <span class='ocrx_word' id='word_1_255' title='bbox 954 2952 1190 3022; x_wconf 89' lang='lat' dir='ltr'>Ordinariorum‚</span> 
     </span>
     <span class='ocr_line' id='line_1_33' title="bbox 123 3023 1193 3094; baseline -0.002 -12"><span class='ocrx_word' id='word_1_256' title='bbox 123 3037 255 3082; x_wconf 89' lang='lat' dir='ltr'>uatenus</span> <span class='ocrx_word' id='word_1_257' title='bbox 283 3026 388 3094; x_wconf 90' lang='lat' dir='ltr'>adsint,</span> <span class='ocrx_word' id='word_1_258' title='bbox 416 3023 661 3082; x_wconf 79' lang='lat' dir='ltr'>christifidelibus</span> <span class='ocrx_word' id='word_1_259' title='bbox 686 3024 718 3078; x_wconf 91' lang='lat' dir='ltr'>in</span> <span class='ocrx_word' id='word_1_260' title='bbox 745 3023 867 3081; x_wconf 88' lang='lat' dir='ltr'>articulo</span> <span class='ocrx_word' id='word_1_261' title='bbox 891 3023 995 3080; x_wconf 89' lang='lat' dir='ltr'>mortis</span> <span class='ocrx_word' id='word_1_262' title='bbox 1028 3025 1193 3081; x_wconf 90' lang='lat' dir='ltr'>constitutis</span> 
     </span>
    </p>

    <p class='ocr_par' dir='ltr' id='par_1_10' title="bbox 101 3094 1191 3314">
     <span class='ocr_line' id='line_1_34' title="bbox 132 3094 1191 3172; baseline -0.003 -17"><span class='ocrx_word' id='word_1_263' title='bbox 132 3097 311 3172; x_wconf 90' lang='lat' dir='ltr'>postolicam</span> <span class='ocrx_word' id='word_1_264' title='bbox 336 3097 574 3154; x_wconf 87' lang='lat' dir='ltr'>Benedictionem</span> <span class='ocrx_word' id='word_1_265' title='bbox 603 3112 673 3150; x_wconf 91' lang='lat' dir='ltr'>cum</span> <span class='ocrx_word' id='word_1_266' title='bbox 704 3096 817 3151; x_wconf 88' lang='lat' dir='ltr'>adnexa</span> <span class='ocrx_word' id='word_1_267' title='bbox 831 3094 974 3170; x_wconf 82' lang='lat' dir='ltr'>plenaria</span> <span class='ocrx_word' id='word_1_268' title='bbox 998 3095 1191 3170; x_wconf 90' lang='lat' dir='ltr'>indulgentia,</span> 
     </span>
     <span class='ocr_line' id='line_1_35' title="bbox 103 3167 1191 3241; baseline -0.003 -15"><span class='ocrx_word' id='word_1_269' title='bbox 103 3182 220 3227; x_wconf 89' lang='lat' dir='ltr'>servata</span> <span class='ocrx_word' id='word_1_270' title='bbox 247 3169 343 3224; x_wconf 88' lang='lat' dir='ltr'>forma</span> <span class='ocrx_word' id='word_1_271' title='bbox 370 3187 387 3224; x_wconf 92' lang='lat' dir='ltr'>a</span> <span class='ocrx_word' id='word_1_272' title='bbox 415 3167 573 3225; x_wconf 84' lang='lat' dir='ltr'>Benedicto</span> <span class='ocrx_word' id='word_1_273' title='bbox 597 3167 667 3222; x_wconf 92' lang='lat' dir='ltr'>XIV</span> <span class='ocrx_word' id='word_1_274' title='bbox 693 3167 870 3241; x_wconf 87' lang='lat' dir='ltr'>praescripta</span> <span class='ocrx_word' id='word_1_275' title='bbox 898 3167 1084 3238; x_wconf 83' lang='lat' dir='ltr'>(Benedictus</span> <span class='ocrx_word' id='word_1_276' title='bbox 1111 3168 1191 3236; x_wconf 89' lang='lat' dir='ltr'>XIV,</span> 
     </span>
     <span class='ocr_line' id='line_1_36' title="bbox 101 3239 378 3314; baseline 0 -18"><span class='ocrx_word' id='word_1_277' title='bbox 101 3239 272 3314; x_wconf 81' lang='lat' dir='ltr'>24augusti</span> <span class='ocrx_word' id='word_1_278' title='bbox 289 3240 378 3314; x_wconf 87' lang='grc'>1751).</span> 
     </span>
    </p>

    <p class='ocr_par' dir='ltr' id='par_1_11' title="bbox 104 3320 1194 3539">
     <span class='ocr_line' id='line_1_37' title="bbox 139 3320 1193 3402; baseline -0.002 -22"><span class='ocrx_word' id='word_1_279' title='bbox 139 3325 169 3381; x_wconf 81' lang='grc'>8.</span> <span class='ocrx_word' id='word_1_280' title='bbox 187 3323 330 3396; x_wconf 89' lang='lat' dir='ltr'>Religiosi</span> <span class='ocrx_word' id='word_1_281' title='bbox 349 3323 380 3379; x_wconf 91' lang='lat' dir='ltr'>in</span> <span class='ocrx_word' id='word_1_282' title='bbox 402 3321 593 3379; x_wconf 87' lang='lat' dir='ltr'>Missionibus</span> <span class='ocrx_word' id='word_1_283' title='bbox 607 3321 754 3402; x_wconf 87' lang='lat' dir='ltr'>degentes,</span> <span class='ocrx_word' id='word_1_284' title='bbox 768 3320 821 3394; x_wconf 90' lang='lat' dir='ltr'>qui</span> <span class='ocrx_word' id='word_1_285' title='bbox 835 3321 911 3378; x_wconf 89' lang='lat' dir='ltr'>infra</span> <span class='ocrx_word' id='word_1_286' title='bbox 923 3322 995 3377; x_wconf 88' lang='lat' dir='ltr'>duas</span> <span class='ocrx_word' id='word_1_287' title='bbox 1010 3321 1112 3378; x_wconf 90' lang='lat' dir='ltr'>saltem</span> <span class='ocrx_word' id='word_1_288' title='bbox 1124 3321 1193 3378; x_wconf 92' lang='lat' dir='ltr'>heb·</span> 
     </span>
     <span class='ocr_line' id='line_1_38' title="bbox 104 3393 1194 3465; baseline -0.003 -14"><span class='ocrx_word' id='word_1_289' title='bbox 104 3395 250 3451; x_wconf 89' lang='lat' dir='ltr'>domadas</span> <span class='ocrx_word' id='word_1_290' title='bbox 264 3393 504 3451; x_wconf 85' lang='lat' dir='ltr'>sacramentalem</span> <span class='ocrx_word' id='word_1_291' title='bbox 525 3393 740 3449; x_wconf 79' lang='lat' dir='ltr'>confessionem</span> <span class='ocrx_word' id='word_1_292' title='bbox 763 3409 902 3465; x_wconf 88' lang='lat' dir='ltr'>peragere</span> <span class='ocrx_word' id='word_1_293' title='bbox 920 3393 1025 3462; x_wconf 87' lang='lat' dir='ltr'>solent,</span> <span class='ocrx_word' id='word_1_294' title='bbox 1048 3410 1151 3450; x_wconf 90' lang='lat' dir='ltr'>omnes</span> <span class='ocrx_word' id='word_1_295' title='bbox 1165 3405 1194 3449; x_wconf 89' lang='lat' dir='ltr'>et</span> 
     </span>
     <span class='ocr_line' id='line_1_39' title="bbox 105 3463 1194 3539; baseline -0.003 -16"><span class='ocrx_word' id='word_1_296' title='bbox 105 3467 240 3539; x_wconf 89' lang='lat' dir='ltr'>singulas</span> <span class='ocrx_word' id='word_1_297' title='bbox 258 3465 465 3538; x_wconf 90' lang='lat' dir='ltr'>indulgentias,</span> <span class='ocrx_word' id='word_1_298' title='bbox 480 3481 515 3521; x_wconf 91' lang='lat' dir='ltr'>eo</span> <span class='ocrx_word' id='word_1_299' title='bbox 537 3463 677 3537; x_wconf 89' lang='lat' dir='ltr'>temporis</span> <span class='ocrx_word' id='word_1_300' title='bbox 699 3463 851 3519; x_wconf 87' lang='lat' dir='ltr'>intervallo</span> <span class='ocrx_word' id='word_1_301' title='bbox 870 3477 1067 3534; x_wconf 89' lang='lat' dir='ltr'>occurrentes,</span> <span class='ocrx_word' id='word_1_302' title='bbox 1087 3463 1194 3520; x_wconf 88' lang='lat' dir='ltr'>lucrari</span> 
     </span>
    </p>
   </div>
   <div class='ocr_carea' id='block_1_9' title="bbox 104 3533 1191 3662">
    <p class='ocr_par' dir='ltr' id='par_1_12' title="bbox 104 3533 1191 3662">
     <span class='ocr_line' id='line_1_40' title="bbox 104 3533 1191 3662; baseline 0 -70"><span class='ocrx_word' id='word_1_303' title='bbox 104 3539 215 3607; x_wconf 88' lang='lat' dir='ltr'>valent,</span> <span class='ocrx_word' id='word_1_304' title='bbox 239 3539 351 3610; x_wconf 89' lang='lat' dir='ltr'>absque</span> <span class='ocrx_word' id='word_1_305' title='bbox 373 3536 556 3593; x_wconf 90' lang='lat' dir='ltr'>confessione</span> <span class='ocrx_word' id='word_1_306' title='bbox 579 3552 634 3610; x_wconf 90' lang='lat' dir='ltr'>pro</span> <span class='ocrx_word' id='word_1_307' title='bbox 655 3533 777 3606; x_wconf 89' lang='lat' dir='ltr'>singulis</span> <span class='ocrx_word' id='word_1_308' title='bbox 799 3535 988 3608; x_wconf 88' lang='lat' dir='ltr'>indulgentiis</span> <span class='ocrx_word' id='word_1_309' title='bbox 997 3536 1191 3662; x_wconf 53' lang='lat' dir='ltr'>praescripta,</span> 
     </span>
    </p>
   </div>
   <div class='ocr_carea' id='block_1_10' title="bbox 106 3605 967 3752">
    <p class='ocr_par' dir='ltr' id='par_1_13' title="bbox 106 3605 967 3752">
     <span class='ocr_line' id='line_1_41' title="bbox 106 3605 967 3676; baseline 0 -11"><span class='ocrx_word' id='word_1_310' title='bbox 106 3609 212 3666; x_wconf 84' lang='lat' dir='ltr'>ceteris</span> <span class='ocrx_word' id='word_1_311' title='bbox 238 3608 358 3664; x_wconf 90' lang='lat' dir='ltr'>servatis</span> <span class='ocrx_word' id='word_1_312' title='bbox 380 3608 416 3664; x_wconf 94' lang='lat' dir='ltr'>de</span> <span class='ocrx_word' id='word_1_313' title='bbox 439 3607 503 3663; x_wconf 90' lang='lat' dir='ltr'>iure</span> <span class='ocrx_word' id='word_1_314' title='bbox 529 3605 677 3665; x_wconf 88' lang='lat' dir='ltr'>servandis</span> <span class='ocrx_word' id='word_1_315' title='bbox 700 3605 783 3676; x_wconf 76' lang='lat' dir='ltr'>(Pius</span> <span class='ocrx_word' id='word_1_316' title='bbox 806 3606 842 3676; x_wconf 90' lang='lat' dir='ltr'>X,</span> <span class='ocrx_word' id='word_1_317' title='bbox 870 3608 967 3666; x_wconf 89' lang='lat' dir='ltr'>Rescr.</span> 
     </span>
     <span class='ocr_line' id='line_1_42' title="bbox 112 3681 400 3752; baseline -0.003 -16"><span class='ocrx_word' id='word_1_318' title='bbox 112 3700 145 3752; x_wconf 90' lang='lat'>14</span> <span class='ocrx_word' id='word_1_319' title='bbox 156 3681 288 3737; x_wconf 87' lang='lat' dir='ltr'>decemb.</span> <span class='ocrx_word' id='word_1_320' title='bbox 308 3682 400 3752; x_wconf 86' lang='lat'>1904).</span> 
     </span>
    </p>
   </div>
   <div class='ocr_carea' id='block_1_11' title="bbox 105 3761 1195 4200">
    <p class='ocr_par' dir='ltr' id='par_1_14' title="bbox 105 3761 1195 4200">
     <span class='ocr_line' id='line_1_43' title="bbox 164 3761 1194 3837; baseline -0.006 -14"><span class='ocrx_word' id='word_1_321' title='bbox 164 3809 172 3823; x_wconf 94' lang='lat'><strong><em>.</em></strong></span> <span class='ocrx_word' id='word_1_322' title='bbox 203 3763 390 3836; x_wconf 87' lang='lat' dir='ltr'>Indulgentia</span> <span class='ocrx_word' id='word_1_323' title='bbox 411 3761 552 3837; x_wconf 84' lang='lat' dir='ltr'>plenaria</span> <span class='ocrx_word' id='word_1_324' title='bbox 582 3777 721 3818; x_wconf 87' lang='lat' dir='ltr'>concessa</span> <span class='ocrx_word' id='word_1_325' title='bbox 749 3773 791 3818; x_wconf 90' lang='lat' dir='ltr'>est</span> <span class='ocrx_word' id='word_1_326' title='bbox 823 3761 975 3835; x_wconf 90' lang='lat' dir='ltr'>Religiosis</span> <span class='ocrx_word' id='word_1_327' title='bbox 1003 3761 1194 3819; x_wconf 88' lang='lat' dir='ltr'>missionariis</span> 
     </span>
     <span class='ocr_line' id='line_1_44' title="bbox 107 3782 1194 3908; baseline -0.003 -17"><span class='ocrx_word' id='word_1_328' title='bbox 107 3782 279 3891; x_wconf 55' lang='lat' dir='ltr'>segolarum</span> <span class='ocrx_word' id='word_1_329' title='bbox 299 3833 489 3908; x_wconf 88' lang='lat' dir='ltr'>popularium</span> <span class='ocrx_word' id='word_1_330' title='bbox 510 3833 715 3888; x_wconf 85' lang='lat' dir='ltr'>fundatoribus</span> <span class='ocrx_word' id='word_1_331' title='bbox 737 3849 899 3905; x_wconf 88' lang='lat' dir='ltr'>earumque</span> <span class='ocrx_word' id='word_1_332' title='bbox 925 3833 1126 3898; x_wconf 70' lang='lat' dir='ltr'>directoribus</span> <span class='ocrx_word' id='word_1_333' title='bbox 1150 3834 1194 3888; x_wconf 95' lang='lat' dir='ltr'>lu-</span> 
     </span>
     <span class='ocr_line' id='line_1_45' title="bbox 107 3903 1195 3977; baseline -0.002 -15"><span class='ocrx_word' id='word_1_334' title='bbox 107 3905 218 3962; x_wconf 87' lang='lat' dir='ltr'>cranda</span> <span class='ocrx_word' id='word_1_335' title='bbox 238 3922 255 3960; x_wconf 86' lang='lat' dir='ltr'>a</span> <span class='ocrx_word' id='word_1_336' title='bbox 268 3904 471 3961; x_wconf 89' lang='lat' dir='ltr'>fundatoribus</span> <span class='ocrx_word' id='word_1_337' title='bbox 490 3904 537 3960; x_wconf 90' lang='lat' dir='ltr'>die</span> <span class='ocrx_word' id='word_1_338' title='bbox 549 3903 644 3977; x_wconf 89' lang='lat' dir='ltr'>prima</span> <span class='ocrx_word' id='word_1_339' title='bbox 656 3904 818 3960; x_wconf 88' lang='lat' dir='ltr'>earundem</span> <span class='ocrx_word' id='word_1_340' title='bbox 838 3904 1018 3976; x_wconf 87' lang='lat' dir='ltr'>aperitionis,</span> <span class='ocrx_word' id='word_1_341' title='bbox 1033 3918 1062 3962; x_wconf 91' lang='lat' dir='ltr'>et</span> <span class='ocrx_word' id='word_1_342' title='bbox 1075 3923 1092 3962; x_wconf 92' lang='lat' dir='ltr'>a</span> <span class='ocrx_word' id='word_1_343' title='bbox 1105 3904 1195 3962; x_wconf 85' lang='lat' dir='ltr'>direc-</span> 
     </span>
     <span class='ocr_line' id='line_1_46' title="bbox 105 3975 1195 4049; baseline 0 -17"><span class='ocrx_word' id='word_1_344' title='bbox 105 3977 223 4032; x_wconf 90' lang='lat' dir='ltr'>toribus</span> <span class='ocrx_word' id='word_1_345' title='bbox 248 3977 295 4033; x_wconf 91' lang='lat' dir='ltr'>die</span> <span class='ocrx_word' id='word_1_346' title='bbox 323 3993 384 4049; x_wconf 93' lang='lat' dir='ltr'>quo</span> <span class='ocrx_word' id='word_1_347' title='bbox 411 3975 602 4032; x_wconf 89' lang='lat' dir='ltr'>directionem</span> <span class='ocrx_word' id='word_1_348' title='bbox 630 3986 793 4046; x_wconf 68' lang='lat' dir='ltr'>assumunt,</span> <span class='ocrx_word' id='word_1_349' title='bbox 821 3975 985 4031; x_wconf 89' lang='lat' dir='ltr'>dummodo</span> <span class='ocrx_word' id='word_1_350' title='bbox 1012 3975 1135 4032; x_wconf 91' lang='lat' dir='ltr'>confessi</span> <span class='ocrx_word' id='word_1_351' title='bbox 1161 3993 1195 4032; x_wconf 89' lang='lat' dir='ltr'>ac</span> 
     </span>
     <span class='ocr_line' id='line_1_47' title="bbox 109 4045 1192 4120; baseline -0.002 -16"><span class='ocrx_word' id='word_1_352' title='bbox 109 4049 143 4105; x_wconf 88' lang='lat' dir='ltr'>S.</span> <span class='ocrx_word' id='word_1_353' title='bbox 159 4047 266 4120; x_wconf 87' lang='lat' dir='ltr'>Synaxi</span> <span class='ocrx_word' id='word_1_354' title='bbox 278 4047 379 4106; x_wconf 87' lang='lat' dir='ltr'>refecti</span> <span class='ocrx_word' id='word_1_355' title='bbox 393 4047 556 4104; x_wconf 91' lang='lat' dir='ltr'>Ecclesiam</span> <span class='ocrx_word' id='word_1_356' title='bbox 569 4063 620 4102; x_wconf 92' lang='lat' dir='ltr'>seu</span> <span class='ocrx_word' id='word_1_357' title='bbox 633 4046 797 4102; x_wconf 90' lang='lat' dir='ltr'>oratorium</span> <span class='ocrx_word' id='word_1_358' title='bbox 807 4063 877 4103; x_wconf 91' lang='lat' dir='ltr'>suae</span> <span class='ocrx_word' id='word_1_359' title='bbox 887 4048 993 4102; x_wconf 90' lang='lat' dir='ltr'>domus</span> <span class='ocrx_word' id='word_1_360' title='bbox 1005 4045 1192 4115; x_wconf 88' lang='lat' dir='ltr'>visitaverint,</span> 
     </span>
     <span class='ocr_line' id='line_1_48' title="bbox 105 4116 1195 4200; baseline -0.004 -22"><span class='ocrx_word' id='word_1_361' title='bbox 105 4131 142 4178; x_wconf 84' lang='lat' dir='ltr'>et</span> <span class='ocrx_word' id='word_1_362' title='bbox 155 4117 227 4200; x_wconf 84' lang='lat' dir='ltr'>inibi</span> <span class='ocrx_word' id='word_1_363' title='bbox 239 4137 294 4194; x_wconf 95' lang='lat' dir='ltr'>pro</span> <span class='ocrx_word' id='word_1_364' title='bbox 310 4120 433 4176; x_wconf 87' lang='lat' dir='ltr'>Sanctae</span> <span class='ocrx_word' id='word_1_365' title='bbox 447 4117 528 4174; x_wconf 89' lang='lat' dir='ltr'>Fidei</span> <span class='ocrx_word' id='word_1_366' title='bbox 542 4116 752 4192; x_wconf 90' lang='lat' dir='ltr'>propagatione</span> <span class='ocrx_word' id='word_1_367' title='bbox 770 4131 798 4174; x_wconf 92' lang='lat' dir='ltr'>et</span> <span class='ocrx_word' id='word_1_368' title='bbox 817 4118 896 4173; x_wconf 86' lang='lat' dir='ltr'>iuxta</span> <span class='ocrx_word' id='word_1_369' title='bbox 915 4118 1030 4174; x_wconf 89' lang='lat' dir='ltr'>Summi</span> <span class='ocrx_word' id='word_1_370' title='bbox 1046 4117 1195 4174; x_wconf 84' lang='lat' dir='ltr'>Pontificis</span> 
     </span>
    </p>
   </div>
   <div class='ocr_carea' id='block_1_12' title="bbox 108 4187 1196 4332">
    <p class='ocr_par' dir='ltr' id='par_1_15' title="bbox 108 4187 1196 4332">
     <span class='ocr_line' id='line_1_49' title="bbox 108 4187 1196 4332; baseline -0.003 -84"><span class='ocrx_word' id='word_1_371' title='bbox 108 4191 307 4332; x_wconf 50' lang='lat' dir='ltr'>ingqeqtsonem</span> <span class='ocrx_word' id='word_1_372' title='bbox 323 4191 387 4265; x_wconf 92' lang='lat' dir='ltr'>pias</span> <span class='ocrx_word' id='word_1_373' title='bbox 406 4190 443 4245; x_wconf 90' lang='lat' dir='ltr'>ad</span> <span class='ocrx_word' id='word_1_374' title='bbox 457 4191 552 4246; x_wconf 90' lang='lat' dir='ltr'>Deum</span> <span class='ocrx_word' id='word_1_375' title='bbox 565 4205 664 4262; x_wconf 92' lang='lat' dir='ltr'>preces</span> <span class='ocrx_word' id='word_1_376' title='bbox 677 4188 805 4244; x_wconf 87' lang='lat' dir='ltr'>fuderint</span> <span class='ocrx_word' id='word_1_377' title='bbox 820 4190 894 4259; x_wconf 84' lang='lat' dir='ltr'>(Leo</span> <span class='ocrx_word' id='word_1_378' title='bbox 908 4189 980 4248; x_wconf 90' lang='lat' dir='ltr'>XIII</span> <span class='ocrx_word' id='word_1_379' title='bbox 985 4233 991 4259; x_wconf 92' lang='lat'><strong><em>‚</em></strong></span> <span class='ocrx_word' id='word_1_380' title='bbox 1010 4190 1040 4246; x_wconf 87' lang='grc'>13</span> <span class='ocrx_word' id='word_1_381' title='bbox 1059 4187 1196 4248; x_wconf 87' lang='lat' dir='ltr'>februarii</span> 
     </span>
     <span class='ocr_line' id='line_1_50' title="bbox 113 4279 203 4332; baseline 0.044 -17"><span class='ocrx_word' id='word_1_382' title='bbox 113 4279 124 4315; x_wconf 94' lang='grc'><strong>1</strong></span> <span class='ocrx_word' id='word_1_383' title='bbox 167 4279 203 4332; x_wconf 85' lang='grc'>7.</span> 
     </span>
    </p>
   </div>
   <div class='ocr_carea' id='block_1_13' title="bbox 1059 3608 1191 3678">
    <p class='ocr_par' dir='ltr' id='par_1_16' title="bbox 1059 3608 1191 3678">
     <span class='ocr_line' id='line_1_51' title="bbox 1059 3608 1191 3678; baseline -0.008 -15"><span class='ocrx_word' id='word_1_384' title='bbox 1059 3608 1094 3668; x_wconf 88' lang='lat' dir='ltr'>C.</span> <span class='ocrx_word' id='word_1_385' title='bbox 1116 3608 1191 3678; x_wconf 93' lang='lat' dir='ltr'>lnd.,</span> 
     </span>
    </p>
   </div>
   <div class='ocr_carea' id='block_1_14' title="bbox 1246 616 1386 781">
    <p class='ocr_par' dir='ltr' id='par_1_17' title="bbox 1246 616 1386 781">
     <span class='ocr_line' id='line_1_52' title="bbox 1275 616 1379 679; baseline 0 -14"><span class='ocrx_word' id='word_1_386' title='bbox 1275 616 1379 679; x_wconf 69' lang='lat' dir='ltr'>Profici-</span> 
     </span>
     <span class='ocr_line' id='line_1_53' title="bbox 1246 678 1369 725; baseline 0.024 -3"><span class='ocrx_word' id='word_1_387' title='bbox 1246 680 1332 724; x_wconf 83' lang='lat' dir='ltr'>scentes</span> <span class='ocrx_word' id='word_1_388' title='bbox 1343 678 1369 725; x_wconf 81' lang='lat' dir='ltr'>in</span> 
     </span>
     <span class='ocr_line' id='line_1_54' title="bbox 1247 733 1386 781; baseline 0.007 -1"><span class='ocrx_word' id='word_1_389' title='bbox 1247 733 1278 780; x_wconf 82' lang='lat' dir='ltr'>tt</span> <span class='ocrx_word' id='word_1_390' title='bbox 1279 735 1386 781; x_wconf 76' lang='lat' dir='ltr'>essiones.</span> 
     </span>
    </p>
   </div>
   <div class='ocr_carea' id='block_1_15' title="bbox 1247 1055 1400 1278">
    <p class='ocr_par' dir='ltr' id='par_1_18' title="bbox 1247 1055 1400 1278">
     <span class='ocr_line' id='line_1_55' title="bbox 1275 1055 1400 1103; baseline 0.016 -2"><span class='ocrx_word' id='word_1_391' title='bbox 1275 1055 1400 1103; x_wconf 73' lang='lat' dir='ltr'>iuramen-</span> 
     </span>
     <span class='ocr_line' id='line_1_56' title="bbox 1249 1115 1381 1161; baseline 0.03 -5"><span class='ocrx_word' id='word_1_392' title='bbox 1249 1116 1297 1160; x_wconf 74' lang='lat' dir='ltr'>tum</span> <span class='ocrx_word' id='word_1_393' title='bbox 1307 1115 1381 1161; x_wconf 79' lang='lat' dir='ltr'>mieti-</span> 
     </span>
     <span class='ocr_line' id='line_1_57' title="bbox 1247 1173 1371 1218; baseline 0.024 -3"><span class='ocrx_word' id='word_1_394' title='bbox 1247 1173 1371 1218; x_wconf 79' lang='lat' dir='ltr'>stert&#39;ortem</span> 
     </span>
     <span class='ocr_line' id='line_1_58' title="bbox 1247 1241 1378 1278; baseline 0.038 -5"><span class='ocrx_word' id='word_1_395' title='bbox 1247 1241 1378 1278; x_wconf 83' lang='lat' dir='ltr'>sacrorum.</span> 
     </span>
    </p>
   </div>
   <div class='ocr_carea' id='block_1_16' title="bbox 1247 1496 1394 1719">
    <p class='ocr_par' dir='ltr' id='par_1_19' title="bbox 1247 1496 1394 1719">
     <span class='ocr_line' id='line_1_59' title="bbox 1276 1496 1394 1545; baseline 0.017 -2"><span class='ocrx_word' id='word_1_396' title='bbox 1276 1496 1394 1545; x_wconf 74' lang='lat' dir='ltr'>Ecclesiae</span> 
     </span>
     <span class='ocr_line' id='line_1_60' title="bbox 1247 1557 1387 1602; baseline 0.007 -2"><span class='ocrx_word' id='word_1_397' title='bbox 1247 1557 1268 1600; x_wconf 77' lang='lat' dir='ltr'>el</span> <span class='ocrx_word' id='word_1_398' title='bbox 1279 1558 1387 1602; x_wconf 82' lang='lat' dir='ltr'>oratoria</span> 
     </span>
     <span class='ocr_line' id='line_1_61' title="bbox 1248 1612 1388 1660; baseline 0.014 -2"><span class='ocrx_word' id='word_1_399' title='bbox 1248 1613 1274 1659; x_wconf 84' lang='lat' dir='ltr'>e&#39;n</span> <span class='ocrx_word' id='word_1_400' title='bbox 1286 1612 1388 1660; x_wconf 79' lang='lat' dir='ltr'>Missio-</span> 
     </span>
     <span class='ocr_line' id='line_1_62' title="bbox 1247 1670 1325 1719; baseline 0.026 -4"><span class='ocrx_word' id='word_1_401' title='bbox 1247 1670 1325 1719; x_wconf 80' lang='lat' dir='ltr'>nibus.</span> 
     </span>
    </p>
   </div>
   <div class='ocr_carea' id='block_1_17' title="bbox 1246 1862 1409 2083">
    <p class='ocr_par' dir='ltr' id='par_1_20' title="bbox 1246 1862 1409 2083">
     <span class='ocr_line' id='line_1_63' title="bbox 1275 1862 1394 1910; baseline 0.017 -2"><span class='ocrx_word' id='word_1_402' title='bbox 1275 1862 1394 1910; x_wconf 77' lang='lat' dir='ltr'>Ecclesiae</span> 
     </span>
     <span class='ocr_line' id='line_1_64' title="bbox 1247 1919 1409 1967; baseline 0.012 -2"><span class='ocrx_word' id='word_1_403' title='bbox 1247 1920 1274 1966; x_wconf 82' lang='lat' dir='ltr'>iet</span> <span class='ocrx_word' id='word_1_404' title='bbox 1282 1919 1409 1967; x_wconf 80' lang='lat' dir='ltr'>locith&#39;s·</span> 
     </span>
     <span class='ocr_line' id='line_1_65' title="bbox 1246 1978 1407 2025; baseline 0.019 -3"><span class='ocrx_word' id='word_1_405' title='bbox 1246 1978 1407 2025; x_wconf 80' lang='lat' dir='ltr'>sionamultra</span> 
     </span>
     <span class='ocr_line' id='line_1_66' title="bbox 1246 2041 1341 2083; baseline 0.021 -2"><span class='ocrx_word' id='word_1_406' title='bbox 1246 2041 1341 2083; x_wconf 77' lang='lat' dir='ltr'>montes.</span> 
     </span>
    </p>
   </div>
   <div class='ocr_carea' id='block_1_18' title="bbox 1246 2228 1406 2349">
    <p class='ocr_par' dir='ltr' id='par_1_21' title="bbox 1246 2228 1406 2349">
     <span class='ocr_line' id='line_1_67' title="bbox 1280 2228 1406 2277; baseline 0.016 -2"><span class='ocrx_word' id='word_1_407' title='bbox 1280 2228 1406 2277; x_wconf 75' lang='lat' dir='ltr'>Exercitia</span> 
     </span>
     <span class='ocr_line' id='line_1_68' title="bbox 1246 2287 1393 2349; baseline 0.02 -17"><span class='ocrx_word' id='word_1_408' title='bbox 1246 2287 1393 2349; x_wconf 75' lang='lat' dir='ltr'>spiritualia.</span> 
     </span>
    </p>
   </div>
   <div class='ocr_carea' id='block_1_19' title="bbox 1242 2657 1408 3183">
    <p class='ocr_par' dir='ltr' id='par_1_22' title="bbox 1242 2657 1407 2934">
     <span class='ocr_line' id='line_1_69' title="bbox 1275 2657 1360 2704; baseline -0.035 0"><span class='ocrx_word' id='word_1_409' title='bbox 1275 2657 1360 2704; x_wconf 78' lang='lat' dir='ltr'>Allore</span> 
     </span>
     <span class='ocr_line' id='line_1_70' title="bbox 1242 2714 1383 2772; baseline 0.007 -12"><span class='ocrx_word' id='word_1_410' title='bbox 1242 2714 1383 2772; x_wconf 75' lang='lat' dir='ltr'>privilegia-</span> 
     </span>
     <span class='ocr_line' id='line_1_71' title="bbox 1248 2771 1407 2818; baseline 0.013 -2"><span class='ocrx_word' id='word_1_411' title='bbox 1248 2775 1295 2817; x_wconf 81' lang='lat' dir='ltr'>tum</span> <span class='ocrx_word' id='word_1_412' title='bbox 1307 2775 1333 2818; x_wconf 79' lang='lat' dir='ltr'>tn</span> <span class='ocrx_word' id='word_1_413' title='bbox 1341 2771 1407 2818; x_wconf 82' lang='lat' dir='ltr'>eccle·</span> 
     </span>
     <span class='ocr_line' id='line_1_72' title="bbox 1246 2831 1392 2877; baseline 0.014 -2"><span class='ocrx_word' id='word_1_414' title='bbox 1246 2831 1392 2877; x_wconf 82' lang='lat' dir='ltr'>se&#39;t&#39;smt&#39;ssio·</span> 
     </span>
     <span class='ocr_line' id='line_1_73' title="bbox 1246 2901 1311 2934; baseline 0 0"><span class='ocrx_word' id='word_1_415' title='bbox 1246 2901 1311 2934; x_wconf 75' lang='lat' dir='ltr'>num.</span> 
     </span>
    </p>

    <p class='ocr_par' dir='ltr' id='par_1_23' title="bbox 1246 2964 1408 3183">
     <span class='ocr_line' id='line_1_74' title="bbox 1274 2964 1408 3022; baseline -0.015 -12"><span class='ocrx_word' id='word_1_416' title='bbox 1274 2964 1408 3022; x_wconf 65' lang='lat' dir='ltr'>Acestem-</span> 
     </span>
     <span class='ocr_line' id='line_1_75' title="bbox 1246 3019 1356 3068; baseline -0.009 -1"><span class='ocrx_word' id='word_1_417' title='bbox 1246 3019 1321 3068; x_wconf 83' lang='lat' dir='ltr'>dt&#39;ctto</span> <span class='ocrx_word' id='word_1_418' title='bbox 1330 3024 1356 3067; x_wconf 82' lang='lat' dir='ltr'>in</span> 
     </span>
     <span class='ocr_line' id='line_1_76' title="bbox 1246 3078 1408 3126; baseline 0 -1"><span class='ocrx_word' id='word_1_419' title='bbox 1246 3078 1303 3125; x_wconf 77' lang='lat' dir='ltr'>locis</span> <span class='ocrx_word' id='word_1_420' title='bbox 1312 3080 1408 3126; x_wconf 75' lang='lat' dir='ltr'>missio·</span> 
     </span>
     <span class='ocr_line' id='line_1_77' title="bbox 1246 3150 1309 3183; baseline 0.016 -1"><span class='ocrx_word' id='word_1_421' title='bbox 1246 3150 1309 3183; x_wconf 80' lang='lat' dir='ltr'>num.</span> 
     </span>
    </p>
   </div>
   <div class='ocr_carea' id='block_1_20' title="bbox 1247 3329 1396 3608">
    <p class='ocr_par' dir='ltr' id='par_1_24' title="bbox 1247 3329 1396 3608">
     <span class='ocr_line' id='line_1_78' title="bbox 1276 3329 1396 3386; baseline -0.017 -8"><span class='ocrx_word' id='word_1_422' title='bbox 1276 3329 1396 3386; x_wconf 78' lang='lat' dir='ltr'>Confessio</span> 
     </span>
     <span class='ocr_line' id='line_1_79' title="bbox 1248 3386 1376 3455; baseline 0 -21"><span class='ocrx_word' id='word_1_423' title='bbox 1248 3386 1376 3455; x_wconf 73' lang='lat' dir='ltr'>latitantis</span> 
     </span>
     <span class='ocr_line' id='line_1_80' title="bbox 1248 3443 1385 3506; baseline 0.015 -14"><span class='ocrx_word' id='word_1_424' title='bbox 1248 3443 1315 3506; x_wconf 78' lang='lat' dir='ltr'>tnsra</span> <span class='ocrx_word' id='word_1_425' title='bbox 1326 3446 1385 3494; x_wconf 77' lang='lat' dir='ltr'>tuas</span> 
     </span>
     <span class='ocr_line' id='line_1_81' title="bbox 1247 3503 1369 3608; baseline 0 -58"><span class='ocrx_word' id='word_1_426' title='bbox 1247 3503 1369 3608; x_wconf 50' lang='lat' dir='ltr'>zedemo-</span> 
     </span>
    </p>

    <p class='ocr_par' dir='ltr' id='par_1_25' title="bbox 1278 3575 1396 3608">
     <span class='ocr_line' id='line_1_82' title="bbox 1278 3575 1396 3608; baseline 0 -12"><span class='ocrx_word' id='word_1_427' title='bbox 1278 3575 1290 3607; x_wconf 70' lang='lat' dir='ltr'>S</span> <span class='ocrx_word' id='word_1_428' title='bbox 1294 3596 1299 3608; x_wconf 48' lang='grc' dir='ltr'>ι</span> <span class='ocrx_word' id='word_1_429' title='bbox 1395 3593 1396 3596; x_wconf 73' lang='grc'>,</span> 
     </span>
    </p>
   </div>
   <div class='ocr_carea' id='block_1_21' title="bbox 1248 3759 1407 3935">
    <p class='ocr_par' dir='ltr' id='par_1_26' title="bbox 1248 3759 1407 3935">
     <span class='ocr_line' id='line_1_83' title="bbox 1275 3759 1372 3808; baseline 0 0"><span class='ocrx_word' id='word_1_430' title='bbox 1275 3759 1372 3808; x_wconf 76' lang='lat' dir='ltr'>Schola·</span> 
     </span>
     <span class='ocr_line' id='line_1_84' title="bbox 1248 3817 1407 3935; baseline -0.057 -13"><span class='ocrx_word' id='word_1_431' title='bbox 1248 3817 1407 3935; x_wconf 68' lang='lat' dir='ltr'>litato:</span> 
     </span>
    </p>
   </div>
   <div class='ocr_carea' id='block_1_22' title="bbox 1215 3932 1397 3981">
    <p class='ocr_par' dir='ltr' id='par_1_27' title="bbox 1215 3932 1397 3981">
     <span class='ocr_line' id='line_1_85' title="bbox 1215 3932 1397 3981; baseline 0.005 -2"><span class='ocrx_word' id='word_1_432' title='bbox 1215 3973 1217 3979; x_wconf 94' lang='lat'><em>.</em></span> <span class='ocrx_word' id='word_1_433' title='bbox 1249 3938 1308 3979; x_wconf 83' lang='lat' dir='ltr'>tores</span> <span class='ocrx_word' id='word_1_434' title='bbox 1316 3933 1349 3981; x_wconf 85' lang='lat' dir='ltr'>vel</span> <span class='ocrx_word' id='word_1_435' title='bbox 1359 3932 1397 3980; x_wconf 76' lang='lat' dir='ltr'>ce·-</span> 
     </span>
    </p>
   </div>
   <div class='ocr_carea' id='block_1_23' title="bbox 1248 3996 1354 4041">
    <p class='ocr_par' dir='ltr' id='par_1_28' title="bbox 1248 3996 1354 4041">
     <span class='ocr_line' id='line_1_86' title="bbox 1248 3996 1354 4041; baseline 0.028 -5"><span class='ocrx_word' id='word_1_436' title='bbox 1248 3996 1354 4041; x_wconf 73' lang='lat' dir='ltr'>rectores.</span> 
     </span>
    </p>
   </div>
   <div class='ocr_carea' id='block_1_24' title="bbox 0 0 1487 4900">
    <p class='ocr_par' dir='ltr' id='par_1_29' title="bbox 0 0 1487 4900">
     <span class='ocr_line' id='line_1_87' title="bbox 0 0 1487 4900; baseline 0 0"><span class='ocrx_word' id='word_1_437' title='bbox 0 0 1487 4900; x_wconf 95' lang='lat' dir='ltr'> </span> 
     </span>
    </p>
   </div>
  </div>
 </body>
</html>
