<?xml version="1.0" encoding="UTF-8"?>
<!DOCTYPE html PUBLIC "-//W3C//DTD XHTML 1.0 Transitional//EN"
    "http://www.w3.org/TR/xhtml1/DTD/xhtml1-transitional.dtd">
<html xmlns="http://www.w3.org/1999/xhtml" xml:lang="en" lang="en">
 <head>
  <title>
</title>
<meta http-equiv="Content-Type" content="text/html;charset=utf-8" />
  <meta name='ocr-system' content='tesseract 3.04.00' />
  <meta name='ocr-capabilities' content='ocr_page ocr_carea ocr_par ocr_line ocrx_word'/>
</head>
<body>
  <div class='ocr_page' id='page_1' title='image "./dereligiosisins01vermgoog_0015.png"; bbox 0 0 2959 4900; ppageno 0'>
   <div class='ocr_carea' id='block_1_1' title="bbox 368 359 1216 420">
    <p class='ocr_par' dir='ltr' id='par_1_1' title="bbox 368 359 1216 420">
     <span class='ocr_line' id='line_1_1' title="bbox 368 359 1216 420; baseline -0.002 0"><span class='ocrx_word' id='word_1_1' title='bbox 368 367 372 375; x_wconf 85' lang='lat'>&#39;</span> <span class='ocrx_word' id='word_1_2' title='bbox 450 383 568 420; x_wconf 72' lang='lat' dir='ltr'><strong>sturaax</strong></span> <span class='ocrx_word' id='word_1_3' title='bbox 583 382 776 419; x_wconf 75' lang='lat' dir='ltr'><strong>rauranrms</strong></span> <span class='ocrx_word' id='word_1_4' title='bbox 791 382 891 418; x_wconf 79' lang='lat' dir='ltr'><strong>vorun</strong></span> <span class='ocrx_word' id='word_1_5' title='bbox 1197 359 1216 418; x_wconf 77' lang='lat'><strong>5</strong></span> 
     </span>
    </p>
   </div>
   <div class='ocr_carea' id='block_1_2' title="bbox 125 514 1253 692">
    <p class='ocr_par' dir='ltr' id='par_1_2' title="bbox 125 514 1253 692">
     <span class='ocr_line' id='line_1_2' title="bbox 125 514 1217 618; baseline -0.005 -31"><span class='ocrx_word' id='word_1_6' title='bbox 125 540 208 587; x_wconf 81' lang='lat' dir='ltr'><strong>anni</strong></span> <span class='ocrx_word' id='word_1_7' title='bbox 199 516 405 603; x_wconf 82' lang='lat' dir='ltr'><strong>bisextilis,</strong></span> <span class='ocrx_word' id='word_1_8' title='bbox 424 515 559 618; x_wconf 81' lang='lat' dir='ltr'><strong>attingit</strong></span> <span class='ocrx_word' id='word_1_9' title='bbox 575 515 724 584; x_wconf 88' lang='lat' dir='ltr'><strong>eandem</strong></span> <span class='ocrx_word' id='word_1_10' title='bbox 742 516 865 584; x_wconf 88' lang='lat' dir='ltr'><strong>horam</strong></span> <span class='ocrx_word' id='word_1_11' title='bbox 882 514 951 582; x_wconf 91' lang='lat' dir='ltr'><strong>diei</strong></span> <span class='ocrx_word' id='word_1_12' title='bbox 977 537 1019 599; x_wconf 83' lang='lat'><strong>24</strong></span> <span class='ocrx_word' id='word_1_13' title='bbox 1030 514 1116 581; x_wconf 61' lang='lat' dir='ltr'><strong>*ebr</strong></span> <span class='ocrx_word' id='word_1_14' title='bbox 1135 514 1217 582; x_wconf 90' lang='lat' dir='ltr'><strong>anni</strong></span> 
     </span>
     <span class='ocr_line' id='line_1_3' title="bbox 130 569 1253 692; baseline -0.006 -15"><span class='ocrx_word' id='word_1_15' title='bbox 130 606 324 678; x_wconf 76' lang='lat' dir='ltr'><strong>16¹aetatls</strong></span> <span class='ocrx_word' id='word_1_16' title='bbox 358 569 437 673; x_wconf 83' lang='lat' dir='ltr'><strong>Diei</strong></span> <span class='ocrx_word' id='word_1_17' title='bbox 466 608 563 672; x_wconf 90' lang='lat' dir='ltr'><strong>enim</strong></span> <span class='ocrx_word' id='word_1_18' title='bbox 591 617 647 691; x_wconf 90' lang='grc'>240</span> <span class='ocrx_word' id='word_1_19' title='bbox 670 605 757 672; x_wconf 85' lang='lat' dir='ltr'><strong>febr.</strong></span> <span class='ocrx_word' id='word_1_20' title='bbox 785 626 866 672; x_wconf 91' lang='lat' dir='ltr'><strong>anm</strong></span> <span class='ocrx_word' id='word_1_21' title='bbox 859 604 1054 672; x_wconf 80' lang='lat' dir='ltr'><strong>bisexnlrs</strong></span> <span class='ocrx_word' id='word_1_22' title='bbox 1070 604 1218 692; x_wconf 91' lang='lat' dir='ltr'><strong>perfecte</strong></span> <span class='ocrx_word' id='word_1_23' title='bbox 1250 656 1253 661; x_wconf 29' lang='lat'><strong>⁴</strong></span> 
     </span>
    </p>
   </div>
   <div class='ocr_carea' id='block_1_3' title="bbox 15 692 887 780">
    <p class='ocr_par' dir='ltr' id='par_1_3' title="bbox 15 692 887 780">
     <span class='ocr_line' id='line_1_4' title="bbox 15 692 887 780; baseline -0.007 -12"><span class='ocrx_word' id='word_1_24' title='bbox 15 763 17 768; x_wconf 79' lang='grc'>,</span> <span class='ocrx_word' id='word_1_25' title='bbox 126 696 313 779; x_wconf 80' lang='lat' dir='ltr'>respondet</span> <span class='ocrx_word' id='word_1_26' title='bbox 328 694 403 762; x_wconf 89' lang='lat' dir='ltr'><strong>dies</strong></span> <span class='ocrx_word' id='word_1_27' title='bbox 420 707 487 780; x_wconf 89' lang='grc'>240·</span> <span class='ocrx_word' id='word_1_28' title='bbox 508 695 596 762; x_wconf 89' lang='lat' dir='ltr'><strong>alius</strong></span> <span class='ocrx_word' id='word_1_29' title='bbox 612 714 695 762; x_wconf 89' lang='lat' dir='ltr'><strong>anm</strong></span> <span class='ocrx_word' id='word_1_30' title='bbox 686 692 887 762; x_wconf 81' lang='lat' dir='ltr'><strong>bisextilis.</strong></span> 
     </span>
    </p>
   </div>
   <div class='ocr_carea' id='block_1_4' title="bbox 125 781 1221 1237">
    <p class='ocr_par' dir='ltr' id='par_1_4' title="bbox 125 781 1220 1226">
     <span class='ocr_line' id='line_1_5' title="bbox 173 781 1218 885; baseline -0.005 -33"><span class='ocrx_word' id='word_1_31' title='bbox 173 783 290 852; x_wconf 88' lang='lat' dir='ltr'><strong>Semel</strong></span> <span class='ocrx_word' id='word_1_32' title='bbox 317 799 434 852; x_wconf 88' lang='lat' dir='ltr'><strong>autem</strong></span> <span class='ocrx_word' id='word_1_33' title='bbox 461 784 498 850; x_wconf 94' lang='lat' dir='ltr'><strong>in</strong></span> <span class='ocrx_word' id='word_1_34' title='bbox 529 783 680 885; x_wconf 85' lang='lat' dir='ltr'><strong>saeculo,</strong></span> <span class='ocrx_word' id='word_1_35' title='bbox 715 781 858 870; x_wconf 88' lang='lat' dir='ltr'><strong>quando</strong></span> <span class='ocrx_word' id='word_1_36' title='bbox 889 803 1002 848; x_wconf 91' lang='lat' dir='ltr'><strong>annus</strong></span> <span class='ocrx_word' id='word_1_37' title='bbox 1034 781 1218 849; x_wconf 89' lang='lat' dir='ltr'><strong>saecularis</strong></span> 
     </span>
     <span class='ocr_line' id='line_1_6' title="bbox 125 869 1220 974; baseline -0.004 -34"><span class='ocrx_word' id='word_1_38' title='bbox 125 874 251 962; x_wconf 88' lang='lat' dir='ltr'><strong>nequit</strong></span> <span class='ocrx_word' id='word_1_39' title='bbox 287 873 436 974; x_wconf 86' lang='lat' dir='ltr'>perfecte</span> <span class='ocrx_word' id='word_1_40' title='bbox 474 871 623 940; x_wconf 91' lang='lat' dir='ltr'><strong>dividi</strong></span> <span class='ocrx_word' id='word_1_41' title='bbox 614 893 652 939; x_wconf 90' lang='grc'><strong>86</strong></span> <span class='ocrx_word' id='word_1_42' title='bbox 682 886 797 960; x_wconf 90' lang='lat' dir='ltr'><strong>partes</strong></span> <span class='ocrx_word' id='word_1_43' title='bbox 835 887 1009 959; x_wconf 88' lang='lat' dir='ltr'><strong>quattuor,</strong></span> <span class='ocrx_word' id='word_1_44' title='bbox 1046 869 1220 937; x_wconf 88' lang='lat' dir='ltr'><strong>omittitur</strong></span> 
     </span>
     <span class='ocr_line' id='line_1_7' title="bbox 126 958 1218 1050; baseline -0.004 -20"><span class='ocrx_word' id='word_1_45' title='bbox 126 983 241 1030; x_wconf 92' lang='lat' dir='ltr'><strong>annus</strong></span> <span class='ocrx_word' id='word_1_46' title='bbox 267 961 445 1031; x_wconf 84' lang='lat' dir='ltr'><strong>bisextilis.</strong></span> <span class='ocrx_word' id='word_1_47' title='bbox 476 961 540 1045; x_wconf 90' lang='lat' dir='ltr'><strong>lta,</strong></span> <span class='ocrx_word' id='word_1_48' title='bbox 559 982 672 1028; x_wconf 88' lang='lat' dir='ltr'><strong>annus</strong></span> <span class='ocrx_word' id='word_1_49' title='bbox 693 983 789 1050; x_wconf 85' lang='lat'>1700,</span> <span class='ocrx_word' id='word_1_50' title='bbox 814 959 909 1045; x_wconf 86' lang='lat'>1800,</span> <span class='ocrx_word' id='word_1_51' title='bbox 933 982 1016 1048; x_wconf 85' lang='grc'><strong>8966</strong></span> <span class='ocrx_word' id='word_1_52' title='bbox 1032 980 1105 1026; x_wconf 92' lang='lat' dir='ltr'><strong>non</strong></span> <span class='ocrx_word' id='word_1_53' title='bbox 1122 958 1218 1026; x_wconf 90' lang='lat' dir='ltr'><strong>fuere</strong></span> 
     </span>
     <span class='ocr_line' id='line_1_8' title="bbox 127 1047 1216 1153; baseline -0.005 -34"><span class='ocrx_word' id='word_1_54' title='bbox 127 1050 311 1120; x_wconf 90' lang='lat' dir='ltr'><strong>bisextiles</strong></span> <span class='ocrx_word' id='word_1_55' title='bbox 336 1049 456 1136; x_wconf 88' lang='lat' dir='ltr'><strong>Quare</strong></span> <span class='ocrx_word' id='word_1_56' title='bbox 484 1050 544 1138; x_wconf 92' lang='lat' dir='ltr'><strong>qui</strong></span> <span class='ocrx_word' id='word_1_57' title='bbox 569 1065 671 1117; x_wconf 85' lang='lat' dir='ltr'><strong>natus</strong></span> <span class='ocrx_word' id='word_1_58' title='bbox 694 1065 746 1116; x_wconf 89' lang='lat' dir='ltr'><strong>est</strong></span> <span class='ocrx_word' id='word_1_59' title='bbox 762 1070 855 1115; x_wconf 93' lang='lat' dir='ltr'><strong>anno</strong></span> <span class='ocrx_word' id='word_1_60' title='bbox 871 1072 979 1153; x_wconf 83' lang='lat'>1900,</span> <span class='ocrx_word' id='word_1_61' title='bbox 997 1048 1054 1115; x_wconf 92' lang='lat' dir='ltr'><strong>die</strong></span> <span class='ocrx_word' id='word_1_62' title='bbox 1071 1069 1113 1134; x_wconf 89' lang='grc'>24</span> <span class='ocrx_word' id='word_1_63' title='bbox 1129 1047 1216 1117; x_wconf 87' lang='lat' dir='ltr'><strong>febr</strong></span> 
     </span>
     <span class='ocr_line' id='line_1_9' title="bbox 126 1136 1221 1237; baseline -0.005 -30"><span class='ocrx_word' id='word_1_64' title='bbox 126 1161 201 1207; x_wconf 92' lang='lat' dir='ltr'><strong>non</strong></span> <span class='ocrx_word' id='word_1_65' title='bbox 217 1139 408 1226; x_wconf 81' lang='lat' dir='ltr'><strong>complebit</strong></span> <span class='ocrx_word' id='word_1_66' title='bbox 424 1160 557 1206; x_wconf 90' lang='lat' dir='ltr'><strong>annum</strong></span> <span class='ocrx_word' id='word_1_67' title='bbox 578 1137 827 1206; x_wconf 80' lang='lat' dir='ltr'><strong>rbaetatisnisi</strong></span> <span class='ocrx_word' id='word_1_68' title='bbox 847 1139 902 1206; x_wconf 84' lang='lat'><strong>25⁰</strong></span> <span class='ocrx_word' id='word_1_69' title='bbox 915 1139 1000 1205; x_wconf 87' lang='lat' dir='ltr'><strong>febr</strong></span> <span class='ocrx_word' id='word_1_70' title='bbox 1016 1140 1098 1204; x_wconf 90' lang='lat' dir='ltr'><strong>anni</strong></span> <span class='ocrx_word' id='word_1_71' title='bbox 1120 1136 1221 1237; x_wconf 91' lang='grc'>8986.</span> 
     </span>
    </p>
   </div>
   <div class='ocr_carea' id='block_1_5' title="bbox 128 1225 1325 1317">
    <p class='ocr_par' dir='ltr' id='par_1_5' title="bbox 128 1225 1325 1317">
     <span class='ocr_line' id='line_1_10' title="bbox 128 1225 1325 1317; baseline -0.004 -21"><span class='ocrx_word' id='word_1_72' title='bbox 128 1229 236 1315; x_wconf 90' lang='lat' dir='ltr'><strong>Quod</strong></span> <span class='ocrx_word' id='word_1_73' title='bbox 253 1230 297 1296; x_wconf 91' lang='lat' dir='ltr'><strong>de</strong></span> <span class='ocrx_word' id='word_1_74' title='bbox 313 1228 390 1295; x_wconf 88' lang='lat' dir='ltr'><strong>alus</strong></span> <span class='ocrx_word' id='word_1_75' title='bbox 405 1228 530 1295; x_wconf 78' lang='lat' dir='ltr'><strong>diebus</strong></span> <span class='ocrx_word' id='word_1_76' title='bbox 547 1250 608 1317; x_wconf 83' lang='lat' dir='ltr'><strong>qur</strong></span> <span class='ocrx_word' id='word_1_77' title='bbox 637 1243 715 1314; x_wconf 92' lang='lat' dir='ltr'><strong>post</strong></span> <span class='ocrx_word' id='word_1_78' title='bbox 733 1239 813 1313; x_wconf 85' lang='lat'><strong>24</strong></span> <span class='ocrx_word' id='word_1_79' title='bbox 836 1228 873 1294; x_wconf 85' lang='lat' dir='ltr'><strong>in</strong></span> <span class='ocrx_word' id='word_1_80' title='bbox 896 1247 1016 1295; x_wconf 89' lang='lat' dir='ltr'><strong>mense</strong></span> <span class='ocrx_word' id='word_1_81' title='bbox 1044 1225 1219 1293; x_wconf 87' lang='lat' dir='ltr'><strong>februario</strong></span> <span class='ocrx_word' id='word_1_82' title='bbox 1321 1263 1325 1272; x_wconf 97' lang='lat'><strong>.</strong></span> 
     </span>
    </p>
   </div>
   <div class='ocr_carea' id='block_1_6' title="bbox 126 1315 1284 2383">
    <p class='ocr_par' dir='ltr' id='par_1_6' title="bbox 126 1315 1284 1918">
     <span class='ocr_line' id='line_1_11' title="bbox 126 1315 1219 1408; baseline -0.003 -23"><span class='ocrx_word' id='word_1_83' title='bbox 126 1318 210 1385; x_wconf 90' lang='lat' dir='ltr'><strong>anni</strong></span> <span class='ocrx_word' id='word_1_84' title='bbox 244 1339 327 1408; x_wconf 84' lang='lat'>1900</span> <span class='ocrx_word' id='word_1_85' title='bbox 343 1332 531 1385; x_wconf 87' lang='lat' dir='ltr'><strong>occurrunt</strong></span> <span class='ocrx_word' id='word_1_86' title='bbox 554 1334 605 1385; x_wconf 88' lang='lat' dir='ltr'><strong>est</strong></span> <span class='ocrx_word' id='word_1_87' title='bbox 631 1316 777 1405; x_wconf 90' lang='lat' dir='ltr'><strong>perinde</strong></span> <span class='ocrx_word' id='word_1_88' title='bbox 800 1317 1001 1384; x_wconf 88' lang='lat' dir='ltr'><strong>dicendum.</strong></span> <span class='ocrx_word' id='word_1_89' title='bbox 1029 1315 1141 1383; x_wconf 91' lang='lat' dir='ltr'><strong>Cuius</strong></span> <span class='ocrx_word' id='word_1_90' title='bbox 1167 1319 1219 1382; x_wconf 88' lang='lat' dir='ltr'><strong>rei</strong></span> 
     </span>
     <span class='ocr_line' id='line_1_12' title="bbox 127 1406 1220 1494; baseline -0.001 -21"><span class='ocrx_word' id='word_1_91' title='bbox 127 1407 217 1474; x_wconf 89' lang='lat' dir='ltr'><strong>ratio</strong></span> <span class='ocrx_word' id='word_1_92' title='bbox 240 1428 313 1474; x_wconf 93' lang='lat' dir='ltr'><strong>non</strong></span> <span class='ocrx_word' id='word_1_93' title='bbox 337 1422 387 1474; x_wconf 91' lang='lat' dir='ltr'><strong>est</strong></span> <span class='ocrx_word' id='word_1_94' title='bbox 412 1406 771 1490; x_wconf 84' lang='lat' dir='ltr'><strong>allataaLEssto(c.</strong></span> <span class='ocrx_word' id='word_1_95' title='bbox 743 1427 855 1492; x_wconf 83' lang='lat' dir='ltr'><strong>c,41</strong></span> <span class='ocrx_word' id='word_1_96' title='bbox 884 1427 920 1472; x_wconf 92' lang='lat' dir='ltr'><strong>n.</strong></span> <span class='ocrx_word' id='word_1_97' title='bbox 931 1406 1007 1494; x_wconf 80' lang='grc'><strong>59)</strong></span> <span class='ocrx_word' id='word_1_98' title='bbox 1035 1406 1220 1472; x_wconf 86' lang='lat' dir='ltr'><strong>necessitas</strong></span> 
     </span>
     <span class='ocr_line' id='line_1_13' title="bbox 126 1495 1284 1596; baseline -0.001 -34"><span class='ocrx_word' id='word_1_99' title='bbox 126 1495 328 1584; x_wconf 91' lang='lat' dir='ltr'><strong>supplendi,</strong></span> <span class='ocrx_word' id='word_1_100' title='bbox 367 1509 445 1584; x_wconf 90' lang='lat' dir='ltr'><strong>post</strong></span> <span class='ocrx_word' id='word_1_101' title='bbox 483 1512 648 1596; x_wconf 85' lang='lat' dir='ltr'><strong>quartum</strong></span> <span class='ocrx_word' id='word_1_102' title='bbox 686 1515 866 1596; x_wconf 89' lang='lat' dir='ltr'><strong>quemque</strong></span> <span class='ocrx_word' id='word_1_103' title='bbox 901 1516 1049 1579; x_wconf 91' lang='lat' dir='ltr'><strong>annum,</strong></span> <span class='ocrx_word' id='word_1_104' title='bbox 1083 1510 1219 1582; x_wconf 90' lang='lat' dir='ltr'><strong>quatter</strong></span> <span class='ocrx_word' id='word_1_105' title='bbox 1276 1563 1284 1577; x_wconf 74' lang='grc'>,</span> 
     </span>
     <span class='ocr_line' id='line_1_14' title="bbox 126 1583 1220 1672; baseline -0.002 -20"><span class='ocrx_word' id='word_1_106' title='bbox 126 1604 229 1653; x_wconf 90' lang='lat' dir='ltr'><strong>senas</strong></span> <span class='ocrx_word' id='word_1_107' title='bbox 244 1584 348 1651; x_wconf 89' lang='lat' dir='ltr'><strong>horas</strong></span> <span class='ocrx_word' id='word_1_108' title='bbox 365 1604 454 1672; x_wconf 91' lang='lat' dir='ltr'><strong>quae</strong></span> <span class='ocrx_word' id='word_1_109' title='bbox 470 1583 617 1672; x_wconf 89' lang='lat' dir='ltr'><strong>singulis</strong></span> <span class='ocrx_word' id='word_1_110' title='bbox 641 1584 743 1650; x_wconf 86' lang='lat' dir='ltr'><strong>annis</strong></span> <span class='ocrx_word' id='word_1_111' title='bbox 766 1583 964 1651; x_wconf 84' lang='lat' dir='ltr'><strong>defuerint:</strong></span> <span class='ocrx_word' id='word_1_112' title='bbox 992 1605 1096 1650; x_wconf 93' lang='lat' dir='ltr'><strong>nemo</strong></span> <span class='ocrx_word' id='word_1_113' title='bbox 1123 1583 1220 1650; x_wconf 85' lang='lat' dir='ltr'><strong>enirn</strong></span> 
     </span>
     <span class='ocr_line' id='line_1_15' title="bbox 128 1672 1219 1774; baseline -0.002 -34"><span class='ocrx_word' id='word_1_114' title='bbox 128 1674 172 1740; x_wconf 90' lang='lat' dir='ltr'><strong>ad</strong></span> <span class='ocrx_word' id='word_1_115' title='bbox 189 1673 442 1763; x_wconf 91' lang='lat' dir='ltr'><strong>complendum</strong></span> <span class='ocrx_word' id='word_1_116' title='bbox 458 1694 592 1740; x_wconf 90' lang='lat' dir='ltr'><strong>annum</strong></span> <span class='ocrx_word' id='word_1_117' title='bbox 609 1695 640 1740; x_wconf 81' lang='lat' dir='ltr'><strong>r.</strong></span> <span class='ocrx_word' id='word_1_118' title='bbox 660 1695 711 1774; x_wconf 86' lang='lat' dir='ltr'><strong>gr.</strong></span> <span class='ocrx_word' id='word_1_119' title='bbox 731 1673 938 1758; x_wconf 88' lang='lat' dir='ltr'><strong>noviciatus,</strong></span> <span class='ocrx_word' id='word_1_120' title='bbox 957 1675 1108 1760; x_wconf 88' lang='lat' dir='ltr'><strong>postulat</strong></span> <span class='ocrx_word' id='word_1_121' title='bbox 1124 1672 1219 1738; x_wconf 90' lang='lat' dir='ltr'><strong>addi·</strong></span> 
     </span>
     <span class='ocr_line' id='line_1_16' title="bbox 127 1760 1218 1871; baseline -0.002 -41"><span class='ocrx_word' id='word_1_122' title='bbox 127 1762 261 1830; x_wconf 88' lang='lat' dir='ltr'><strong>tionem</strong></span> <span class='ocrx_word' id='word_1_123' title='bbox 278 1783 336 1829; x_wconf 87' lang='lat' dir='ltr'><strong>sex</strong></span> <span class='ocrx_word' id='word_1_124' title='bbox 347 1761 527 1849; x_wconf 88' lang='lat' dir='ltr'><strong>horarum,</strong></span> <span class='ocrx_word' id='word_1_125' title='bbox 545 1760 605 1828; x_wconf 88' lang='lat' dir='ltr'><strong>sed</strong></span> <span class='ocrx_word' id='word_1_126' title='bbox 619 1764 706 1829; x_wconf 91' lang='lat' dir='ltr'><strong>ratio</strong></span> <span class='ocrx_word' id='word_1_127' title='bbox 723 1778 795 1830; x_wconf 89' lang='lat' dir='ltr'><strong>tota</strong></span> <span class='ocrx_word' id='word_1_128' title='bbox 807 1778 857 1830; x_wconf 84' lang='lat' dir='ltr'><strong>est</strong></span> <span class='ocrx_word' id='word_1_129' title='bbox 869 1763 905 1829; x_wconf 90' lang='lat' dir='ltr'><strong>in</strong></span> <span class='ocrx_word' id='word_1_130' title='bbox 921 1782 1027 1871; x_wconf 82' lang='lat' dir='ltr'><strong>supra</strong></span> <span class='ocrx_word' id='word_1_131' title='bbox 1039 1761 1218 1850; x_wconf 88' lang='lat' dir='ltr'><strong>proposito</strong></span> 
     </span>
     <span class='ocr_line' id='line_1_17' title="bbox 129 1851 413 1918; baseline -0.007 0"><span class='ocrx_word' id='word_1_132' title='bbox 129 1873 197 1918; x_wconf 93' lang='lat' dir='ltr'><strong>usu</strong></span> <span class='ocrx_word' id='word_1_133' title='bbox 213 1851 413 1918; x_wconf 87' lang='lat' dir='ltr'><strong>calendarii.</strong></span> 
     </span>
    </p>

    <p class='ocr_par' dir='ltr' id='par_1_7' title="bbox 127 1938 1221 2383">
     <span class='ocr_line' id='line_1_18' title="bbox 175 1938 1220 2029; baseline -0.001 -23"><span class='ocrx_word' id='word_1_134' title='bbox 175 1940 285 2007; x_wconf 92' lang='lat' dir='ltr'><strong>Nulla</strong></span> <span class='ocrx_word' id='word_1_135' title='bbox 308 1953 427 2007; x_wconf 89' lang='lat' dir='ltr'><strong>autem</strong></span> <span class='ocrx_word' id='word_1_136' title='bbox 453 1938 542 2006; x_wconf 86' lang='lat' dir='ltr'><strong>ratio</strong></span> <span class='ocrx_word' id='word_1_137' title='bbox 566 1939 731 2027; x_wconf 87' lang='lat' dir='ltr'><strong>postulat,</strong></span> <span class='ocrx_word' id='word_1_138' title='bbox 758 1954 797 2006; x_wconf 91' lang='lat' dir='ltr'><strong>ut</strong></span> <span class='ocrx_word' id='word_1_139' title='bbox 820 1960 902 2006; x_wconf 88' lang='lat' dir='ltr'><strong>eum</strong></span> <span class='ocrx_word' id='word_1_140' title='bbox 927 1959 987 2026; x_wconf 85' lang='lat' dir='ltr'><strong>qur</strong></span> <span class='ocrx_word' id='word_1_141' title='bbox 978 1938 1220 2029; x_wconf 87' lang='lat' dir='ltr'><strong>ingrediatur</strong></span> 
     </span>
     <span class='ocr_line' id='line_1_19' title="bbox 128 2027 1220 2130; baseline -0.002 -34"><span class='ocrx_word' id='word_1_142' title='bbox 128 2029 336 2130; x_wconf 86' lang='lat' dir='ltr'><strong>religionem</strong></span> <span class='ocrx_word' id='word_1_143' title='bbox 359 2027 415 2095; x_wconf 92' lang='lat' dir='ltr'><strong>die</strong></span> <span class='ocrx_word' id='word_1_144' title='bbox 437 2041 494 2116; x_wconf 88' lang='grc'><strong>290</strong></span> <span class='ocrx_word' id='word_1_145' title='bbox 510 2027 674 2128; x_wconf 78' lang='lat' dir='ltr'><strong>februarii</strong></span> <span class='ocrx_word' id='word_1_146' title='bbox 698 2048 801 2128; x_wconf 84' lang='lat' dir='ltr'><strong>posse</strong></span> <span class='ocrx_word' id='word_1_147' title='bbox 825 2029 935 2095; x_wconf 87' lang='lat' dir='ltr'><strong>lacere</strong></span> <span class='ocrx_word' id='word_1_148' title='bbox 956 2044 1035 2099; x_wconf 85' lang='lat' dir='ltr'><strong>vota</strong></span> <span class='ocrx_word' id='word_1_149' title='bbox 1051 2049 1220 2116; x_wconf 84' lang='lat' dir='ltr'><strong>negemus</strong></span> 
     </span>
     <span class='ocr_line' id='line_1_20' title="bbox 127 2116 1221 2206; baseline -0.001 -22"><span class='ocrx_word' id='word_1_150' title='bbox 127 2117 184 2185; x_wconf 91' lang='lat' dir='ltr'><strong>die</strong></span> <span class='ocrx_word' id='word_1_151' title='bbox 220 2117 277 2184; x_wconf 88' lang='grc'><strong>280</strong></span> <span class='ocrx_word' id='word_1_152' title='bbox 308 2117 471 2184; x_wconf 88' lang='lat' dir='ltr'><strong>februarii</strong></span> <span class='ocrx_word' id='word_1_153' title='bbox 503 2116 585 2184; x_wconf 89' lang='lat' dir='ltr'><strong>anni</strong></span> <span class='ocrx_word' id='word_1_154' title='bbox 617 2118 776 2206; x_wconf 87' lang='lat' dir='ltr'><strong>proxime</strong></span> <span class='ocrx_word' id='word_1_155' title='bbox 810 2116 1001 2205; x_wconf 78' lang='lat' dir='ltr'><strong>sequentia,</strong></span> <span class='ocrx_word' id='word_1_156' title='bbox 1033 2137 1116 2184; x_wconf 91' lang='lat' dir='ltr'><strong>cum</strong></span> <span class='ocrx_word' id='word_1_157' title='bbox 1147 2116 1221 2183; x_wconf 91' lang='lat' dir='ltr'><strong>dies</strong></span> 
     </span>
     <span class='ocr_line' id='line_1_21' title="bbox 129 2204 1220 2296; baseline -0.001 -24"><span class='ocrx_word' id='word_1_158' title='bbox 129 2219 197 2296; x_wconf 73' lang='grc'>2900</span> <span class='ocrx_word' id='word_1_159' title='bbox 229 2207 312 2274; x_wconf 91' lang='lat' dir='ltr'><strong>anni</strong></span> <span class='ocrx_word' id='word_1_160' title='bbox 344 2206 455 2273; x_wconf 87' lang='lat' dir='ltr'><strong>civilis</strong></span> <span class='ocrx_word' id='word_1_161' title='bbox 487 2221 662 2294; x_wconf 86' lang='lat' dir='ltr'><strong>supponat</strong></span> <span class='ocrx_word' id='word_1_162' title='bbox 685 2227 749 2292; x_wconf 92' lang='lat' dir='ltr'><strong>pro</strong></span> <span class='ocrx_word' id='word_1_163' title='bbox 781 2206 837 2273; x_wconf 94' lang='lat' dir='ltr'><strong>die</strong></span> <span class='ocrx_word' id='word_1_164' title='bbox 866 2207 922 2272; x_wconf 92' lang='grc'><strong>280</strong></span> <span class='ocrx_word' id='word_1_165' title='bbox 949 2204 1220 2291; x_wconf 90' lang='lat' dir='ltr'><strong>computationis</strong></span> 
     </span>
     <span class='ocr_line' id='line_1_22' title="bbox 128 2294 1100 2383; baseline 0.002 -21"><span class='ocrx_word' id='word_1_166' title='bbox 128 2297 329 2364; x_wconf 76' lang='lat' dir='ltr'><strong>canonicae</strong></span> <span class='ocrx_word' id='word_1_167' title='bbox 350 2294 525 2380; x_wconf 82' lang='lat' dir='ltr'><strong>Quocirca</strong></span> <span class='ocrx_word' id='word_1_168' title='bbox 542 2316 753 2383; x_wconf 81' lang='lat' dir='ltr'><strong>corrigimus</strong></span> <span class='ocrx_word' id='word_1_169' title='bbox 769 2294 900 2364; x_wconf 87' lang='lat' dir='ltr'><strong>dictat</strong></span> <span class='ocrx_word' id='word_1_170' title='bbox 921 2319 949 2382; x_wconf 90' lang='lat'><strong>1,</strong></span> <span class='ocrx_word' id='word_1_171' title='bbox 968 2317 1004 2363; x_wconf 92' lang='lat' dir='ltr'><strong>n.</strong></span> <span class='ocrx_word' id='word_1_172' title='bbox 1025 2303 1100 2364; x_wconf 85' lang='lat'><strong>188.</strong></span> 
     </span>
    </p>
   </div>
   <div class='ocr_carea' id='block_1_7' title="bbox 255 2618 1097 2882">
    <p class='ocr_par' dir='ltr' id='par_1_8' title="bbox 255 2598 1097 2882">
     <span class='ocr_line' id='line_1_23' title="bbox 255 2618 1097 2703; baseline 0.001 -3"><span class='ocrx_word' id='word_1_173' title='bbox 255 2618 737 2703; x_wconf 84' lang='lat' dir='ltr'><strong>SUPPLEMENTUM</strong></span> <span class='ocrx_word' id='word_1_174' title='bbox 767 2619 1097 2703; x_wconf 75' lang='lat' dir='ltr'><strong>sacuuoult</strong></span> 
     </span>
     <span class='ocr_line' id='line_1_24' title="bbox 333 2816 1021 2882; baseline 0.006 -5"><span class='ocrx_word' id='word_1_175' title='bbox 333 2816 385 2877; x_wconf 76' lang='lat' dir='ltr'><strong>tta</strong></span> <span class='ocrx_word' id='word_1_176' title='bbox 408 2816 588 2882; x_wconf 75' lang='lat' dir='ltr'><strong>stdpttct</strong></span> <span class='ocrx_word' id='word_1_177' title='bbox 612 2817 893 2882; x_wconf 67' lang='lat' dir='ltr'><strong>pluralitatis</strong></span> <span class='ocrx_word' id='word_1_178' title='bbox 918 2819 1021 2881; x_wconf 77' lang='lat' dir='ltr'><strong>Volo</strong></span> 
     </span>
    </p>
   </div>
   <div class='ocr_carea' id='block_1_8' title="bbox 130 2978 1221 3151">
    <p class='ocr_par' dir='ltr' id='par_1_9' title="bbox 130 2978 1221 3151">
     <span class='ocr_line' id='line_1_25' title="bbox 130 2978 1221 3150; baseline 0.007 -101"><span class='ocrx_word' id='word_1_179' title='bbox 130 2986 440 3053; x_wconf 65' lang='lat' dir='ltr'><strong>ammonianus</strong></span> <span class='ocrx_word' id='word_1_180' title='bbox 466 2985 628 3056; x_wconf 81' lang='lat' dir='ltr'><strong>varietata</strong></span> <span class='ocrx_word' id='word_1_181' title='bbox 654 2986 753 3150; x_wconf 53' lang='lat' dir='ltr'><strong>itatius</strong></span> <span class='ocrx_word' id='word_1_182' title='bbox 779 2988 848 3057; x_wconf 80' lang='lat' dir='ltr'><strong>roll</strong></span> <span class='ocrx_word' id='word_1_183' title='bbox 875 3005 934 3073; x_wconf 86' lang='lat' dir='ltr'><strong>pro</strong></span> <span class='ocrx_word' id='word_1_184' title='bbox 960 2978 1056 3057; x_wconf 75' lang='lat' dir='ltr'><strong>laria</strong></span> <span class='ocrx_word' id='word_1_185' title='bbox 1079 2988 1221 3057; x_wconf 85' lang='lat' dir='ltr'><strong>lnstiiutl</strong></span> 
     </span>
     <span class='ocr_line' id='line_1_26' title="bbox 616 3099 737 3151; baseline 0.008 -1"><span class='ocrx_word' id='word_1_186' title='bbox 616 3099 658 3151; x_wconf 88' lang='lat' dir='ltr'><strong>na</strong></span> <span class='ocrx_word' id='word_1_187' title='bbox 677 3099 737 3151; x_wconf 90' lang='lat' dir='ltr'><strong>ura</strong></span> 
     </span>
    </p>
   </div>
   <div class='ocr_carea' id='block_1_9' title="bbox 449 3240 902 3330">
    <p class='ocr_par' dir='ltr' id='par_1_10' title="bbox 449 3240 902 3330">
     <span class='ocr_line' id='line_1_27' title="bbox 449 3240 902 3330; baseline 0.002 -21.044"><span class='ocrx_word' id='word_1_188' title='bbox 449 3240 902 3330; x_wconf 75' lang='lat' dir='ltr'><strong>(.Csrt.1,n.24o-.251)</strong></span> 
     </span>
    </p>
   </div>
   <div class='ocr_carea' id='block_1_10' title="bbox 131 3404 1223 3850">
    <p class='ocr_par' dir='ltr' id='par_1_11' title="bbox 131 3404 1223 3850">
     <span class='ocr_line' id='line_1_28' title="bbox 175 3404 1223 3494; baseline -0.001 -19"><span class='ocrx_word' id='word_1_189' title='bbox 175 3411 289 3475; x_wconf 76' lang='lat' dir='ltr'><strong>Ratio</strong></span> <span class='ocrx_word' id='word_1_190' title='bbox 304 3410 506 3476; x_wconf 81' lang='lat' dir='ltr'><strong>scribenda</strong></span> <span class='ocrx_word' id='word_1_191' title='bbox 522 3442 563 3455; x_wconf 93' lang='lat'><em>-</em></span> <span class='ocrx_word' id='word_1_192' title='bbox 580 3404 740 3473; x_wconf 90' lang='lat' dir='ltr'><strong>Velimus</strong></span> <span class='ocrx_word' id='word_1_193' title='bbox 769 3406 930 3473; x_wconf 91' lang='lat' dir='ltr'><strong>hocloco</strong></span> <span class='ocrx_word' id='word_1_194' title='bbox 962 3406 1081 3494; x_wconf 87' lang='lat' dir='ltr'><strong>paucis</strong></span> <span class='ocrx_word' id='word_1_195' title='bbox 1109 3406 1223 3474; x_wconf 88' lang='lat' dir='ltr'><strong>verbis</strong></span> 
     </span>
     <span class='ocr_line' id='line_1_29' title="bbox 131 3490 1219 3597; baseline 0.004 -40"><span class='ocrx_word' id='word_1_196' title='bbox 131 3490 340 3561; x_wconf 90' lang='lat' dir='ltr'><strong>adumbrare</strong></span> <span class='ocrx_word' id='word_1_197' title='bbox 371 3493 545 3561; x_wconf 89' lang='lat' dir='ltr'><strong>rationem</strong></span> <span class='ocrx_word' id='word_1_198' title='bbox 576 3515 659 3595; x_wconf 87' lang='lat' dir='ltr'><strong>qua,</strong></span> <span class='ocrx_word' id='word_1_199' title='bbox 689 3509 770 3581; x_wconf 93' lang='lat' dir='ltr'><strong>post</strong></span> <span class='ocrx_word' id='word_1_200' title='bbox 800 3516 944 3562; x_wconf 91' lang='lat' dir='ltr'><strong>normas</strong></span> <span class='ocrx_word' id='word_1_201' title='bbox 976 3517 995 3562; x_wconf 91' lang='lat' dir='ltr'><strong>a</strong></span> <span class='ocrx_word' id='word_1_202' title='bbox 1020 3493 1057 3563; x_wconf 89' lang='lat' dir='ltr'>S</span> <span class='ocrx_word' id='word_1_203' title='bbox 1085 3495 1219 3597; x_wconf 81' lang='lat' dir='ltr'><strong>Congr.</strong></span> 
     </span>
     <span class='ocr_line' id='line_1_30' title="bbox 133 3580 1222 3684; baseline 0.005 -38"><span class='ocrx_word' id='word_1_204' title='bbox 133 3580 390 3683; x_wconf 80' lang='lat' dir='ltr'><strong>Episcoporum</strong></span> <span class='ocrx_word' id='word_1_205' title='bbox 417 3600 451 3651; x_wconf 94' lang='lat' dir='ltr'><strong>et</strong></span> <span class='ocrx_word' id='word_1_206' title='bbox 466 3582 701 3684; x_wconf 81' lang='lat' dir='ltr'><strong>Regularium</strong></span> <span class='ocrx_word' id='word_1_207' title='bbox 725 3583 883 3652; x_wconf 91' lang='lat' dir='ltr'><strong>conditas</strong></span> <span class='ocrx_word' id='word_1_208' title='bbox 906 3583 963 3650; x_wconf 90' lang='lat' dir='ltr'><strong>die</strong></span> <span class='ocrx_word' id='word_1_209' title='bbox 981 3583 1054 3650; x_wconf 90' lang='grc'><strong>28</strong></span> <span class='ocrx_word' id='word_1_210' title='bbox 1046 3583 1133 3651; x_wconf 94' lang='lat' dir='ltr'><strong>1unii</strong></span> <span class='ocrx_word' id='word_1_211' title='bbox 1158 3605 1222 3671; x_wconf 93' lang='lat' dir='ltr'><strong>pro</strong></span> 
     </span>
     <span class='ocr_line' id='line_1_31' title="bbox 131 3669 1220 3774; baseline 0.004 -39"><span class='ocrx_word' id='word_1_212' title='bbox 131 3669 366 3759; x_wconf 88' lang='lat' dir='ltr'><strong>approbandis</strong></span> <span class='ocrx_word' id='word_1_213' title='bbox 392 3672 494 3740; x_wconf 91' lang='lat' dir='ltr'><strong>novis</strong></span> <span class='ocrx_word' id='word_1_214' title='bbox 513 3672 684 3740; x_wconf 88' lang='lat' dir='ltr'><strong>Institutis</strong></span> <span class='ocrx_word' id='word_1_215' title='bbox 711 3687 876 3740; x_wconf 88' lang='lat' dir='ltr'><strong>votorum</strong></span> <span class='ocrx_word' id='word_1_216' title='bbox 892 3672 1107 3756; x_wconf 91' lang='lat' dir='ltr'><strong>simplicium</strong></span> <span class='ocrx_word' id='word_1_217' title='bbox 1134 3673 1220 3774; x_wconf 71' lang='lat' dir='ltr'><strong>(Cfrt</strong></span> 
     </span>
     <span class='ocr_line' id='line_1_32' title="bbox 131 3759 1222 3850; baseline 0.005 -27"><span class='ocrx_word' id='word_1_218' title='bbox 131 3776 156 3826; x_wconf 86' lang='lat' dir='ltr'><strong>r.</strong></span> <span class='ocrx_word' id='word_1_219' title='bbox 182 3759 418 3850; x_wconf 63' lang='grc'><strong>2,.8666126</strong></span> <span class='ocrx_word' id='word_1_220' title='bbox 443 3760 509 3847; x_wconf 89' lang='lat' dir='ltr'><strong>X),</strong></span> <span class='ocrx_word' id='word_1_221' title='bbox 528 3777 561 3829; x_wconf 91' lang='lat' dir='ltr'><strong>et</strong></span> <span class='ocrx_word' id='word_1_222' title='bbox 591 3762 781 3829; x_wconf 90' lang='lat' dir='ltr'><strong>Decretum</strong></span> <span class='ocrx_word' id='word_1_223' title='bbox 803 3762 991 3850; x_wconf 83' lang='lat' dir='ltr'><strong>Perpensis</strong></span> <span class='ocrx_word' id='word_1_224' title='bbox 1008 3762 1114 3829; x_wconf 86' lang='lat' dir='ltr'><strong>diei8</strong></span> <span class='ocrx_word' id='word_1_225' title='bbox 1139 3761 1222 3829; x_wconf 92' lang='lat' dir='ltr'><strong>maii</strong></span> 
     </span>
    </p>
   </div>
   <div class='ocr_carea' id='block_1_11' title="bbox 137 3769 1222 4006">
    <p class='ocr_par' dir='ltr' id='par_1_12' title="bbox 137 3769 1222 4006">
     <span class='ocr_line' id='line_1_33' title="bbox 137 3769 1222 4006; baseline 0.004 -92"><span class='ocrx_word' id='word_1_226' title='bbox 137 3852 247 3936; x_wconf 84' lang='grc'>8962(</span> <span class='ocrx_word' id='word_1_227' title='bbox 234 3848 323 3933; x_wconf 90' lang='lat' dir='ltr'><strong>Clr</strong></span> <span class='ocrx_word' id='word_1_228' title='bbox 338 3863 364 3917; x_wconf 91' lang='lat' dir='ltr'><strong>t</strong></span> <span class='ocrx_word' id='word_1_229' title='bbox 384 3872 416 3933; x_wconf 89' lang='grc'><strong>2,</strong></span> <span class='ocrx_word' id='word_1_230' title='bbox 430 3849 480 3918; x_wconf 90' lang='grc'><strong>86</strong></span> <span class='ocrx_word' id='word_1_231' title='bbox 459 3769 699 4006; x_wconf 61' lang='grc'><strong>86646286.)</strong></span> <span class='ocrx_word' id='word_1_232' title='bbox 624 3850 711 3935; x_wconf 91' lang='lat' dir='ltr'><strong>XI)</strong></span> <span class='ocrx_word' id='word_1_233' title='bbox 728 3871 768 3917; x_wconf 91' lang='lat' dir='ltr'><strong>ex</strong></span> <span class='ocrx_word' id='word_1_234' title='bbox 785 3867 882 3938; x_wconf 88' lang='lat' dir='ltr'><strong>parte</strong></span> <span class='ocrx_word' id='word_1_235' title='bbox 896 3850 1013 3933; x_wconf 80' lang='lat' dir='ltr'><strong>perlici</strong></span> <span class='ocrx_word' id='word_1_236' title='bbox 1028 3851 1081 3917; x_wconf 90' lang='lat' dir='ltr'><strong>vel</strong></span> <span class='ocrx_word' id='word_1_237' title='bbox 1096 3865 1222 3918; x_wconf 89' lang='lat' dir='ltr'><strong>mutan</strong></span> 
     </span>
    </p>
   </div>
   <div class='ocr_carea' id='block_1_12' title="bbox 131 3902 1222 4213">
    <p class='ocr_par' dir='ltr' id='par_1_13' title="bbox 131 3902 1210 4213">
     <span class='ocr_line' id='line_1_34' title="bbox 131 3902 453 4006; baseline 0.016 -5"><span class='ocrx_word' id='word_1_238' title='bbox 131 3936 280 4005; x_wconf 88' lang='lat' dir='ltr'><strong>debeant</strong></span> <span class='ocrx_word' id='word_1_239' title='bbox 302 3936 394 4005; x_wconf 90' lang='lat' dir='ltr'><strong>dicta</strong></span> <span class='ocrx_word' id='word_1_240' title='bbox 408 3902 453 4006; x_wconf 76' lang='lat' dir='ltr'><strong>de</strong></span> 
     </span>
     <span class='ocr_line' id='line_1_35' title="bbox 132 4041 1222 4213; baseline -0.003 -21"><span class='ocrx_word' id='word_1_241' title='bbox 132 4041 219 4191; x_wconf 51' lang='grc'><strong>2586</strong></span> <span class='ocrx_word' id='word_1_242' title='bbox 235 4126 438 4210; x_wconf 80' lang='lat' dir='ltr'><strong>Ordinibus</strong></span> <span class='ocrx_word' id='word_1_243' title='bbox 453 4130 715 4213; x_wconf 51' lang='lat' dir='ltr'><strong>religiosieoe</strong></span> <span class='ocrx_word' id='word_1_244' title='bbox 733 4147 761 4191; x_wconf 95' lang='lat'><strong>1.</strong></span> <span class='ocrx_word' id='word_1_245' title='bbox 776 4124 831 4190; x_wconf 86' lang='lat' dir='ltr'><strong>De</strong></span> <span class='ocrx_word' id='word_1_246' title='bbox 847 4122 1036 4191; x_wconf 81' lang='lat' dir='ltr'><strong>Ordinibus</strong></span> <span class='ocrx_word' id='word_1_247' title='bbox 1052 4123 1222 4191; x_wconf 81' lang='lat' dir='ltr'><strong>virorum.</strong></span> 
     </span>
    </p>
   </div>
   <div class='ocr_carea' id='block_1_13' title="bbox 130 4208 1225 4391">
    <p class='ocr_par' dir='ltr' id='par_1_14' title="bbox 130 4208 1225 4391">
     <span class='ocr_line' id='line_1_36' title="bbox 134 4208 1225 4314; baseline 0.004 -39"><span class='ocrx_word' id='word_1_248' title='bbox 134 4208 266 4310; x_wconf 82' lang='lat' dir='ltr'><strong>Intacta</strong></span> <span class='ocrx_word' id='word_1_249' title='bbox 310 4228 361 4279; x_wconf 89' lang='lat' dir='ltr'><strong>est</strong></span> <span class='ocrx_word' id='word_1_250' title='bbox 391 4212 575 4303; x_wconf 87' lang='lat' dir='ltr'><strong>disciplina</strong></span> <span class='ocrx_word' id='word_1_251' title='bbox 606 4214 675 4281; x_wconf 92' lang='lat' dir='ltr'><strong>voti</strong></span> <span class='ocrx_word' id='word_1_252' title='bbox 709 4215 921 4314; x_wconf 81' lang='lat' dir='ltr'><strong>paupertatis</strong></span> <span class='ocrx_word' id='word_1_253' title='bbox 951 4212 988 4280; x_wconf 91' lang='lat' dir='ltr'><strong>in</strong></span> <span class='ocrx_word' id='word_1_254' title='bbox 1028 4210 1225 4280; x_wconf 88' lang='lat' dir='ltr'><strong>Ordinibus</strong></span> 
     </span>
     <span class='ocr_line' id='line_1_37' title="bbox 130 4298 1122 4391; baseline 0.006 -26"><span class='ocrx_word' id='word_1_255' title='bbox 130 4298 301 4369; x_wconf 89' lang='lat' dir='ltr'><strong>virorum.</strong></span> <span class='ocrx_word' id='word_1_256' title='bbox 318 4300 439 4386; x_wconf 87' lang='lat' dir='ltr'><strong>Quare</strong></span> <span class='ocrx_word' id='word_1_257' title='bbox 455 4319 597 4370; x_wconf 90' lang='lat' dir='ltr'><strong>manent</strong></span> <span class='ocrx_word' id='word_1_258' title='bbox 612 4315 834 4391; x_wconf 88' lang='lat' dir='ltr'><strong>proposnat</strong></span> <span class='ocrx_word' id='word_1_259' title='bbox 859 4326 886 4382; x_wconf 85' lang='grc'><strong>8,</strong></span> <span class='ocrx_word' id='word_1_260' title='bbox 906 4322 942 4369; x_wconf 91' lang='lat' dir='ltr'><strong>n.</strong></span> <span class='ocrx_word' id='word_1_261' title='bbox 961 4320 1042 4385; x_wconf 82' lang='grc'>245-</span> <span class='ocrx_word' id='word_1_262' title='bbox 1044 4323 1122 4386; x_wconf 84' lang='grc'>249.</span> 
     </span>
    </p>
   </div>
   <div class='ocr_carea' id='block_1_14' title="bbox 496 3938 1222 4028">
    <p class='ocr_par' dir='ltr' id='par_1_15' title="bbox 496 3938 1222 4028">
     <span class='ocr_line' id='line_1_38' title="bbox 496 3938 1222 4028; baseline 0.001 -20.016"><span class='ocrx_word' id='word_1_263' title='bbox 496 3938 652 4027; x_wconf 88' lang='lat' dir='ltr'><strong>sciplina</strong></span> <span class='ocrx_word' id='word_1_264' title='bbox 668 3940 739 4007; x_wconf 89' lang='lat' dir='ltr'><strong>voti</strong></span> <span class='ocrx_word' id='word_1_265' title='bbox 763 3940 1067 4028; x_wconf 73' lang='lat' dir='ltr'><strong>paupertatist,</strong></span> <span class='ocrx_word' id='word_1_266' title='bbox 1039 3964 1049 4005; x_wconf 90' lang='grc' dir='ltr'>ι</span> <span class='ocrx_word' id='word_1_267' title='bbox 1086 3961 1123 4007; x_wconf 91' lang='grc'><strong>6.</strong></span> <span class='ocrx_word' id='word_1_268' title='bbox 1141 3960 1222 4024; x_wconf 84' lang='lat'>240·</span> 
     </span>
    </p>
   </div>
   <div class='ocr_carea' id='block_1_15' title="bbox 0 0 1493 4900">
    <p class='ocr_par' dir='ltr' id='par_1_16' title="bbox 0 0 1493 4900">
     <span class='ocr_line' id='line_1_39' title="bbox 0 0 1493 4900; baseline 0 0"><span class='ocrx_word' id='word_1_269' title='bbox 0 0 1493 4900; x_wconf 95' lang='lat' dir='ltr'><strong> </strong></span> 
     </span>
    </p>
   </div>
  </div>
 </body>
</html>
