2959 4900
301 292 341 353 94
726 312 863 361 ouausrra
877 311 960 348 vasta

301 444 496 533 apluribus
517 444 674 527 noviciis,
694 466 777 513 cum
796 466 858 534 per
880 465 1013 512 annum
1034 444 1071 511 in
1091 442 1267 511 ordinaria
1290 438 1376 507 Insti-

223 591 228 611 ,
300 534 365 601 tuti
382 534 490 601 domo
509 534 552 601 sit
567 548 733 602 versatus.

347 623 463 711 Magis
478 622 622 691 fortasse
642 624 815 691 incertum
839 637 888 690 est
911 643 957 690 an
979 620 1156 690 sufficiens
1179 620 1267 687 facta
1290 617 1378 718 fuerit

300 712 387 779 Titii
403 712 605 801 explorati0‚
625 734 706 780 cum
722 713 841 779 nullus
857 712 960 779 fuerit
974 711 1040 799 ipsi
1057 710 1221 799 magister
1235 708 1377 776 novicio·

301 822 393 884 rum,
423 803 589 890 nullaque
611 802 687 868 eius
708 801 796 869 facta
819 799 975 867 formalis
999 800 1170 889 probatio.
1202 793 1377 867 Observari

300 889 412 957 nihilo
425 890 544 957 minus
560 911 579 957 a
595 889 758 957 fratribus
774 890 886 978 potuit
901 889 977 957 eius
993 910 1154 976 persona,
1169 886 1296 976 agendi
1316 906 1377 953 mo·

299 978 366 1136 {llus
390 993 422 1046 et
439 979 586 1048 indoles,
615 978 734 1064 Quare
750 980 866 1067 potius
890 992 942 1046 est
965 1000 1029 1067 pro
1046 979 1162 1046 valore
1178 976 1379 1065 responden·

324 1088 399 1135 um.

345 1157 378 1223 3.
399 1155 481 1225 Sive
501 1171 619 1224 autem
634 1158 725 1224 clara
741 1157 814 1224 sive
830 1156 939 1223 dubia
959 1157 1063 1223 fuerit
1085 1154 1253 1223 nullitatis
1275 1173 1377 1236 causa,

300 1245 385 1312 haec
400 1245 443 1312 ad
460 1245 658 1335 legitimum
674 1245 944 1313 ecclesiasticum
961 1245 1114 1313 iudicem
1138 1258 1188 1311 est
1213 1241 1380 1311 referenda

301 1333 389 1416 (Cfr.
424 1334 625 1403 Concilium
657 1333 920 1422 Tridentinum,
954 1355 1036 1403 sess.
1070 1333 1183 1419 XXV,
1220 1354 1295 1421 cap.
1336 1353 1377 1419 19.

302 1422 356 1489 De
395 1422 473 1492 Ref.
508 1424 649 1513 regul),
686 1444 750 1491 nec
782 1438 895 1506 potest
928 1424 1057 1505 Titius,
1096 1421 1242 1511 proprio
1281 1435 1380 1488 marte

299 1512 513 1580 monasterio
541 1512 742 1580 valedicere.
781 1512 891 1579 ludex
922 1527 1039 1581 autem
1066 1512 1123 1579 hic
1150 1531 1225 1578 esse
1256 1510 1381 1579 videtur

301 1599 338 1668 S.
356 1598 476 1686 Sedes,
491 1604 612 1669 saltem
629 1602 657 1669 si
671 1601 840 1690 professio
853 1602 932 1669 ideo
945 1602 1112 1669 nullitatis
1129 1612 1292 1690 arguatur
1308 1597 1380 1687 quia

299 1690 450 1778 receptio
466 1691 553 1759 facta
567 1690 611 1758 sit
633 1692 670 1758 in
690 1690 943 1758 monasterium
961 1713 1036 1759 non
1058 1689 1212 1779 legitime
1232 1687 1380 1773 designa-

298 1795 374 1869 tum
388 1779 476 1863 (Cfr.
490 1780 611 1849 Const.
624 1780 894 1865 URBAN.VIII‚
909 1780 927 1848 5
942 1780 1011 1849 ian.
1031 1780 1169 1866 1636,et
1183 1778 1276 1848 BEN.
1289 1775 1379 1859 XIV,
1449 1796 1450 1807 *

298 1866 340 1935 Si
353 1866 471 1935 datam
491 1873 529 1954 ¹).

344 1955 382 2025 S.
406 1956 513 2025 Sedes
530 1977 580 2026 est
596 1960 699 2027 etiam
716 1960 876 2028 adeunda
900 1960 928 2027 si
945 1981 965 2027 a
985 1960 1201 2048 professione
1229 1952 1380 2025 sollemni

298 2046 457 2135 quinque
472 2050 555 2115 anni
572 2050 677 2138 elapsi
704 2048 843 2117 fuerint.
869 2049 972 2116 Tunc
989 2050 1085 2117 enim
1108 2046 1324 2136 impetranda
1338 2058 1381 2109 est

298 2136 470 2203 restitutio
492 2137 530 2203 in
554 2138 743 2227 integrum,
773 2159 881 2227 quarn
906 2137 943 2207 S.
972 2137 1080 2207 Sedes
1103 2138 1177 2206 sola
1201 2134 1380 2203 concedere

323 2238 422 2291 otest.

298 2246 320 2313 p
341 2334 375 2398 4.
405 2313 580 2403 Denique,
606 2315 643 2382 in
670 2316 766 2405 gravi
791 2317 858 2383 isto
882 2316 1076 2384 noviciatus
1100 2314 1247 2393 defectu,
1275 2310 1380 2377 Titius

298 2401 425 2469 habere
458 2402 592 2471 videtur
619 2426 760 2472 causam
792 2428 854 2473 cur
883 2408 987 2496 longe
1018 2404 1153 2473 facilius
1186 2403 1252 2492 ipsi
1284 2419 1380 2489 quam
1448 2436 1449 2439 =

298 2492 394 2559 alteri
423 2492 587 2580 religioso
614 2495 825 2562 concedatur
849 2510 1015 2584 perpetua
1042 2491 1311 2568 saecularizatiO,
1334 2489 1380 2555 vel

298 2580 401 2647 etiarn
428 2580 590 2667 perfecta,
620 2584 662 2649 ad
690 2585 874 2670 cautelam,
903 2598 1067 2652 votorum
1094 2582 1316 2670 dispensatio.
1341 2577 1380 2644 Et

298 2691 379 2736 curn
409 2669 638 2759 Episcopum,
668 2693 775 2760 quem
803 2673 1032 2762 ingrediendo
1063 2673 1289 2761 Religionem
1317 2670 1379 2736 iam

298 2758 461 2846 habebat,
486 2781 683 2849 numquam
708 2776 801 2830 certo
829 2763 996 2850 amiserit,
1021 2761 1210 2830 verisimile
1227 2775 1276 2826 est
1299 2756 1378 2825 futu·

298 2869 378 2914 rurn
390 2863 442 2934 ut,
457 2848 506 2916 sic
519 2849 641 2917 saltem
658 2867 800 2938 optante
818 2850 855 2921 S.
872 2850 1167 2941 Congregatione‚
1182 2849 1226 2916 ad
1240 2848 1378 2917 eundem

298 2950 480 3024 tamquam
496 2960 602 3005 suurn
618 2940 804 3028 proprium
820 2942 1027 3009 remittatur.

344 3025 451 3111 Quod
484 3028 513 3094 si
546 3027 583 3094 in
625 3028 810 3118 Religione
841 3029 990 3097 voluerit
1026 3050 1260 3118 perseverare,
1293 3022 1379 3093 valde

297 3131 539 3202 opportunum
555 3137 630 3184 esse
654 3118 790 3184 videtur
805 3134 844 3184 ut
861 3118 967 3186 factae
993 3117 1219 3207 professionis
1231 3117 1378 3186 obtineat

298 3204 528 3285 sanationem,
549 3205 577 3272 si
595 3209 691 3294 quod
708 3208 937 3276 substantiale
954 3208 1131 3296 irrepserit
1147 3209 1284 3276 vitium.

343 3351 386 3417 B.
419 3351 462 3418 In
486 3366 649 3420 votorum
674 3355 900 3423 sollemnium
926 3355 1102 3434 Instituto,
1134 3352 1303 3442 professio
1325 3347 1377 3418 sol·

297 3440 424 3507 lemnis
452 3454 502 3508 est
530 3463 591 3531 per
619 3442 740 3511 decem
769 3466 881 3513 annos
910 3444 1049 3512 cuidam
1076 3444 1241 3533 religioso
1272 3442 1375 3518 dilata,
1447 3449 1448 3460 ¹

297 3530 424 3596 iustam
437 3530 581 3618 quidem
594 3531 640 3598 ob
652 3553 806 3620 causam,
822 3534 881 3600 sed
906 3535 1100 3600 inconsulta
1118 3532 1154 3602 S.
1172 3531 1273 3601 Sede.
1290 3531 1377 3598 Bona
1447 3539 1448 3588 i

297 3616 367 3684 fide
379 3619 499 3686 omnia
512 3640 588 3687 esse
600 3620 700 3708 facta,
715 3643 1013 3710 supervacaneum
1026 3636 1077 3689 est
1092 3642 1247 3690 monere.
1265 3622 1377 3706 Nuper

298 3722 427 3794 autem,
445 3729 527 3775 cum
543 3710 685 3776 tandem
702 3711 892 3800 aliquando
909 3708 1095 3799 religiosus
1110 3713 1174 3778 iste
1191 3711 1233 3777 ad
1251 3710 1375 3776 sollem-

296 3817 379 3863 nem
409 3797 662 3884 professionem
694 3800 931 3867 admittendus
963 3801 1148 3886 videretur,
1182 3801 1375 3884 interrogata

298 3883 335 3953 S.
367 3886 604 3976 Congregatio
631 3887 757 3956 vitium
785 3889 828 3957 ad
845 3889 1016 3956 cautelam
1043 3888 1187 3956 sanavit.
1222 3908 1266 3954 ne
1293 3885 1374 3950 valor

297 3976 476 4042 sollemnis
493 3975 719 4063 professionis
735 3978 773 4045 in
789 3977 940 4045 dubium
957 3978 1071 4045 vocari
1088 3993 1216 4066 posset.

327 4226 333 4259 ¹
345 4224 402 4272 Cfr.
413 4226 614 4279 Vanunrnscu,
633 4227 670 4273 De
680 4227 818 4284 Rcligioris,
836 4233 855 4274 t.
865 4245 890 4286 2,
900 4241 928 4274 n.
942 4235 982 4289 59
993 4232 1020 4275 et
1030 4222 1078 4277 6⁰.
1096 4227 1131 4274 Et
1138 4217 1172 4273 ex
1182 4213 1372 4274 constitutioni-

296 4294 348 4340 bus
359 4294 417 4340 istis
427 4294 554 4342 adeunda
564 4301 630 4343 tunc
641 4302 681 4344 est
693 4297 720 4344 S.
733 4298 833 4357 Congr.
846 4296 974 4346 Concilii.
