2959 4900
311 269 350 328 Ἰθ
753 291 958 328 suasoriarum
999 277 1003 281 ’

310 422 461 507 bebitur,
479 422 676 491 mconsulta
694 421 731 491 S
753 421 857 509 Sede,
874 421 1083 490 missionem
1107 443 1209 490 suam
1225 422 1392 489 deserere.

312 511 454 598 Quare'
446 534 483 580 m
507 513 646 603 propria
663 512 830 580 missione
847 511 912 578 erit
927 512 971 579 ab
991 512 1175 612 Episcopo
1185 533 1247 580 seu
1259 510 1394 578 Vicario

309 602 513 756 prostolicp
551 601 785 690 recipiendus,
819 603 872 668 vel
903 601 1095 669 obtinenda
1129 600 1194 668 erit
1227 599 1264 668 S.
1301 597 1395 667 Sedis

335 705 538 778 rspensatro.
1464 714 1465 719 ’

451 994 932 1081 SUPPLEMENTUM
963 997 1266 1081 SEPTIMUM

311 1193 365 1258 DE
387 1194 498 1259 MODO
522 1193 603 1267 QUO
628 1187 870 1270 lucilerum,
890 1197 970 1261 Hoc
994 1195 1110 1260 nulio
1135 1195 1179 1260 ΙΙΙ
1204 1195 1399 1259 Honorati
1464 1102 1466 1207 i

355 1294 656 1360 IMMACULATAE
692 1297 873 1361 tramitis
907 1295 1464 1444 concussun,coitliurt1-p

356 1396 489 1461 CATUR
517 1396 602 1461 CUM
629 1397 858 1462 RELIGIOSIS

358 1568 411 1635 De
435 1565 588 1634 iubilaeo
612 1565 708 1654 quod
737 1565 920 1654 encyclicis
946 1565 1068 1633 litteris
1094 1565 1159 1633 Ad
1179 1566 1266 1632 diem
1294 1566 1397 1650 illum,
1463 1583 1464 1588 ’

313 1655 512 1723 afebruarii
533 1676 629 1756 1904,
647 1668 698 1724 est
714 1656 771 1744 pia
787 1655 963 1744 regnantis
990 1655 1173 1723 Pontificis
1196 1654 1399 1753 munificen-

310 1747 357 1813 tia
372 1745 536 1812 universo
552 1745 630 1812 orbi
647 1765 867 1831 concessum,
885 1746 1085 1845 generalem
1101 1743 1253 1812 scribere
1270 1743 1400 1845 exposi-

311 1835 444 1902 tionem
460 1834 502 1902 ad
519 1849 681 1901 nostrum
694 1832 839 1934 quidem
855 1833 1077 1921 propositum
1093 1833 1243 1900 minime
1258 1834 1398 1918 attinet;

311 1925 397 1990 illud
413 1940 532 1991 tamen
547 1943 675 2012 operae
691 1923 844 2010 pretium
860 1943 934 1989 esse
951 1922 1100 2008 videtur,
1118 1936 1159 1989 ut
1173 1922 1314 2011 regulas
1329 1921 1402 2010 qui-

310 2013 401 2079 bus
393 2035 430 2079 m
446 2011 630 2100 religiosos
646 2011 737 2079 cadit
753 2011 1006 2101 aliquantisper
1023 2013 1260 2079 enucleemus.

674 2199 772 2268 Llio
794 2198 1043 2268 condicionibus

356 2363 600 2459 Principium.
620 2390 660 2406 -
684 2357 760 2422 Per
781 2378 830 2442 se,
859 2356 985 2423 iisdem
1012 2354 1282 2422 condicionibus
1309 2369 1399 2423 esta

311 2447 481 2536 religiosis
505 2462 538 2513 et
554 2443 769 2514 monialibus
785 2445 1080 2547 satisfaciendum,
1099 2465 1190 2534 quae
1213 2445 1401 2546 imponun-

310 2551 367 2606 tur
383 2535 616 2604 saecularibus
643 2550 682 2602 ut
709 2535 1001 2624 indulgentiam
993 2553 1095 2602 istam
1110 2534 1236 2601 lucrari
1253 2536 1399 2623 possint.

358 2637 394 2706 Si
409 2660 498 2725 quae
509 2652 628 2704 tamen
640 2637 878 2723 condiciones,
886 2637 933 2705 ob
943 2657 1171 2705 communem
1183 2636 1340 2703 Instituti
1352 2635 1401 2703 vel

311 2728 519 2831 specialem
512 2727 660 2794 alicuius
677 2726 831 2815 religiosi
848 2748 909 2794 seu
934 2726 1098 2794 monialis
1120 2725 1310 2811 rationem,
1329 2724 1400 2792 reli·

310 2820 418 2919 glosis
431 2818 500 2883 sint
512 2816 713 2916 imperviae,
727 2836 788 2883 eae
801 2839 820 2883 a
832 2814 997 2915 legitimis
1009 2814 1227 2883 confessariis
1239 2827 1401 2915 poterunt

311 2908 348 2975 in
364 2906 586 2995 singulorum
603 2905 861 2995 poenitentium
876 2905 1023 2992 gratiam
1040 2904 1264 2971 commutari.

356 3014 633 3080 Corollaria-
655 3006 875 3074 Debebunt
867 3021 985 3094 itaque
1009 3005 1176 3094 religiosi,
1195 3026 1269 3072 non
1286 3006 1402 3073 minus

311 3120 419 3187 quam
434 3099 642 3182 saeculares,

361 3223 388 3267 r.
410 3199 558 3267 lubilaei
586 3199 679 3287 leges
707 3197 851 3297 explere
870 3195 962 3263 intra
988 3197 1140 3284 spatium
1168 3195 1336 3283 temporis
1363 3194 1401 3261 ab

313 3288 512 3357 Ordinariis
528 3290 690 3355 locorum
707 3284 945 3374 praefinitum.

358 3413 389 3457 2.
413 3392 487 3458 Ter
510 3389 650 3457 easdem
666 3388 731 3455 visi
732 3396 808 3454 tore
824 3386 980 3453 ecclesias
996 3406 1087 3474 quae
1103 3407 1123 3453 a
1139 3384 1306 3452 fidelibus
1323 3398 1402 3453 sunt

311 3480 513 3558 visitandae,
534 3478 654 3566 ibique
671 3497 789 3565 preces
805 3476 962 3560 fundere,
981 3496 1022 3541 ex
1037 3489 1134 3563 parte
1156 3474 1281 3540 saltem
1304 3496 1402 3543 voca·

311 3571 373 3655 les,
398 3569 440 3636 ad
465 3565 754 3635 intentionemS.
776 3564 973 3633 pontificia.
1001 3562 1093 3631 Satis
1119 3576 1182 3647 est,
1208 3563 1236 3629 si
1263 3584 1402 3631 moram

311 3658 454 3727 fecerint
469 3678 531 3745 per
547 3672 686 3746 tempus
702 3655 955 3723 insumendum
970 3668 1010 3720 ut
1032 3653 1221 3741 quinquies
1243 3650 1403 3720 dicantur

315 3748 417 3816 Pater
433 3762 466 3814 et
481 3747 568 3813 Ave

355 3847 579 3915 Visitationes
596 3858 734 3935 oportet
748 3859 788 3911 ut
803 3844 872 3911 sint
894 3843 1094 3911 distincto
1085 3864 1123 3909 m
1147 3841 1363 3910 ecclesiam
1354 3864 1403 3910 m-

311 3954 432 4028 gressu
449 3952 637 4038 separatae,
655 3932 817 4025 quamvis
833 3954 904 4000 una
919 3933 1015 4022 die,'
1007 3954 1119 4001 rmmo
1135 3934 1403 4001 unaoccasione

312 4048 436 4095 omnes
452 4027 528 4095 fieri
545 4028 692 4115 possint.

357 4129 388 4195 3.
408 4127 573 4195 ieiunare
576 4146 710 4213 eaque
722 4124 779 4191 dre
791 4124 882 4191 abs
854 4133 963 4191 mere
975 4146 1067 4191 omni
1062 4124 1151 4191 cibo
1166 4144 1235 4190 non
1246 4121 1400 4190 esurtal

316 4218 358 4283 ln
374 4217 493 4283 diem
485 4216 606 4284 reiunir
598 4214 704 4303 eligi
718 4227 832 4303 potest
844 4214 919 4282 dies
932 4235 1002 4302 qua
1013 4214 1083 4282 iam
1097 4232 1148 4282 est
1159 4213 1401 4296 ieiunandum,

1464 4299 1466 4446 l
