2959 4900
130 297 216 381 [131]
230 323 253 357 s.
270 320 327 357 rur.
344 321 369 356 c.
386 319 463 355 ansa.
480 310 508 356 25
525 318 587 354 tran
605 312 670 363 1900,
687 317 724 351 on
740 316 820 351 mssa
835 314 938 351 vorrva
954 314 1021 349 11111.
1039 314 1118 350 corre.
1163 289 1222 351 Mb

130 428 355 527 amplectamini,
377 469 486 525 eosque
508 450 562 507 rite
581 451 718 524 probatos
737 449 775 504 ad
794 448 894 504 munia
914 446 1113 516 sacerdotalia,
1133 447 1223 501 ductu

129 538 235 593 vestra,
250 526 347 580 denuo
361 524 498 580 obeunda
512 538 614 580 vocare
627 538 688 577 non
701 520 841 576 renuatis.
856 520 944 588 Quod
956 519 990 586 si,
1005 516 1107 591 spretis
1118 517 1222 572 adhor-

128 596 290 652 tationibus
302 595 412 663 vestriS,
427 594 457 649 in
471 611 523 650 sua
536 590 719 649 contumacia
739 590 984 665 perseveraverint
997 622 1031 629 ·-
1046 588 1127 661 quod
1145 589 1223 668 Deus

129 679 240 724 avertat
260 699 294 707 —
320 665 451 722 muneris
477 666 530 721 erit
556 664 656 720 Nostri
681 662 809 719 severius
832 662 862 718 in
888 678 938 717 eos
962 660 1222 717 animadvertendr.

130 738 238 793 Christi
259 754 327 794 vero
353 736 464 806 fideles,
485 752 569 792 nunc
593 735 779 807 ignoscenda
796 731 996 788 ludificatione
1020 731 1165 811 deceptos,
1192 730 1223 811 in

128 822 239 865 rectam
253 810 391 865 reducere
411 808 488 863 viam
503 807 641 863 studeatis
657 826 664 875 ;
686 818 774 879 atque
786 804 817 859 in
830 804 1012 860 dioecesibus
1034 813 1135 858 vestris
1149 801 1223 857 chrr-

129 881 240 937 stianae
247 880 361 953 pietatis
368 878 514 952 exercitia,
523 876 735 951 multiplicibus
746 876 829 933 Sedis
842 873 1027 950 Apostolicae
1039 872 1223 953 documentis

129 951 189 1007 iam
201 951 253 1006 diu
265 961 455 1023 recenterque
468 950 668 1023 comprobata,
688 965 724 1004 eo
736 948 862 1004 alacrius
883 946 1003 1003 foveatis
1024 961 1085 1019 quo
1103 945 1224 1000 libertus

129 1040 219 1090 nunc,
244 1024 306 1079 Deo
319 1023 415 1089 dante,
432 1022 510 1093 apud
523 1037 575 1076 vos
587 1019 784 1076 ministerium
807 1035 895 1073 suum
909 1018 1073 1073 sacerdotes
1090 1030 1223 1073 exercere

129 1092 290 1167 fidelesque
301 1093 440 1166 antiquae
451 1092 564 1166 pietatis
577 1091 710 1165 exempla
719 1090 861 1147 aemulari
872 1091 980 1145 valent.

166 1177 290 1243 Interea,
307 1176 475 1232 caelestium
493 1171 705 1230 beneficiorum
718 1172 876 1243 auspicem,
897 1184 1094 1245 paternaeque
1107 1180 1224 1224 nostrae

129 1247 350 1304 benevolentiae
378 1257 491 1314 testem,
517 1244 705 1301 Venerabiles
739 1244 863 1311 Fratres,
896 1255 925 1298 et
950 1242 1029 1298 clero
1057 1240 1224 1314 populoque

129 1318 276 1386 universo,
290 1328 401 1374 vestrae
419 1316 487 1373 lidei
499 1314 726 1388 vigilantiaeque
740 1314 909 1383 commisso,
924 1313 1124 1387 Apostolicam
1139 1312 1224 1367 bene·

129 1389 289 1446 dictionem
302 1401 485 1462 peramanter
498 1388 529 1444 in
544 1386 673 1443 Domino
687 1384 884 1460 impertimur.

168 1466 276 1529 Datum
291 1474 403 1529 Romae
414 1472 494 1546 apud
506 1471 537 1529 S.
553 1472 674 1525 Petrum
687 1469 734 1526 die
749 1470 776 1524 V
790 1468 888 1541 aprilis
903 1468 1119 1535 MDCCCCVI,
1137 1467 1226 1522 Pon·

130 1543 259 1601 tificatus
273 1544 376 1600 Nostri
388 1560 466 1599 anno
480 1541 577 1598 tertio.

559 1624 652 1682 PIUS
677 1625 737 1680 ΡΡ.
761 1624 798 1679 X.

878 1711 891 1736 θ

135 1936 234 2021 131.
257 1988 298 1997 -
322 1949 358 2020 S.
385 1950 533 2020 nltuutl
563 1948 905 2022 tununtaatlortls
935 1947 1098 2032 (2511011
1127 1945 1226 2028 taut)

176 2133 419 2190 RESPONSUM
435 2135 489 2188 DE
507 2133 770 2189 EXTENSIONB
787 2132 1016 2190 PRIVILEGII
1032 2132 1183 2187 MISSAE

476 2212 650 2267 vomunt:
668 2211 759 2266 11111.
779 2211 892 2267 GONG.

212 2374 355 2433 Ordinis
374 2374 552 2432 Minorum
572 2374 883 2448 cappaceinomm,
902 2385 1000 2447 prov.
1020 2374 1152 2431 ’1110110

528 2459 831 2532 septentrionalis

168 2636 240 2690 Rev.
253 2633 301 2689 Fr.
312 2632 484 2689 Franciscus
494 2631 637 2703 Tischler,
650 2637 760 2690 Lector
773 2634 892 2690 Ordinis
904 2634 1056 2689 Minorum
1067 2632 1227 2760 Cappucci-

129 2722 240 2762 norum
267 2705 299 2760 in
325 2703 479 2760 Provincia
502 2704 611 2760 Tirolis
637 2704 889 2776 Septentrionalis,
919 2705 1076 2761 Sacrorum
1131 2716 1227 2760 rtuum

130 2775 361 2849 congregationi
382 2775 526 2900 exposuit,
547 2776 628 2848 quod
642 2775 794 2848 Rescripto
808 2777 979 2849 Apostolico
1001 2776 1059 2832 diei
1080 2794 1112 2847 14
1129 2776 1226 2832 martii

129 2848 270 2904 vertentis
293 2846 363 2902 anni
381 2863 414 2902 ea
437 2863 484 2902 em
506 2845 594 2902 Sacra
615 2846 812 2919 Congregatio
851 2847 1028 2919 rivilegium.
1044 2864 1106 2919 quo
1119 2849 1226 2921 gaudet

130 2920 214 2976 Ordo
223 2919 359 2974 Fratrum
367 2917 518 2973 Minorum
527 2917 785 2992 Cappuccinorum
794 2865 1227 2974 cessbrandiMissamvotivam

130 2992 166 3048 de
182 2989 375 3045 Immaculata
390 2988 590 3116 Conceptione
614 2991 648 3046 B.
671 2989 712 3048 M.
727 2989 776 3058 V.,
800 2989 916 3045 extendi
931 2989 1075 3046 concessit
1087 2991 1175 3046 etiam
1188 2990 1226 3045 ad

131 3061 277 3118 Ecclesias
290 3073 318 3116 et
332 3059 467 3116 Oratoria
507 3059 696 3132 eligiosarum
710 3060 991 3132 congregationum,
1008 3077 1084 3132 quae
1100 3061 1131 3116 in
1146 3061 1226 3117 horis

130 3132 282 3190 canonicis
303 3130 503 3204 persolvendis
525 3131 699 3188 Calendario
719 3131 839 3188 Ordinis
853 3133 1006 3188 Minorum
1024 3131 1225 3206 Cappuccino·

130 3222 198 3261 rum
211 3202 342 3276 legitime
353 3214 489 3260 utuntur.
513 3203 672 3271 Quaeritur
695 3220 733 3257 an
756 3203 918 3259 terminis«
935 3203 965 3258 in
978 3203 1061 3259 horis
1074 3204 1225 3261 canonicis

127 3273 334 3349 persolvendis
353 3295 369 3325 1
392 3274 688 3348 comprehendantur
698 3291 802 3331 omnes
814 3275 903 3331 etiam
919 3274 1082 3348 Religiosae
1097 3275 1225 3346 Congre-

132 3347 265 3419 gationes
286 3361 362 3416 quae
381 3345 501 3415 quidem
514 3344 643 3417 legitime
657 3345 832 3402 Calendario
853 3347 1006 3402 Minorum
1026 3346 1224 3471 Cappuccino·

132 3435 199 3474 rum
211 3429 337 3471 utuntur
350 3416 431 3489 quod
445 3417 482 3472 ad
498 3416 619 3472 Missam
632 3429 698 3486 etc,
719 3419 786 3473 loco
798 3430 898 3473 autem
910 3417 1050 3473 horarum
1089 3417 1225 3472 anonica·

133 3505 199 3544 rum
214 3487 348 3544 officium
361 3503 484 3560 parvum
499 3489 533 3544 B.
545 3488 588 3544 M.
602 3489 639 3544 V.
655 3498 772 3544 tantum
784 3488 927 3545 recitanti

167 3572 207 3627 Et
221 3571 310 3625 Sacra
322 3570 424 3625 eadem
437 3569 641 3643 Congregatio,
657 3571 694 3625 ad
706 3571 880 3632 relationem
893 3570 1047 3643 subscripti
1060 3570 1222 3637 secretarii,

134 3642 233 3697 audito
244 3642 306 3696 Rm0
317 3642 350 3696 P.
365 3642 557 3697 Procuratore
571 3642 707 3697 Generali
721 3642 842 3698 Ordinis
856 3643 1010 3698 Minorum
1023 3642 1224 3715 Cappuccino·

136 3730 210 3781 rum,
224 3711 428 3785 exquisitaque
446 3711 589 3768 sententia
606 3712 830 3769 Commissionis
852 3713 1027 3786 Liturgicae,
1047 3714 1224 3779 responden·

136 3783 206 3839 dum
230 3783 371 3840 censuit:
394 3803 410 3834 «
433 3782 623 3849 Affirmative,
651 3783 731 3839 iuxta
757 3788 916 3842 Decretum
942 3784 1060 3841 Ordinis
1088 3784 1224 3840 Fratrum

138 3854 289 3910 Minorum
305 3855 334 3911 15
349 3854 448 3925 aprilis
465 3872 534 3927 1904
547 3855 584 3910 ad
600 3856 622 3910 Ι.
637 3876 654 3906 »

172 3940 268 4012 Atque
280 3939 320 3994 ita
331 3937 486 4012 rescripsit,
500 3938 547 3994 die
561 3939 594 3994 25
610 3938 680 3994 maii
697 3940 774 4010 1906.

587 4024 624 4078 A.
639 4023 724 4079 Card.
741 4024 875 4093 anrrrr,
891 4023 1152 4090 Pro-Praefectus.

505 4107 523 4168 †
537 4105 577 4161 D.
594 4107 714 4176 Punici,
728 4107 873 4180 Arctriep.
886 4107 1062 4176 Laodicen„
1077 4108 1188 4164 Secret.

1278 466 1310 507 tes
1354 460 1436 519 resipi-

1277 523 1342 573 cant,
1387 531 1438 564 cum

1277 578 1435 624 0011101001-

1276 635 1406 693 cipiantur.

1305 714 1437 775 Sifucrint

1277 781 1429 828 contumaces,

1276 834 1322 879 erit
1352 832 1380 877 irr
1401 841 1459 876 cos·

1277 887 1428 936 animadver-

1278 945 1380 993 lendum.

1307 1029 1332 1075 E
1352 1030 1420 1087 'scopi

1273 1085 1322 1147 Jidr
1341 1100 1353 1132 s
1406 1085 1439 1134 ad

1278 1146 1402 1203 antiquom

1277 1204 1384 1261 pictatem
1403 1216 1441 1247 re·

1278 1259 1357 1307 duom
1400 1274 1441 1307 co·

1277 1322 1371 1366 nentur.

1303 1399 1439 1446 Benedictio

1279 1457 1425 1517 Apostolira.

1272 1535 1276 1543 ⁴
1307 1541 1366 1587 Dies
1411 1542 1440 1597 (5

1279 1598 1350 1657 april.
1358 1601 1437 1657 1906).

1311 2656 1409 2704 Orator.

1306 2813 1438 2860 Mrmorato

1280 2869 1371 2918 indulto
1380 2871 1408 2918 S.

1279 2927 1359 2984 Sidis,

1306 3006 1427 3063 Quasi-lt

1279 3060 1397 3110 00001001
1413 3059 1440 3106 dr

1280 3119 1415 3178 Congrega-

1279 3177 1382 3224 tionibus

1294 3248 1337 3281 aar
1346 3236 1373 3280 in
1386 3232 1438 3279 sola

1310 3295 1360 3341 issa
1370 3305 1411 3338 00-

1278 3349 1386 3397 laudario

1278 3407 1397 3455 Fratrum

1278 3466 1403 3512 Minorum

1278 3527 1382 3569 utuntur.

1308 3603 1436 3652 Respon-

1279 3664 1345 3699 sum
1356 3667 1363 3696 1

1307 3777 1422 3837 Affirma-

1279 3837 1332 3884 live.

1306 3925 1366 3971 Dies
1376 3925 1416 3981 (25

1280 3984 1341 4030 maii
1351 3986 1426 4041 1906).
