2959 4900
119 284 208 365 [161]
255 309 276 344 s.
294 308 318 343 o.
336 308 361 343 c.
378 310 392 351 7
407 308 469 343 uuo.
488 303 554 353 1906.
571 308 594 345 s,
611 308 762 345 couuurtro
777 310 889 346 turtum
904 311 963 347 stou
978 312 1069 347 rutuur
1149 290 1210 351 179

116 456 151 493 ex
164 438 228 511 ipso
252 438 361 511 Rituali
383 451 580 509 prospectum,
605 440 655 495 sed
669 439 703 495 iis
725 440 777 519 qui
792 440 932 496 diuturno
945 441 1049 497 morbo
1063 442 1209 499 laborant.

118 508 282 565 Diuturnus
303 510 409 566 deinde
429 511 561 565 morbus*
573 512 711 583 quisnam
724 523 761 567 stt
773 511 913 567 definitur
928 533 934 569 :
956 529 1058 568 eorum
1070 525 1113 569 est
1125 526 1210 586 quot·

116 591 191 653 quot
204 598 221 635 a
236 582 558 637 mensedecumbunt.·
606 648 609 652 ,
837 640 839 642 ,

154 652 195 707 Ut
217 650 297 707 enim
319 652 430 724 optime
456 654 589 708 observat
608 654 652 723 ¹R.
681 654 716 709 D.
747 655 791 708 Da
813 654 893 708 Suar
913 666 934 720 1,
962 653 1077 717 infirmi
1102 654 1211 728 quibus

116 722 209 790 gratia
226 721 359 793 offertur,
383 740 444 778 non
465 736 540 794 sunt¹
552 737 698 797 quotquot
718 724 841 797 pedibus
854 724 1005 780 ecclesiam
1019 726 1099 782 adire
1111 725 1210 797 prohi-

118 793 233 863 bentur,
250 805 278 849 et
292 805 422 850 ceterum
436 815 452 845 «
465 795 553 850 eorde
572 808 601 851 et
613 796 765 851 stomacho
779 795 867 850 validi
881 817 897 847 t>
917 813 980 851 esse
1003 811 1135 870 possunt,
1159 798 1209 853 sed

117 880 247 936 quorum
259 866 321 938 ipsa
333 865 470 934 valetudo
483 879 525 921 est
534 866 611 922 male
623 865 736 923 affecta.
750 867 830 932 ldeo,
842 868 872 921 in
882 866 980 922 locum
990 868 1070 924 vocis
1078 868 1207 938 Infirmi,

118 935 327 1007 supposuimus
339 953 452 1001 vocem,
467 954 554 1008 supra
568 950 750 1010 usurpatam,
764 938 904 1012 Aegroti.

155 1007 325 1063 Necminus
335 1008 482 1079 eleganter
492 1009 634 1078 observat,
649 1026 718 1065 cum
729 1010 764 1064 R.
779 1010 812 1065 Ρ.
830 1011 955 1064 Basrtntt
970 1009 1021 1079 (N.
1033 1011 1110 1066 R.T.
1118 1020 1140 1069 t.
1150 1012 1208 1083 39.)

118 1093 247 1133 mensem
260 1080 337 1133 sumi
350 1095 435 1153 posse
448 1079 484 1135 de
496 1080 615 1152 triginta
625 1080 728 1136 diebus
740 1096 802 1135 non
815 1080 1018 1152 mathematice
1035 1092 1208 1154 computan-

118 1149 171 1205 dis.
184 1149 266 1204 itaut
280 1150 348 1205 satis
363 1150 399 1205 sit
409 1150 433 1205 si
445 1166 496 1222 per
506 1163 647 1224 quattuor
656 1151 757 1225 plenas
771 1150 971 1207 hebdomadas
983 1154 1207 1223 aegrotaverint.

155 1221 224 1275 Non
245 1221 385 1277 omnibus
408 1234 507 1277 tamen
528 1223 599 1282 istis
615 1223 740 1293 aegrotis
764 1221 883 1295 prodest
904 1222 1097 1293 beneficium,¹
1111 1224 1162 1279 sed
1174 1224 1209 1279 iis

117 1302 234 1347 tantum
253 1293 304 1363 qui
322 1292 457 1348 naturale
473 1293 617 1349 ieiunium
631 1294 661 1348 in
676 1310 728 1348 sua
743 1293 909 1363 integritate
922 1310 1036 1350 servare
1048 1306 1208 1367 nequeunt.

117 1362 287 1437 Nequeunt3
312 1364 330 1419 i.
347 1380 372 1419 e.
386 1363 547 1433 moraliter,
568 1376 713 1437 quatenus
735 1364 896 1421 notabilem
920 1366 1121 1438 experirentur
1136 1364 1210 1421 diffi-

118 1433 266 1499 cultatem,
281 1435 326 1490 vel
342 1436 451 1490 serium
472 1435 705 1505 incommodum,
726 1436 768 1491 ita
785 1447 819 1490 ut
840 1436 977 1508 prudenti
996 1437 1105 1492 iudicio
1124 1437 1210 1496 absti-

118 1506 250 1560 nendum
263 1506 332 1577 ipsis
346 1506 382 1561 sit
395 1522 475 1562 sacra
489 1507 563 1580 dape
575 1508 672 1579 potius
684 1524 776 1579 quam
790 1508 930 1562 servanda
950 1506 1050 1563 ieiunii
1063 1508 1208 1564 condicio.

154 1577 247 1632 Casus
260 1591 346 1632 erunt
364 1596 392 1633 v.
412 1594 455 1649 gr.
478 1579 540 1633 eius
562 1595 651 1651 quem
672 1579 805 1634 medicus
830 1578 946 1633 iusserit
961 1591 1111 1650 poststata
1124 1581 1210 1634 inter-

117 1646 203 1712 valla,
226 1659 259 1702 ut
278 1662 348 1720 puta
367 1648 496 1720 singulas
510 1649 608 1713 horas.
623 1666 738 1705 sumere
757 1648 953 1718 medicinam;
977 1681 1010 1689 —
1033 1651 1078 1705 vel
1100 1652 1211 1722 aegroti

118 1718 181 1789 qui,
203 1732 319 1790 pectore
333 1720 480 1789 laborans,
497 1721 582 1777 debet
596 1721 725 1777 bibendo
740 1721 860 1776 noxiam
878 1719 1020 1793 impedire
1038 1722 1161 1789 tussim;
1175 1760 1210 1767 --

117 1789 162 1844 vel
187 1789 297 1845 infirmi
323 1792 375 1864 qui
392 1804 511 1865 propter
534 1792 658 1849 nimiam
680 1792 824 1848 stomachi
845 1791 1025 1848 debilitatem
1047 1810 1082 1847 ex
1100 1792 1211 1848 ieiunio

116 1860 265 1916 turbatam
287 1874 433 1934 pateretur
454 1863 661 1930 valetudinem,
685 1876 736 1919 aut
777 1863 809 1917 ui
827 1862 872 1919 siti
886 1873 1040 1936 torquetur
1061 1864 1210 1933 moraliter

118 1931 293 1989 invincibili.
310 1935 448 2007 Namque
461 1934 523 1990 sitis
536 1934 697 1991 tolerabilis
710 1950 745 1989 su
778 1934 904 1990 cientem
916 1934 1137 1991 excusationem
1149 1952 1210 1990 non

117 2000 246 2084 afferret.
260 2005 349 2060 Aliud
362 2006 385 2060 si
400 2006 520 2079 quidem
534 2017 577 2062 est
595 2004 797 2061 difficultatem
819 2006 954 2076 experiri,
968 2006 1049 2061 aliud
1063 2006 1094 2061 in
1107 2007 1211 2062 morali

117 2077 424 2148 versar11mpotentia.
452 2104 453 2109 ¹

156 2146 406 2216 Interpretationis
425 2162 541 2204 nostrae
551 2160 553 2164 ·
562 2146 637 2203 ratio
656 2164 691 2203 ex
700 2148 768 2219 ipso
780 2158 955 2220 argumento
969 2163 1074 2203 causae
1085 2147 1211 2203 desumi·

117 2229 176 2275 tur.
200 2219 338 2285 Quonam
360 2220 483 2275 consilio
505 2229 603 2275 motus
622 2231 664 2275 est
685 2217 820 2273 Pontifex
831 2230 864 2274 ut
877 2234 986 2274 novam
997 2218 1074 2273 hanc
1087 2220 1211 2290 gratiam

117 2288 293 2359 largiretur?
319 2292 481 2351 Consulere
495 2292 588 2346 voluit
609 2312 626 2341 u
640 2290 766 2362 aegrotis
779 2290 921 2344 diuturno
940 2290 1043 2345 morbo
1057 2289 1211 2346 laboranti-

117 2359 174 2413 bus
198 2372 225 2415 et
248 2360 439 2418 eucharistico
463 2379 538 2434 pane
559 2362 638 2419 haud
653 2362 742 2417 semel
766 2360 926 2416 confortari
950 2360 1144 2434 cupientibus,
1159 2362 1211 2433 qui

118 2432 252 2488 naturale
265 2432 408 2489 ieiunium
422 2434 452 2490 in
465 2450 519 2489 sua
533 2434 697 2506 integritate
716 2448 830 2489 servare
848 2445 1035 2505 nequeant.»
1051 2432 1105 2488 His
1117 2434 1211 2490 verbis

118 2517 371 2574 commemoratur
382 2505 413 2559 in
427 2506 491 2578 ipso
504 2507 630 2562 Decreto
642 2505 752 2577 gratiae
765 2505 879 2560 occasio
892 2516 921 2560 et
933 2520 1031 2560 causa.

156 2575 264 2644 Quare,
285 2593 322 2630 ne
340 2572 472 2632 dicamus
496 2577 527 2632 in
550 2577 629 2633 brevi
655 2576 857 2632 enuntiatione
881 2575 997 2631 inutilia
1021 2591 1082 2631 esse
1107 2577 1209 2648 posita,

117 2645 290 2702 huiusmodi
304 2659 449 2720 aegrotos,
463 2649 561 2704 nullos
573 2648 647 2704 alios
662 2647 797 2703 Pontifex
810 2646 952 2720 respicere
963 2647 1067 2704 voluit.
1119 2674 1120 2677 ¹

157 2718 219 2772 Nec
239 2732 373 2791 possunt,
397 2731 495 2775 nostra
518 2719 662 2775 sententia
684 2729 705 2786 ²,
729 2718 905 2788 impotentes
929 2719 1086 2798 praesumi.
1114 2719 1211 2774 Huius

119 2787 199 2869 enim
215 2789 459 2862 praesumptionis
478 2807 626 2863 nusquam
646 2789 1059 2868 fundamentumreperrmus,
1079 2790 1130 2844 sed
1142 2807 1211 2845 con·
1294 2850 1296 2855 ,

118 2871 207 2915 traria
226 2861 324 2932 potius
338 2857 455 2917 indicia.
476 2863 614 2933 Namque
633 2860 664 2915 in
682 2859 826 2932 praesenti
839 2875 902 2914 non
921 2872 1016 2939 agitur
1037 2860 1074 2914 de
1087 2859 1211 2938 infirmis

118 2931 171 2996 qui
191 2931 360 3004 periculose
385 2945 546 3004 aegrotant.
576 2933 632 2987 His
657 2932 717 2986 iam
738 2941 809 2997 erat,
835 2942 868 2984 ut
893 2947 1073 2998 monuimus
1096 2931 1212 3003 inipso

86 3043 91 3049 .
120 3001 230 3058 Rituali
254 3005 391 3060 Romano
414 3005 573 3076 provisum.
597 3005 635 3058 Et
660 3003 705 3058 fac
729 3002 880 3080 observes,
902 3013 1005 3056 contra
1028 3017 1062 3056 ac
1085 3003 1212 3064 severior

118 3075 307 3146 quorundam
331 3075 466 3132 locorum
487 3092 552 3131 mos
575 3074 671 3143 habet,
699 3075 735 3128 ad
760 3089 856 3148 usum·
872 3072 954 3152 istius
975 3071 1120 3151 facultatis
1149 3088 1211 3128 non

119 3146 230 3218 requiri
242 3160 275 3202 ut
288 3147 475 3204 sacramentis
488 3163 564 3219 quae
578 3146 681 3201 ultima
694 3160 835 3200 vocamus
849 3157 907 3198 tam
920 3154 978 3197 sint
989 3143 1107 3201 munitr.
1148 3213 1153 3222 Ι

157 3218 189 3271 Si
211 3219 311 3291 itaque
336 3220 445 3290 cogites
466 3218 525 3273 iam
549 3230 617 3273 ante
640 3217 840 3289 dispensatum
865 3212 954 3269 fuisse
979 3230 1048 3269 cum
1073 3215 1212 3270 omnibus

120 3289 246 3360 aegrotis
258 3289 310 3362 qui
321 3291 427 3345 morbo
438 3288 634 3362 probabiliter
647 3287 727 3343 letali
749 3284 927 3352 afficiuntur,
942 3284 1028 3340 facile
1045 3285 1209 3366 perspicies²

119 3360 196 3415 bene
210 3362 319 3416 multos
332 3377 394 3417 esse
406 3377 440 3416 ex
452 3359 578 3416 infirmis
590 3376 719 3433 quorum
732 3374 819 3414 causa
831 3357 861 3410 in
876 3357 993 3412 decreto
1006 3368 1146 3423 versatur,
1160 3374 1211 3428 qut

122 3430 267 3556 ieilqnium
291 3432 358 3514 satis
381 3432 465 3488 facile
486 3447 600 3488 servare
621 3441 753 3503 possunt.
780 3427 984 3501 Praesumptio
1005 3444 1075 3499 ergo
1086 3443 1122 3483 ex
1135 3427 1212 3484 facto

119 3519 156 3557 co
180 3519 189 3557 1
211 3519 270 3559 rne
291 3516 345 3559 utt.

160 3520 322 3646 Pffteteffta,
338 3575 361 3630 si
375 3589 565 3630 communem
579 3572 703 3628 retineas
716 3570 925 3643 theologorum
934 3569 1107 3638 doctrinam,
1121 3568 1211 3624 facul·

119 3656 164 3701 tas
178 3647 304 3718 aegrotis
325 3645 487 3717 periculose
509 3643 757 3711 decumbentibus,
772 3642 812 3697 ita
834 3640 1028 3722 intellegenda
1041 3652 1084 3720 est
1098 3660 1115 3693 u
1128 3653 1161 3695 ut
1173 3656 1212 3696 ne

119 3729 242 3788 aegroto
273 3717 392 3790 quidem
417 3733 453 3773 ex
477 3732 560 3773 mero
585 3715 680 3770 lubitu
711 3713 796 3769 liceat
825 3713 940 3768 laedere
969 3713 1114 3768 reiumum
1144 3723 1212 3766 ante

120 3790 242 3844 Sacram
256 3787 506 3844 communionem
527 3805 580 3861 pro
601 3786 715 3841 Viatico
737 3785 921 3853 sumendam,
942 3787 1068 3839 sedtum
1080 3782 1210 3852 tandem,

94 3869 98 3874 '
118 3860 242 3932 quando
254 3861 411 3916 commode
425 3876 485 3914 non
500 3859 591 3931 possit
605 3873 721 3913 sumere
732 3855 883 3911 ieiunust.
898 3876 915 3906 »
929 3856 1037 3922 Quare,
1052 3871 1087 3909 ex
1100 3867 1212 3909 senten.

117 3933 161 3988 tia
174 3932 377 3986 Cotuarrouas
391 3932 572 3992 Bauoausus,
591 3929 636 3997 ¹vis
655 3927 842 4000 nuperrimae
862 3927 973 3999 gratiae
994 3927 1054 4005 huc
1071 3937 1211 3999 spectaret

118 4017 153 4059 ut
167 4003 350 4075 privilegium
371 4002 533 4074 periculose
555 3999 795 4056 decumbentium
813 3999 873 4067 iam
887 4015 956 4054 cum
975 3997 1113 4052 omnibus
1131 4011 1211 4064 com

151 4217 161 4250 1
175 4215 369 4268 Cottamouus
380 4214 555 4268 Bacuenses,
568 4216 587 4260 t.
599 4211 653 4260 XII
664 4213 751 4269 (1907),
763 4222 790 4267 p.
804 4214 854 4256 136.

149 4283 162 4318 ²
178 4281 280 4329 Contra
290 4293 324 4329 ac
334 4287 413 4340 putat
423 4279 457 4326 R.
470 4279 505 4327 D.
518 4279 562 4325 Du
572 4279 660 4331 Satur,
672 4278 689 4324 l.
702 4289 726 4324 e.

149 4349 162 4384 3
177 4347 351 4402 Luuuxurru.
368 4345 554 4393 Theotmum.
567 4362 589 4400 2,
601 4357 629 4392 n.
642 4351 692 4394 161.
