2959 4900
97 430 219 473 molunt

69 482 193 540 (reforma-

71 544 137 599 lam).

84 1006 229 1065 Approlatr'o

67 1062 199 1123 pontificia.

99 1280 193 1335 utare

70 1352 124 1397 aug.
135 1338 212 1397 1906)-

286 260 346 323 l5i
739 248 921 323 xnuuuuxra

321 436 337 467 α
358 417 466 473 Utrum
487 416 643 473 Numisma
657 418 756 477 Sancti
772 418 921 475 Benedicti
937 420 1074 487 lubilare,
1095 438 1112 476 a
1131 433 1249 483 sanctae
1263 438 1369 478 memo·
1458 411 1459 414 ¹

285 507 302 538 «
319 486 380 544 riae
394 486 447 543 Pio
469 488 548 560 Papa
564 488 614 554 lX,
635 504 685 561 per
701 489 824 546 Litteras
836 491 1016 561 Apostolicas
1035 488 1065 547 in
1085 491 1179 549 forma
1202 494 1300 550 Brevis
1319 495 1370 550 sub
1458 529 1459 556 3

285 579 301 609 (ι
320 554 367 615 dle
397 559 427 615 ³1
458 559 573 631 augusti
602 559 672 615 anni
706 561 772 634 1877
799 562 972 635 specialibus
1008 563 1201 637 indulgentiis
1238 566 1369 633 ditatum,
1458 612 1460 621 .

285 650 302 681 «
320 646 464 686 annexam
476 631 582 687 habeat
595 630 811 703 Indulgentiam
826 632 1053 689 Portiunculael
1072 655 1093 686 »·
1458 635 1459 644 ’

322 700 596 757 Et'Eminentissimi
609 704 707 759 Patres
717 704 754 759 ad
766 703 940 759 Vaticanum
950 705 981 760 in
991 704 1127 761 Generali
1138 706 1372 780 Congregatione
1458 704 1460 750 7

284 771 440 899 popgppati
451 773 526 845 die7
540 772 655 845 augusti
680 776 749 861 1906
760 774 912 849 proposito
930 776 1022 832 dubio
1040 778 1281 850 respondendum
1294 795 1372 834 man-

305 862 321 899 a
405 863 412 899 :

355 915 403 969 Ne
465 914 471 925 '
545 958 550 967 .
616 940 617 943 ¹

319 923 654 1055 iluaniaiiiiiliitionem
680 985 990 1043 Eminentissimorum
1016 990 1140 1046 Parrum
1166 990 1373 1047 Sanctissimus

286 1056 429 1113 Dominus
443 1057 550 1112 Noster
573 1056 640 1112 Pius
656 1058 734 1128 Papa
748 1059 785 1124 X,
801 1058 833 1113 in
845 1059 1005 1115 Audientia
1025 1060 1125 1116 habita
1138 1062 1175 1117 ab
1188 1061 1375 1135 infrascripto

283 1126 443 1254 &ppprrpppv
444 1118 596 1252 ilt³rlrefecto
614 1127 661 1184 die
681 1129 842 1221 8eiusdem
855 1131 963 1213 mensis
975 1142 1004 1187 et
1015 1132 1207 1201 anni,·ratam
1228 1133 1334 1189 habuit
1347 1144 1374 1189 et
1458 1151 1460 1200 3

322 1272 429 1325 Datum
446 1268 567 1340 Romae,
581 1286 597 1325 e
610 1270 771 1327 Secretaria
784 1270 924 1329 eiusdem·
935 1273 1040 1329 Sacrae
1059 1274 1314 1347 Congregatiouis,
1330 1275 1376 1331 die
1458 1297 1460 1346 j

283 1340 430 1413 &augusti
446 1342 525 1415 1906.
753 1383 757 1390 -

805 1415 842 1470 A.
858 1415 945 1471 Card.
960 1416 1094 1484 Turrem,
1111 1418 1222 1489 Preces.¹

684 1497 724 1553 D.
740 1498 860 1569 Panici,
875 1498 1020 1573 Archiep.
1033 1500 1209 1572 Laodicen,
1225 1504 1343 1560 Secret.

712 1637 714 1641 ’
737 1642 915 1700 Auuorarto

323 1781 344 1816 1.
359 1765 439 1819 Fusa
450 1760 540 1815 totius
552 1776 656 1816 causae
668 1759 726 1816 hoc
738 1768 879 1831 responso
899 1761 1061 1835 diremptae
1073 1764 1216 1836 expositio
1230 1763 1376 1838 reperitur
1458 1755 1460 1828 ἔ

282 1832 313 1888 in
325 1834 485 1887 Auxcecrx
500 1833 736 1897 Eccxasmsrrcx,
752 1846 772 1890 t.
787 1829 868 1898 XlV,
884 1850 913 1906 p.
927 1835 1060 1906 409·413.
1458 1831 1460 1900 Ξ

318 1904 393 1959 Satis
416 1904 501 1958 nobis
525 1903 579 1958 erit
604 1903 785 1974 paucissimis
802 1904 897 1960 verbis
920 1906 1003 1961 dubii
1029 1905 1214 1961 occasionem
1243 1923 1373 1962 narrare.
1458 1917 1460 1974 ξ

283 1975 359 2031 Cum
374 1991 452 2030 anno
469 1974 536 2029 1880
548 1974 715 2029 centenaria
728 1975 882 2031 sollemnia
895 1976 1068 2032 celebranda
1080 1989 1177 2033 essent
1188 1978 1219 2032 in
1230 1976 1375 2034 hono'rem
1458 1979 1460 1994 '

283 2046 313 2101 S.
329 2046 489 2109 Benedicti,
508 2046 577 2101 Pius
593 2046 634 2100 lX
650 2046 733 2101 Brevi
748 2047 777 2101 31
794 2064 862 2119 aug.
880 2048 947 2119 1877
960 2049 1043 2104 novis
1057 2047 1158 2106 ditavit
1177 2048 1375 2121 indulgentias

283 2118 314 2174 S.
343 2118 491 2173 Benedicti
514 2116 661 2171 numisma
689 2119 779 2189 quod,
805 2134 856 2190 per
886 2118 1006 2177 iubilaei
1035 2119 1222 2176 occasionem
1249 2120 1374 2176 Abbatis

190 2195 192 2203 '
283 2189 394 2245 Montis
415 2188 529 2244 Ca'ssini
548 2188 626 2243 curis
645 2205 792 2255 recusum,
807 2190 844 2243 ab
865 2190 979 2246 Abbate
1004 2190 1087 2246 istius
1098 2190 1318 2248 archicoenobii
1330 2191 1374 2247 vel

282 2260 415 2331 delegato
433 2260 602 2333 presbytero
614 2259 669 2314 sibi
681 2259 830 2327 traditum,
845 2259 945 2316 fideles
966 2259 1108 2334 gererent.
1127 2262 1201 2335 Ipsis
1213 2262 1238 2317 si
1252 2263 1374 2335 quidem
1458 2329 1460 2334 Ι

282 2331 430 2396 concessit,
458 2330 571 2386 visitata
596 2331 725 2401 qualibet
749 2331 870 2386 ecclesia
893 2332 937 2388 vel
960 2333 1088 2389 oratorio
1115 2333 1245 2405 publico,
1268 2350 1374 2389 omnes
1458 2337 1460 2384 l

191 2422 195 2441 ··
282 2402 477 2475 indulgentias
502 2418 574 2474 quas
597 2402 781 2458 visitantibus
808 2403 962 2460 Basilicam
986 2403 1193 2461 cathedralem
1217 2404 1374 2462 ecclesiam

282 2487 311 2530 et
322 2487 454 2547 cryptam
467 2490 500 2528 ac
513 2473 617 2531 turrim
632 2475 661 2528 S.
680 2473 829 2530 Benedicti
842 2475 963 2548 elargita
977 2488 1020 2530 est
1033 2477 1063 2533 S.
1080 2476 1179 2532 Sedes.

318 2548 381 2617 Age
401 2561 499 2617 porro,
522 2545 645 2600 Basilica
666 2546 813 2618 praedicta
829 2547 1046 2616 Indulgentiam
1061 2547 1270 2604 Portiunculae
1284 2549 1373 2603 etiam

282 2617 444 2690 participat.
471 2615 548 2671 Hinc
566 2615 595 2671 in
620 2615 723 2670 soliolo
746 2618 876 2688 quodam
897 2618 934 2672 ad
952 2617 1075 2674 iubilate
1094 2619 1124 2674 S.
1147 2619 1301 2674 Benedicti
1320 2637 1373 2674 nu-

282 2689 387 2761 misma
400 2688 622 2759 propagandum
634 2687 799 2761 conscripto
811 2689 987 2758 asserebant,
999 2689 1029 2742 in
1039 2689 1171 2761 qualibet
1180 2689 1241 2744 iam
1249 2689 1374 2746 ecclesia

282 2760 326 2814 vel
351 2759 479 2815 oratorio
502 2759 621 2831 publico
645 2758 858 2830 indulgentiam
878 2759 965 2816 istam
986 2760 1093 2816 lucrari
1116 2777 1202 2835 posse
1224 2771 1373 2834 quotquot
1458 2814 1460 2831 ,

283 2828 382 2885 fideles
397 2829 508 2884 dictum
522 2830 670 2884 numisma
685 2847 785 2885 secum
799 2845 939 2899 gererent.
1458 2836 1460 2857 ¹

319 2903 386 2956 Duo
397 2915 495 2956 tamen
510 2901 679 2956 huiusmodi
692 2902 876 2957 conclusioni
888 2901 1024 2974 refragari
1036 2902 1211 2958 videbantur
1225 2923 1232 2960 :

317 2975 345 3044 a)
363 2973 514 3053 lndultum
532 2971 574 3027 Pii
585 2973 631 3054 ,IX
645 2989 693 3052 eas
706 2972 821 3053 videtur
839 2973 1002 3045 spirituales
1015 2975 1122 3045 gratias
1135 2973 1281 3054 respicere
1295 2989 1370 3046 quae
1458 3020 1460 3049 ,

281 3045 416 3100 locorum
429 3045 647 3099 Cassinenstum
659 3054 767 3098 intuitu
788 3044 895 3100 directe
917 3057 985 3100 suut
1000 3061 1163 3112 concessae,
1184 3058 1225 3100 tta
1242 3056 1278 3100 ut
1291 3061 1372 3100 sanc·
1458 3062 1460 3067 ·

281 3116 445 3194 tuariorum
467 3116 590 3184 istorum
612 3114 695 3184 quasi
712 3115 849 3187 propriae
869 3115 1030 3177 videantur,
1056 3115 1180 3172 minime
1201 3129 1302 3173 autem
1323 3132 1370 3172 eas

281 3193 358 3258 q'uae
370 3203 422 3258 per
442 3187 593 3259 quandam
606 3187 815 3251 extensionem,
841 3189 959 3258 qualern
973 3188 1066 3242 multa
1078 3188 1189 3243 habent
1201 3189 1321 3261 templa,
1336 3203 1370 3242 ex
1458 3216 1460 3255 Ι

283 3258 513 3314 Franciscalibus
523 3256 650 3313 ecclesiis
660 3257 697 3311 ad
707 3257 1106 3314 basilicamCassinensemut
1115 3259 1152 3313 ad
1162 3259 1246 3325 aliaS,
1256 3259 1370 3314 indulto
1458 3272 1460 3319 ε

281 3330 455 3401 plerumque
481 3327 645 3402 temporali,
668 3327 853 3401 perveniunt.
883 3329 1063 3385 Huiusmodi
1091 3329 1275 3403 indulgentia
1303 3345 1370 3385 cum
1458 3326 1460 3357 ³

283 3402 312 3456 S.
331 3399 478 3455 Benedicti
492 3399 679 3456 veneratione
692 3399 766 3454 nihil
780 3400 866 3455 habet
880 3417 1047 3456 commune.
1228 3405 1230 3411 ‘

316 3472 346 3543 b)
364 3471 565 3543 Indulgentiae
589 3469 798 3526 Portiunculae
815 3470 907 3543 gratia
920 3484 962 3528 est
975 3471 1193 3545 specialissima,
1210 3487 1368 3546 quaecon·
1458 3508 1460 3551 3

281 3542 411 3599 cessione
422 3543 573 3598 communi
586 3559 647 3597 non
660 3541 927 3612 comprehenditur..

318 3632 344 3670 a.
366 3616 464 3686 Atque
482 3614 554 3668 haec
575 3613 695 3685 quidem
719 3614 790 3668 E1110s
815 3616 914 3670 Patres
934 3630 1052 3670 movete
1074 3627 1236 3687 potueruut
1257 3624 1293 3670 ut
1318 3628 1368 3670 suo

281 3683 420 3757 suffragio
451 3685 654 3757 benigniorem
685 3685 904 3741 conclusionem
934 3685 1143 3758 improbarent.
1177 3686 1251 3741 lnde
1281 3685 1368 3742 etiam

281 3757 410 3829 aliquam
423 3753 679 3812 confirmationem
692 3755 796 3827 accipit
810 3755 953 3812 sententia
967 3760 1044 3829 qu‘ae
1056 3769 1144 3829 negat
1160 3756 1367 3812 Portiunculae
1458 3824 1460 3827 Ι

281 3827 493 3899 indulgentiam
507 3844 558 3899 pet
570 3826 790 3899 privilegiorum
808 3840 837 3884 et
854 3827 1104 3953 indulgentiarum
1126 3827 1366 3887 communicatio·
1458 3840 1460 3889 ζ

281 3917 349 3980 nem
372 3899 483 3972 acquiri
505 3915 599 3980 posse.
623 3897 770 3972 Aliquam
794 3899 861 3954 dico
881 3916 937 3954 con

280 3987 359 4026 emm
371 3973 516 4026 rationem
530 3987 699 4049 rgnoremus
713 3987 773 4044 qua
785 3970 968 4027 Cassinensia
978 3970 1143 4026 sanctuaria
1158 3969 1365 4026 Portiunculae
1458 4008 1460 4015 .

280 4042 490 4123 indulgentiam
520 4041 700 4114 participent,
742 4041 862 4096 firmum
896 4054 1104 4114 argumentum
1135 4059 1171 4098 ex
1203 4041 1275 4098 actis
1305 4035 1367 4096 erui
1458 4028 1460 4089 3

280 4125 391 4186 nequit.
1458 4122 1460 4127 ·

961 3900 1148 3956 imationem.
1173 3899 1251 3954 Cum
1276 3899 1366 3971 ipsam
1458 3926 1460 3929 ·
