2959 4900
268 247 307 308 60
714 268 917 306 summittunt

314 415 420 498 Quae
441 434 558 482 cauea
579 416 795 496 requiratur
814 415 856 477 et
877 412 1059 477 sufficiat.
1075 441 1114 454 -
1131 403 1162 470 Ι.
1188 401 1240 469 Ut
1262 400 1362 490 prius

269 499 544 586 respondeamus
557 519 596 564 ex
612 497 831 576 auctoritate,
848 494 1006 580 SUAREZ,
1021 515 1128 582 agens
1139 494 1182 559 de
1196 490 1363 560 scholari·

270 586 335 653 bus
349 585 529 654 Societatis
541 587 633 673 lesu,
644 608 797 674 quorum
809 585 955 652 iuridica
966 584 1067 670 ratic,
1077 582 1238 670 quamvis
1251 581 1293 648 ad
1306 580 1365 646 ius

270 678 417 763 speciale
429 675 609 764 pertineat,
619 675 699 743 satis
711 689 829 744 tamen
841 674 966 742 similis
977 672 1114 739 videtur
1125 690 1164 738 ut
1176 691 1364 760 argumen-

231 767 233 778 '
269 781 346 831 tum
374 766 554 854 analogiae
580 765 727 832 fundare
754 781 871 852 queat,
901 764 944 831 de
972 764 1039 848 his,
1069 762 1229 850 inquam,
1255 779 1365 849 agens

272 851 419 922 SUAREZ
443 877 585 944 gravem
608 854 712 940 exigit
735 873 877 920 causam
892 858 913 940 ¹,
939 874 1047 941 quam
1063 851 1159 937 dicit,
1184 850 1365 916 moraliter

270 944 462 1031 loquendo,
489 965 626 1031 semper
649 943 802 1031 pendere
818 963 858 1008 ex
885 942 1063 1010 voluntate
1086 941 1269 1028 ipsiusmet
1285 936 1366 1004 reli·

270 1032 360 1121 giosi
385 1033 408 1100 ².
441 1060 453 1097 ι
480 1034 635 1101 Affectus
661 1032 704 1098 ad
736 1031 957 1120 religionem,
990 1031 1037 1097 ita
1064 1031 1139 1118 ipse
1170 1030 1196 1115 ³,
1229 1042 1366 1113 praeter

271 1122 433 1189 allectum
457 1123 606 1189 caritatis
622 1121 664 1188 ad
682 1121 884 1210 proximum
900 1120 1043 1189 inclinat
1058 1118 1101 1186 ad
1125 1116 1368 1185 conservanda

271 1210 533 1298 eiusmembra,
550 1232 614 1278 nec
638 1209 807 1299 permittit
830 1210 972 1298 aliquod
991 1231 1030 1276 ex
1053 1208 1122 1274 illis
1145 1205 1365 1290 abscindere,

271 1299 339 1366 nisi
363 1299 424 1366 ubi
449 1302 492 1368 ad
516 1302 664 1368 salutem
679 1301 787 1366 torius
810 1300 968 1388 corporis
990 1297 1226 1365 necessarium
1253 1309 1318 1362 est.
1349 1319 1363 1356 i

272 1388 380 1455 Addit
408 1404 526 1456 tamen
549 1410 651 1479 saepe
679 1388 873 1478 «expedire
896 1389 1052 1476 aliquem
1075 1385 1261 1471 dimittere,
1290 1405 1368 1451 non

272 1478 388 1544 solum
401 1497 544 1567 propter
559 1478 641 1546 vitia
656 1476 908 1567 incorrigibilia
924 1477 950 1563 ⁴,
969 1497 1059 1564 quae
1075 1476 1146 1542 fere
1162 1475 1236 1542 sola
1252 1488 1369 1562 potest

272 1587 347 1633 esse
364 1567 451 1634 ratio
467 1567 664 1635 dimittendi
682 1568 892 1657 professum,
911 1566 971 1633 sed
989 1565 1093 1632 etiam
1109 1578 1251 1652 propter
1274 1561 1370 1629 diffi-

273 1654 375 1721 cilem
402 1673 576 1743 naturam,
607 1659 660 1723 vel
687 1678 762 1724 non
785 1657 866 1723 satis
890 1672 1007 1743 aptam
1030 1671 1090 1722 aut
1112 1653 1234 1739 fidam,
1263 1668 1304 1718 ut
1336 1651 1369 1719 ei

273 1743 468 1813 ministeria
507 1744 690 1814 Societatis
730 1742 994 1813 committantur
1032 1758 1066 1810 et
1108 1743 1192 1810 alias
1233 1740 1370 1808 similes

274 1854 438 1900 causas.»

321 1921 547 1992 Particularia
571 1938 688 1990 autem
712 1923 796 1990 haec
820 1923 919 1990 affert
934 1921 1104 2010 erempla,
1133 1941 1172 1986 ex
1191 1919 1372 1988 Constitu·

273 2011 440 2092 tionibus,
460 2031 557 2101 parte
575 2035 607 2095 2,
633 2035 663 2079 c.
692 2035 733 2080 2:
757 2041 770 2075 ι
792 2012 829 2082 Si
854 2011 1064 2080 iudicaretur
1087 2010 1168 2098 quis
1195 2010 1372 2076 damnum

274 2102 441 2168 allaturus
464 2103 558 2168 malo
573 2101 664 2168 vitae
680 2101 900 2191 exemplosi
924 2101 1123 2189 inquietum
1139 2119 1175 2166 se
1192 2099 1370 2184 ostendat,

275 2189 303 2256 si
321 2191 434 2257 verbis
449 2207 509 2257 aut
536 2190 669 2257 actibus
685 2181 938 2262 offendiculum
955 2191 1032 2256 aliis
1047 2188 1223 2278 praebeat,
1248 2187 1277 2254 si
1294 2208 1373 2254 non

274 2279 384 2366 possit
396 2301 432 2346 se
445 2301 655 2367 componere
668 2281 711 2347 ad
724 2281 831 2349 vitam
843 2280 1041 2346 ducendam
1053 2279 1120 2345 sub
1131 2276 1371 2360 oboedientia,

275 2367 368 2433 iuxta
392 2369 540 2436 modum
563 2369 774 2457 procedendi
809 2369 1000 2455 Societatis,
1031 2366 1193 2455 eoquod
1218 2380 1373 2454 nequeat

276 2457 448 2525 iudicium
476 2480 581 2525 suum
604 2460 805 2547 relringere,
835 2460 863 2527 si
887 2458 1040 2546 denique
1067 2456 1104 2523 in
1128 2456 1312 2537 affectibus
1340 2472 1374 2522 et

276 2546 368 2613 vitiis
395 2568 485 2634 quae
511 2547 667 2614 divinam
691 2549 876 2615 offendunt
899 2547 1115 2614 maiestatem
1141 2545 1268 2632 corrigi
1296 2565 1374 2611 non

276 2636 398 2722 possit,
417 2637 520 2703 etiam
538 2637 566 2703 si
583 2637 720 2725 publica
739 2659 813 2705 non
829 2638 910 2704 sint.
939 2636 983 2702 ln
999 2634 1129 2723 quibus
1152 2633 1325 2716 omnibus
1341 2650 1375 2701 et

276 2724 560 2813 quibuscumque
572 2727 761 2812 similibus,
774 2728 894 2815 regula
910 2724 948 2792 in
963 2726 1080 2811 priore
1097 2725 1174 2790 loco
1191 2722 1375 2811 designata

277 2812 314 2879 in
326 2836 365 2889 n.
391 2836 430 2881 10
455 2815 624 2881 servanda
640 2834 691 2881 est
705 2841 715 2903 5
735 2815 863 2882 scilicet
879 2814 1054 2881 delectum
1070 2813 1164 2878 hunc
1175 2814 1283 2878 talem
1296 2832 1375 2879 esse

277 2902 416 2987 debere,
434 2922 473 2969 ut
496 2925 538 2970 eo
555 2920 719 2993 spectato,
739 2904 909 2991 Superior
933 2902 1122 2991 prudenter
1137 2900 1267 2968 iudicet
1293 2900 1374 2967 Deo

278 3010 415 3092 gratum
432 3014 506 3059 non
522 3013 596 3059 esse
612 2996 718 3059 talem
733 3013 922 3081 personam
938 2992 976 3058 in
1001 2989 1171 3058 Societate
1186 2988 1374 3056 admittere

279 3098 338 3146 aut
354 3098 513 3149 retmere.
537 3106 549 3144 r

325 3180 499 3249 SANCHEZ
516 3198 633 3250 autem
649 3184 704 3251 his
715 3184 852 3251 verbis:
872 3210 885 3245 ι
907 3180 944 3250 Si
961 3181 1161 3269 frequenter
1176 3180 1317 3267 regulas
1330 3180 1374 3247 ad

279 3272 412 3337 nullam
441 3275 580 3359 culpam
607 3273 802 3361 obligantes
828 3271 1111 3360 transgrediatur,
1141 3268 1180 3335 ut
1210 3272 1239 3335 si
1262 3271 1376 3337 nollet

280 3384 379 3425 orare
395 3361 612 3448 temporibus
633 3362 862 3449 praescriptis,
879 3360 1190 3450 ingredereturque
1206 3358 1375 3425 omniurn

252 3460 254 3463 ’
280 3448 452 3533 cubicula,
478 3466 511 3516 et
535 3450 662 3517 similia
678 3450 829 3519 efficeret
844 3475 875 3533 ι,
894 3451 1048 3536 exempla
1072 3447 1170 3514 affert
1186 3468 1376 3514 causarum

281 3560 382 3626 qaae,
401 3538 561 3625 quamvis
578 3560 617 3605 ex
634 3561 670 3607 se
688 3542 808 3629 culpas
823 3539 975 3606 veniales
991 3559 1063 3604 non
1079 3536 1256 3623 excedant,
1275 3536 1374 3603 suffi-

281 3648 356 3694 cere
373 3646 490 3693 tamen
506 3629 642 3716 possint
657 3630 699 3696 ad
717 3628 909 3719 legitimam
925 3627 1170 3695 dimissionem
1186 3625 1211 3693 ⁵.

281 3778 358 3785 ψ

312 3845 320 3878 ¹
335 3844 372 3891 De
381 3842 511 3900 Religioni,
523 3846 556 3889 tr.
570 3858 606 3898 10,
618 3841 637 3889 l.
650 3847 670 3893 3,
681 3853 705 3889 c.
717 3858 741 3897 a,
759 3853 786 3888 n.
801 3839 849 3887 IX.

309 3913 321 3947 2
336 3908 453 3964 Ibidem,
465 3923 492 3955 n.
505 3908 554 3955 IV.

309 3978 321 4013 3
336 3974 450 4027 Ibidem,
463 3988 491 4023 ιι.
502 3975 540 4023 Xl
557 3971 619 4021 fine.

310 4048 321 4080 ⁴
336 4042 450 4093 Ibidem,
467 4055 496 4089 n.
512 4041 560 4089 VI.
579 4038 751 4099 Regulariter
766 4044 867 4095 tamen,
886 4042 917 4085 ut
931 4041 1026 4097 postea
1038 4034 1202 4092 videbimus,
1219 4037 1328 4093 oportet
1344 4036 1374 4081 ut

281 4109 376 4171 aliquo
386 4108 468 4157 modo
487 4108 541 4156 sint
556 4104 756 4167 incorrigibiles
770 4104 818 4166 qui
836 4109 897 4164 post
907 4111 971 4153 vota
981 4109 1114 4163 perpetua
1129 4102 1207 4151 inviti
1219 4099 1256 4150 ab
1267 4100 1374 4150 Ordine

282 4176 463 4226 dimittantur.
477 4175 533 4223 Clr.
547 4175 647 4223 Suarez
659 4171 772 4229 ibidem,
785 4174 852 4230 l.1o‚
865 4185 890 4220 c.
903 4188 941 4230 14,
952 4185 981 4220 n.
993 4171 1041 4219 IX.

311 4246 321 4281 5
336 4244 368 4291 In
378 4242 519 4301 decalogum,
531 4243 549 4289 l.
561 4248 584 4299 6,
596 4254 620 4289 c.
633 4258 656 4298 9,
668 4254 694 4288 ιι.
706 4248 745 4297 69.
847 4254 849 4261 ’

1463 4079 1465 4144 l

1463 4149 1465 4230 l

1463 4299 1465 4342 l
