2959 4900
366 762 663 868 Quaestus
697 761 907 852 vitata

121 967 200 1034 Ill.
229 976 287 1038 De
302 974 668 1039 Commutationibus
683 971 880 1037 titulorum
896 988 1167 1055 anonymorum

73 1058 214 1141 (titres
229 1076 278 1121 au
291 1057 477 1141 portent).

123 1217 138 1253 r
169 1190 239 1257 Die
267 1212 305 1279 ¹7
330 1190 417 1278 febr.
442 1190 537 1279 1906,
556 1210 637 1256 cum
662 1192 886 1275 quaereretur
912 1201 1033 1253 utrum
1060 1206 1168 1253 necne

71 1278 339 1367 beneplacitum
363 1279 594 1365 apostolicum
619 1278 854 1345 necessarium
878 1292 979 1361 esset,
991 1296 1071 1342 non
1095 1290 1168 1342 tan·

71 1385 156 1435 tum
173 1368 217 1435 ad
235 1368 451 1453 alienandos,
477 1368 537 1435 sed
561 1368 667 1434 etiam
691 1366 733 1435 ad
758 1362 1028 1433 commutandos
1051 1364 1170 1431 titulos

71 1477 292 1545 anonymos,
337 1456 547 1545 pertinentes
586 1458 630 1524 ad
673 1454 884 1547 patrimonia
927 1454 1167 1539 ecclesiastica,

73 1545 113 1615 S.
137 1545 377 1635 Congregatio
394 1544 556 1626 Concilii,
576 1545 690 1613 audita
709 1544 876 1613 relatione
893 1563 983 1632 quae
1000 1543 1170 1629 reperitur

71 1639 111 1702 in
125 1637 332 1702 Auntacra
347 1634 648 1717 Ecctasrrsr1m‚
662 1635 749 1702 febr.
768 1634 907 1723 1906‚et
918 1630 1018 1699 cuius
1030 1653 1170 1699 summa

71 1725 228 1791 habetur
251 1724 289 1791 in
315 1725 382 1791 hoc
409 1725 601 1811 periodic0,
626 1745 744 1812 supra,
775 1746 809 1810 p.
837 1744 892 1813 74,
922 1720 1102 1809 respondit
1126 1721 1168 1788 ad

72 1831 287 1901 utrumque,
306 1812 521 1901 affirmative.

123 1928 138 1963 r
172 1904 249 1991 Age
276 1922 395 1990 portu,
424 1902 555 1992 requiri
581 1900 839 1989 beneplacitum
867 1897 1098 1987 apostolicum
1126 1898 1168 1965 ad

72 1991 298 2077 alienandos,
316 1990 401 2079 quin
419 2005 679 2065 commutentur
695 2011 777 2057 cum
793 1990 880 2069 aliis,
898 1988 1018 2055 titulos
1038 2007 1169 2076 anony-

71 2102 171 2166 mos,
187 2081 399 2168 pertinentes
415 2082 457 2149 ad
471 2080 680 2170 patrimonia
696 2079 934 2164 ecclesiastica,
949 2078 985 2145 id
998 2098 1017 2145 a
1029 2076 1170 2143 nemine

74 2170 203 2258 negari
220 2169 380 2238 arbitror.

123 2284 138 2320 l)
163 2256 234 2326 Sed
251 2258 368 2345 multi,
386 2257 482 2346 iique
498 2257 615 2326 eximii
631 2257 784 2351 theologi
802 2256 911 2326 nostri
933 2254 1114 2343 temporis,
1132 2269 1169 2322 ut

74 2347 522 2433 BuccsaoN11,Noru11t
547 2353 573 2433 ²,
599 2346 772 2416 Gamcor
794 2352 819 2432 ³,
848 2345 977 2435 quibus
1001 2344 1171 2413 consentit

73 2436 154 2525 ipse
182 2435 288 2505 huius
315 2436 482 2527 periodici
507 2452 626 2506 auctor
642 2442 667 2524 ⁴,
694 2436 889 2504 existimant
912 2434 1171 2524 beneplacitum

72 2547 154 2593 non
177 2526 322 2614 requiri,
348 2525 410 2593 ubi
442 2526 556 2617 agitur
589 2527 634 2594 de
667 2524 1058 2612 tituliscommutandis
1089 2545 1170 2593 cum

73 2615 156 2682 aliis
171 2614 409 2684 securioribus
427 2630 461 2683 et
477 2616 693 2684 melioribus.
765 2659 769 2668 ι

124 2729 139 2765 »
170 2704 203 2771 Ε
226 2721 358 2789 contra,
384 2708 511 2773 relator
536 2704 573 2774 S.
601 2703 905 2794 Congregationis,
935 2725 976 2771 ex
1003 2725 1045 2771 eo
1074 2705 1170 2791 quod

73 2792 339 2878 beneplacitum
370 2795 566 2883 requiratur
592 2795 634 2862 ad
663 2793 923 2880 alienationem,
949 2793 1061 2882 arguit
1089 2793 1171 2861 inde

74 2884 249 2969 consequi
274 2884 469 2961 evidentem
493 2883 731 2951 necessitatem
754 2881 960 2972 beneplaciti
977 2883 1020 2949 ad
1037 2904 1170 2952 meram

76 2970 267 3037 titulorum
284 2971 608 3055 commutationem.

127 3085 141 3121 ll
164 3060 270 3127 Ratio
292 3059 395 3142 foret,
421 3062 516 3148 quod
542 3061 740 3138 canonistae
765 3081 837 3127 uno
858 3080 919 3126 ore
941 3059 1170 3129 declarantia

78 3147 203 3248 Const.
234 3150 662 3239 Ambitiosaecupiditoti,
688 3150 753 3217 sub
781 3150 926 3216 nomine
951 3151 1172 3218 alienationis

78 3257 201 3305 ventre
218 3256 324 3305 ettam
341 3254 666 3306 commutationem.

128 3351 143 3388 r
165 3328 245 3394 Nos
260 3346 377 3394 autem
395 3328 633 3395 existimamus
651 3327 857 3414 Ecclesiam,
875 3329 1036 3415 quamvis
1061 3328 1171 3418 exigat

75 3413 346 3503 beneplacitum*
364 3417 425 3485 ubi
449 3417 561 3507 agitur
585 3419 626 3484 de
649 3417 907 3484 commutandis
925 3416 1028 3485 bonis
1044 3418 1169 3485 immo-

78 3503 224 3590 bilibus,
246 3507 343 3572 idem
365 3527 438 3574 non
462 3506 595 3595 exigere
620 3507 681 3573 ubi
706 3507 820 3595 agitur
843 3506 887 3572 de
913 3507 1170 3574 commutandis

79 3592 192 3661 titulis
208 3594 404 3682 anonymis.

129 3707 143 3742 i
173 3682 277 3751 Ratio
302 3697 365 3770 est,
390 3674 486 3772 quod
513 3683 666 3751 Ecclesia
692 3706 765 3752 non
788 3696 901 3772 potest
927 3685 1015 3751 velle
1037 3683 1168 3772 aliquid

78 3769 206 3925 ragipni
236 3773 356 3840 minus
384 3790 669 3861 consentaneum,
695 3773 807 3841 immo
835 3773 1012 3840 moraliter
1038 3775 1168 3862 impos·

76 3879 108 3926 si
137 3879 193 3926 re.

107 4070 116 4096 ¹
132 4070 212 4118 Theoi.
223 4087 285 4120 mor.
295 4080 315 4121 t.
326 4089 350 4128 a,
362 4088 389 4132 p.
402 4082 423 4130 3,
435 4081 473 4133 98,
485 4075 528 4123 ed.
542 4082 605 4133 1893.

107 4137 168 4183 sne
175 4143 299 4199 praeceptis
309 4139 358 4188 Dei
367 4145 388 4186 ct
398 4141 525 4198 Ecclesiae,
537 4156 564 4200 p.
577 4150 628 4198 811,
641 4141 684 4189 ed.
697 4159 762 4200 1902.

108 4201 121 4235 ³
134 4201 214 4251 Theol.
227 4205 287 4253 m'or.
300 4211 320 4253 t.
333 4222 356 4263 2,
365 4220 392 4265 p.
403 4214 455 4263 782,
466 4207 509 4255 ed.
523 4215 587 4266 1897.

109 4266 169 4314 ⁴Da
179 4269 313 4329 Religiosin
325 4277 346 4321 t.
360 4287 381 4328 1,
394 4287 420 4331 p.
433 4280 484 4321 261.
