2959 4900
88 758 92 765 ι
109 699 168 746 Dios
176 758 189 766 Η
199 702 238 759 (ao

83 770 189 803 ianuarii

81 818 157 873 1906).

111 1599 207 1647 Orator.

206 1661 242 1715 a·

111 1751 210 1832 Dabla.

112 1943 136 1990 l.
153 1943 189 1989 Dc
204 1944 244 1989 in-

84 1999 210 2047 clinatione

84 2058 243 2115 coniungenda

84 2129 134 2161 cuni
146 2129 244 2173 genitum

80 2171 189 2231 flatione.

112 2231 152 2278 Il.
170 2230 245 2279 Eslnc

86 2287 211 2335 inclinatio

79 2343 191 2404 socianda

86 2402 140 2449 clam
173 2417 245 2464 genn·

80 2460 155 2520 flectit
204 2465 245 2521 qni

86 2519 221 2567 tabernacu-

85 2575 131 2622 liini
170 2579 244 2624 aicit

85 2582 223 2682 varicula.

113 2693 168 2740 ΙΙΙ.
206 2693 244 2740 Di

85 2751 162 2796 variis
183 2764 245 2797 caoc-

85 2809 175 2854 rentiis.

112 3318 161 3365 IV.
206 3318 243 3364 Dc

85 3375 237 3423 inclinationi

86 3435 169 3492 capitis
192 3438 244 3492 post

86 3489 222 3538 benedictio·

84 3563 143 3596 neon.

117 3607 146 3653 V.
182 3606 244 3665 Quid

86 3663 113 3709 do
169 3665 244 3710 altera

89 3724 148 3769 tiaris
171 3723 245 3780 impo-

86 3781 178 3835 sitioni,
194 3784 245 3839 post

87 3840 222 3886 orationem.

117 3895 242 3963 1⁷1.er-

85 3951 245 4078 tttlttt

86 4067 200 4128 abeoquo
214 4068 244 4114 ab

86 4123 161 4172 altari
195 4125 242 4171 rics-

86 4182 162 4229 cenati
209 4189 244 4228 tus

86 4241 206 4298 impositu·

36 4319 37 4351 t
86 4297 148 4342 riis?

294 319 354 380 114
746 336 925 371 MONUMENTA

293 478 363 531 bant
394 473 519 547 publice,
549 489 583 530 ex
611 489 689 529 mera
721 471 875 527 devotione
906 470 1040 544 privatim
1104 471 1231 527 rsolvere
1258 471 1366 536 valeant,

293 558 413 613 servata,
424 544 522 617 quoad
532 544 665 617 linguam
674 541 732 599 sive
745 542 867 598 latinam
876 543 935 599 sive
947 558 1072 598 vernacu
1084 558 1143 611 ain,
1152 540 1368 612 uniuscuiusque

294 615 465 673 monasterii
478 615 699 673 consuetudine.

331 690 440 744 Romae
454 706 487 759 ²9
500 686 624 742 ianuarii
640 686 716 759 1906.

756 756 790 810 D.
812 755 899 810 Card.
923 754 1071 821 Fanum,
1092 755 1278 824 Praefectus.

750 826 909 900 Philippus
930 825 1071 893 Giustini,
1090 826 1288 881 Secretarius.

295 1053 393 1139 125.
420 1104 460 1113 -
486 1064 522 1135 s.
549 1064 697 1135 aiiuuii
729 1061 1069 1134 coiaaeaitioiiis
1094 1062 1144 1144 (io
1172 1060 1258 1129 teir.
1286 1058 1371 1139 tait)

434 1212 639 1279 Responsa
659 1223 713 1276 itt:
732 1222 931 1277 LAUDIBUS
950 1219 1147 1276 EXPOSITO
1164 1219 1245 1272 ssim

653 1300 778 1365 (Saluta
796 1297 1023 1363 Benedictioni)

634 1438 827 1495 societatis
844 1437 1052 1494 selesianae

332 1570 408 1626 Cum
430 1572 505 1627 circa
518 1572 692 1627 reverentias
703 1590 722 1627 a
735 1573 823 1627 sacris
845 1571 984 1627 ministris
998 1570 1144 1627 faciendas
1162 1570 1193 1624 in
1205 1568 1373 1642 expositione

296 1642 367 1697 ggmt
388 1642 587 1699 Eucharistiae
610 1643 791 1699 Sacramenti
813 1642 970 1698 dissideant
991 1640 1105 1723 probati
1130 1640 1278 1712 Liturgiae
1297 1638 1373 1718 inter-

295 1725 399 1787 pretes,
411 1713 570 1769 hodiernus
587 1716 660 1770 Rmu·
676 1716 852 1771 Procurator
865 1714 1014 1769 Generalis
1032 1712 1100 1768 Piae
1113 1712 1276 1767 Salesianae
1288 1711 1374 1766 Soue·

295 1784 362 1839 tatis
374 1783 524 1855 sequentia
537 1786 625 1840 dubia
648 1786 807 1841 Sacrorum
823 1785 944 1839 Rituum
963 1783 1189 1856 Congregationi
1204 1799 1257 1855 pro
1279 1798 1374 1855 oppor-

296 1868 367 1911 tuna
380 1854 575 1912 declaratione
584 1856 748 1913 humillime
760 1855 891 1924 subiecit,
903 1856 1043 1911 nimirum
1056 1875 1063 1911 :

334 1929 357 1981 l.
371 1926 447 1982 Cum
461 1925 640 1984 flectendum
654 1940 696 1983 est
709 1939 810 1982 utrum
832 1944 869 1984 ue
888 1943 966 1999 genu
980 1927 1017 1981 ad
1029 1927 1247 1982 Sacramentem
1263 1924 1374 1979 adoran·

297 1998 368 2052 dum
381 1999 463 2070 (puta
473 1998 503 2052 in
518 2015 635 2055 accessu
649 2000 685 2053 ad
698 1998 788 2054 altare
800 2016 820 2053 u
842 1999 851 2053 i
865 1997 1028 2069 expositum
1040 2007 1084 2053 est
1098 1996 1150 2051 SS.
1166 1997 1373 2051 Sacramentum
1446 2027 1447 2044 ι

297 2081 325 2124 et
345 2070 375 2123 in
389 2085 502 2125 recessu
523 2070 560 2125 ab
571 2071 687 2141 eodem)
700 2068 830 2126 flectioni
851 2086 982 2141 genuum
994 2080 1074 2125 estne
1086 2067 1221 2123 addenda
1242 2065 1374 2140 profunda

297 2139 447 2195 inclinatio
460 2140 550 2197 totius
563 2142 695 2213 corporis
705 2157 743 2196 an
754 2139 845 2197 solius
854 2140 976 2214 capitis‘l

334 2213 372 2265 ΙΙ.
389 2211 465 2267 Cum
486 2212 642 2283 expositor,
656 2225 757 2281 aperto
780 2211 885 2267 ostiolo
899 2208 1088 2275 tabernaculi,
1108 2207 1276 2282 genuflectit
1293 2206 1373 2279 prius
1446 2275 1447 2284 ἵ

297 2299 387 2355 quam
409 2283 460 2339 SS.
482 2283 703 2339 Sacramentum
724 2283 864 2353 extrahat,
888 2294 1012 2350 etcum,
1036 2281 1164 2351 reposito
1186 2282 1371 2343 Sacramento,

297 2351 465 2423 genuflectit
476 2353 647 2428 priusquam
669 2354 810 2410 ostiolum
822 2354 948 2423 claudat,
972 2353 1116 2410 debentne
1128 2354 1215 2407 ceteri
1235 2351 1284 2424 qui
1296 2365 1373 2421 genu·

297 2422 365 2480 flexi
379 2425 484 2480 adsunt
506 2426 627 2482 adorare
642 2441 709 2481 cuin
729 2425 877 2499 profunda
894 2424 1085 2482 inclinatione
1106 2423 1247 2495 corporis,
1268 2440 1304 2476 an
1315 2436 1373 2476 cum

297 2495 485 2552 inclinatione
509 2497 599 2552 solius
610 2496 720 2576 capitis,
736 2514 784 2567 an,
807 2508 910 2570 utpote
922 2497 980 2553 iam
999 2493 1154 2569 genuflexi,
1178 2495 1291 2550 nullam
1304 2508 1372 2565 prae·

298 2580 375 2623 terea
387 2568 578 2623 reverentiam
591 2568 747 2624 exhiberet

334 2639 389 2693 111.
403 2638 449 2692 An
464 2649 493 2694 et
505 2655 594 2712 quain
603 2637 794 2695 reverentiam
807 2638 943 2695 exhibere
954 2639 1057 2695 debeat
1070 2636 1202 2692 minister
1214 2634 1372 2708 genuflexus

297 2722 455 2782 antequam
478 2719 577 2781 surgat
594 2709 705 2783 aliquid
724 2709 875 2766 factumst
897 2709 1057 2767 Videlicet:
1082 2712 1106 2779 ι)
1128 2709 1286 2764 Celebrans
1305 2720 1373 2760 ante·

297 2797 387 2852 quam
400 2793 498 2852 surgat
508 2779 679 2837 recitaturus
691 2782 855 2838 orationem
862 2782 944 2837 Deus
954 2781 1006 2855 qui
1018 2779 1100 2836 nobis
1112 2779 1165 2834 sub
1180 2780 1371 2842 Sacramenta
1447 2814 1448 2845 2

297 2864 362 2919 etc,
376 2851 499 2908 debetne
522 2852 656 2910 omittere
675 2852 837 2925 quamlibet
854 2852 1055 2915 reverentiam,
1078 2868 1116 2904 an
1131 2850 1272 2906 inclinare
1289 2858 1372 2922 caput,
1447 2904 1448 2913 ¹

297 2940 334 2977 an
348 2923 478 2994 corporis
490 2923 680 2980 inclinatione
698 2923 844 2980 adoraret
868 2926 894 2995 a)
911 2923 994 2980 Idem
1005 2923 1155 2995 quaeritur
1173 2921 1209 2976 de
1223 2921 1373 2976 celebrante
1447 2932 1448 2965 f

297 3011 330 3048 ac
353 2993 491 3050 ministris
514 2995 687 3051 surrecturis
710 2995 748 3050 ad
768 2995 982 3066 imponendum
1003 2995 1174 3056 incensum
1203 2993 1229 3061 3)
1252 2993 1292 3047 De
1312 2989 1373 3046 cele

297 3065 399 3121 brante
412 3077 569 3134 antequam
582 3077 682 3138 surgat
693 3067 731 3121 ad
744 3066 835 3122 altare
848 3082 1021 3122 ascensurus
1043 3077 1077 3119 ut
1090 3064 1202 3136 populo
1216 3062 1371 3125 benedicam

296 3139 325 3207 4)
341 3137 382 3192 De
394 3137 558 3207 expositore
571 3148 727 3207 antequam
737 3147 838 3208 surgat
848 3152 1021 3193 ascensurus
1036 3136 1072 3190 ad
1085 3135 1175 3190 altare
1189 3135 1227 3188 ad
1240 3136 1373 3206 deponen-

297 3207 368 3261 dum
382 3223 398 3262 e
413 3207 520 3262 throno
534 3209 585 3262 SS.
601 3209 841 3274 Sacramentum
863 3209 889 3280 5)
907 3209 949 3264 De
962 3207 1098 3279 acolytho
1111 3217 1270 3276 antequam
1288 3212 1373 3275 surgat

297 3278 390 3332 iturus
402 3279 439 3333 ad
451 3279 575 3333 abacum
589 3280 626 3333 ad
638 3279 736 3334 velum
751 3279 962 3350 accipiendum.

335 3350 384 3404 lV.
398 3348 553 3405 Celebrans
566 3362 731 3420 postquam,
744 3350 946 3405 benedictione
957 3349 1113 3421 impertita,
1127 3348 1164 3402 ab
1174 3348 1257 3403 altari
1269 3347 1374 3401 descen·

298 3420 340 3475 dit
360 3431 389 3476 et
407 3436 501 3491 genua
519 3419 609 3476 flectit
627 3422 657 3475 in
676 3421 781 3476 infimo
802 3421 903 3493 gradu,
927 3421 1050 3476 debetne
1071 3419 1206 3499 omittere
1225 3415 1374 3498 quamlibet

298 3490 527 3616 irplclinatipnem,
553 3509 590 3547 an
603 3492 744 3547 inclinare
767 3505 863 3564 caput,
878 3509 915 3546 au
938 3491 1028 3546 totius
1046 3506 1177 3562 corporis
1197 3489 1373 3546 inclinatione

297 3579 436 3618 aurare.

333 3635 366 3688 V.
382 3634 466 3690 More
480 3635 558 3706 apud
570 3633 749 3706 Subalpinos
771 3647 897 3704 recepto,
919 3633 1046 3688 secundo
1067 3644 1115 3688 tus
1136 3631 1298 3704 imponitur
1317 3636 1375 3702 post

298 3716 444 3760 cantatam
457 3704 622 3761 orationem
636 3705 718 3760 Deus
728 3705 781 3778 qui
791 3705 883 3770 nobis,
897 3716 951 3760 etc.
965 3705 1027 3759 lam
1040 3702 1191 3783 quaeritur
1205 3723 1211 3758 :
1232 3704 1255 3773 1)
1268 3719 1305 3757 an
1318 3713 1373 3754 mos

298 3774 404 3831 servari
417 3775 507 3849 possit
519 3777 530 3830 ‘t
544 3777 581 3832 Et
596 3788 740 3847 quatenus
762 3775 943 3841 affirmative,
956 3786 1105 3848 quaeritur
1120 3794 1127 3830 :
1150 3777 1177 3844 2)
1191 3791 1228 3829 an
1241 3772 1372 3833 sacerdos,

298 3859 412 3902 cantata
430 3847 572 3915 oratione,
588 3847 691 3903 debeat
708 3860 777 3902 ante
795 3847 1014 3920 impositionem
1032 3845 1142 3901 incensi
1160 3845 1290 3918 aliquam
1303 3856 1372 3915 prae

298 3929 373 3974 stare
387 3918 577 3973 reverentiam
590 3929 618 3974 et
632 3917 750 3990 qualem
762 3919 772 3972 l
1365 3979 1371 3988 ,

333 3989 385 4044 Vl.
403 3989 511 4044 Utrum
525 3989 659 4045 sacerdos
681 3990 732 4061 qui
747 3990 797 4045 SS.
818 3990 1039 4044 Sacramentum
1061 3985 1195 4060 exposuit
1207 3998 1235 4042 et
1253 3986 1288 4041 ab
1299 3984 1372 4039 altari

299 4060 446 4115 descendit
467 4070 513 4115 tus
536 4059 726 4131 impositurus
748 4061 851 4116 debeat
869 4071 936 4115 ante
948 4057 1165 4130 impositionem
1185 4059 1305 4113 adorare
1321 4068 1372 4108 uno

298 4147 374 4210 genu
387 4129 473 4200 flexo,
498 4149 535 4186 an
550 4143 685 4204 utroque,
709 4148 747 4186 an
761 4131 858 4187 statim
878 4131 989 4212 absque
1026 4127 1213 4186 enuflexione
1233 4129 1371 4183 incensum

297 4218 458 4343 implongere,
472 4215 505 4256 ut
518 4202 638 4314 qqidam
651 4215 759 4258 eruunt
768 4219 803 4258 ex
816 4200 994 4257 Memoriali
1031 4200 1123 4255 ituum
1141 4197 1287 4256 Benedicti
1296 4193 1369 4260 xlii,

299 4287 323 4325 c.
370 4313 377 4339 ‚
422 4289 463 4340 iii,
479 4289 508 4327 n.
523 4289 558 4328 a.
