2959 4900
135 294 298 373 [145-147]
315 316 358 351 11.
377 314 519 351 Mirones:
537 312 654 350 inpura.
671 313 759 349 carra
775 313 875 349 uacua
891 312 944 348 ero
960 313 1058 349 1111111.
1078 312 1142 349 nnn.
1167 290 1226 353 tta

133 448 189 503 mis
209 448 344 519 precibus
367 446 487 519 rogavit,
509 456 543 501 ut
562 446 770 503 Sacerdotibus
791 445 907 502 divinae
927 445 969 503 rei
987 444 1178 519 operantibus
1196 444 1227 500 in

132 532 301 589 pervetusto
310 517 424 575 Sacello
437 536 456 574 a
469 518 557 574 Rosis
571 529 751 598 nuncupato,
768 518 867 574 Sancti
880 518 972 573 Patris
988 517 1134 573 Francisci
1147 516 1228 572 miris

132 591 275 645 virtutum
289 590 430 662 exemplis
443 590 590 663 gestisque
611 588 783 657 clarissimo,
799 590 921 645 Missam
935 590 1063 644 votivam
1076 589 1112 645 de
1124 588 1229 644 eodem

133 662 243 717 Sancto
268 662 443 717 Confessore
470 661 553 717 liceat
577 661 733 727 celebrare,
761 661 814 716 etsi
841 658 980 716 Officium
1004 660 1077 714 ritus
1105 658 1230 732 duplicis

132 746 277 801 occurrat,
295 733 391 805 prouti
407 732 552 789 eiusmodi
573 731 725 803 privilegio
739 733 830 787 ditata
844 742 914 787 sunt
926 731 1074 787 Sacellum
1094 730 1229 786 Portiun·

133 805 219 859 culae
238 819 265 859 et
284 805 411 859 alterum
429 803 502 858 olim
519 802 708 871 Cubiculum,
729 803 760 857 in
779 820 839 876 quo
859 802 983 858 Sanctus
1004 802 1173 857 Patriarcua
1192 802 1229 857 ad

134 874 269 930 caelestia
281 892 371 945 regna
381 874 522 930 transivit.
898 943 900 946 Ι

170 948 257 1002 Sacra
270 963 358 1019 porro
374 946 496 1002 Rituum
516 943 721 1017 Congregatio,
744 942 844 1015 vigore
857 942 1030 999 facultatum
1051 943 1104 999 sibi
1120 943 1228 1015 specia-

134 1016 201 1072 liter
219 1018 256 1073 ab
279 1018 383 1073 eodem
403 1016 593 1073 Sanctissimo
615 1015 741 1071 Domino
766 1017 875 1070 Nostro
895 1016 1081 1079 tributarum,
1104 1016 1229 1088 petitum

135 1089 243 1145 Missae
257 1089 371 1145 votivae
387 1088 571 1159 privilegium
584 1088 620 1142 ad
633 1087 781 1143 Sacellum
797 1088 833 1142 de
849 1087 932 1143 Rosis
944 1087 983 1141 ita
995 1086 1120 1157 benigne
1135 1101 1232 1143 exten·

133 1159 186 1224 dit,
206 1173 239 1216 ut
253 1160 372 1215 cuilibet
387 1160 537 1215 Sacerdoti
550 1159 659 1215 ibidem
679 1160 803 1213 Sacrum
822 1157 945 1224 lacturo,
969 1159 1090 1213 Missam
1103 1159 1231 1215 votivam

133 1231 170 1286 de
190 1232 298 1291 Sancto
323 1231 488 1297 Francisco,
508 1230 550 1288 uti
567 1230 597 1285 in
611 1230 657 1285 die
670 1243 774 1302 quarta
792 1229 932 1293 octobris,
952 1228 1045 1285 fassit
1063 1230 1227 1298 celebrare3

133 1302 297 1359 dummodo
315 1320 376 1357 non
395 1315 530 1357 occurrat
548 1304 666 1371 Duplex
689 1301 800 1370 primae
818 1303 863 1355 vel
883 1302 1030 1355 secundae
1046 1301 1159 1367 classis,
1179 1314 1229 1369 aut

136 1374 255 1429 Festum
269 1374 672 1445 depraecepto‘servandum,
688 1388 804 1427 necnon
819 1371 913 1438 Faria,
934 1371 1040 1441 Vigilia
1054 1372 1099 1426 vel
1119 1372 1229 1427 Octava

135 1445 261 1517 quaesit
275 1461 310 1499 ex
324 1444 531 1515 privilegiatis:
545 1445 664 1501 servatis
681 1444 826 1499 Rubricis.
841 1443 1002 1499 Contrariis
1016 1459 1078 1498 non
1090 1443 1230 1499 obstanti-

135 1516 191 1571 bus
203 1515 454 1588 quibuscumque.
1165 1533 1168 1538 ’

175 1588 227 1643 Die
242 1606 276 1659 27
292 1587 354 1643 iulii
370 1588 447 1660 1906.

636 1657 671 1711 A.
689 1657 776 1712 Card.
791 1658 924 1720 Terram,
942 1656 1125 1721 Pro-Praes.

547 1740 587 1796 D.
602 1736 723 1805 Punici,
737 1738 881 1812 Archiep.
897 1739 1072 1830 Laodicen„
1083 1740 1195 1797 Secret.

527 1920 846 1927 ——--—--.-...—.

221 2036 320 2124 147.
343 2090 382 2099 -
404 2052 436 2117 s.
461 2049 497 2120 c.
522 2047 791 2120 tetscoeoaun
815 2048 868 2118 er
891 2046 1136 2119 1111111111

74 2256 76 2263 -
139 2222 196 2277 ΒΧ
205 2221 431 2277 ΑΠΠΙΒΝΤΙΑ
443 2221 518 2278 SSmi
532 2220 658 2277 151111.
674 2220 765 2285 1906,
774 2219 996 2277 DECRETUM
1008 2222 1052 2276 30
1062 2222 1138 2277 rut.
1151 2223 1233 2278 1906

137 2370 234 2427 trans
253 2386 386 2443 cappae
401 2386 554 2445 magnae
573 2370 751 2431 etaetatis
769 2373 1013 2431 Benedictlnis
1025 2374 1234 2431 conceditur

176 2531 304 2587 Romani
330 2529 487 2587 Pontifices
513 2549 574 2587 non
603 2533 692 2588 semel
718 2531 933 2604 Religiosoruni
957 2533 1082 2588 Ordines
1104 2534 1179 2589 bene
1197 2533 1233 2588 de

140 2603 272 2658 Ecclesia
285 2615 315 2657 et
333 2603 411 2657 civili
425 2605 562 2659 societate
577 2604 706 2668 meritos,
722 2605 867 2668 laudibus,
883 2604 1046 2659 honoribus
1064 2603 1233 2676 privilegiis-

136 2691 196 2746 que
222 2674 424 2729 honestarunt.
449 2675 535 2742 Quod
559 2675 589 2729 in
616 2675 716 2747 primis
736 2692 804 2747 erga
828 2674 1044 2730 Monachorum
1072 2678 1233 2747 Nigrorum

139 2747 168 2800 S.
188 2745 338 2800 Benedicti
352 2746 494 2800 Ordinem
513 2743 622 2801 factum
641 2760 693 2809 est,
714 2749 823 2819 quippe
842 2749 903 2818 qui,
920 2746 1042 2801 historia
1053 2760 1187 2812 testante,
1202 2747 1233 2800 in

138 2816 184 2871 his
196 2816 427 2871 occidentalibus
441 2816 510 2881 oris,
532 2835 590 2873 non
610 2818 701 2873 modo
719 2818 810 2873 totius
828 2820 1007 2872 monasticae
1026 2817 1101 2873 vitae
1121 2834 1231 2880 semen,

136 2888 187 2944 sed
201 2888 291 2942 etiam
304 2887 450 2942 bonarum
465 2888 572 2942 artium
585 2889 709 2943 eximius
723 2888 828 2947 vindex
842 2902 869 2943 11
883 2888 978 2943 cultor
992 2889 1141 2944 exstiterit.
1156 2891 1234 2943 Cum

139 2959 229 3030 igitur
250 2957 469 3014 Hildebrandus
487 2959 523 3015 de
548 2961 738 3031 Hemptinne,
760 2960 858 3015 Abbas
880 2960 992 3014 Primas
1010 2960 1100 3014 totius
1114 2959 1233 3015 Ordinis

139 3033 169 3084 S.
188 3029 376 3097 Benedicti,a
391 3030 468 3085 SSm⁰
485 3032 520 3086 D.
536 3033 574 3086 N.
592 3033 645 3086 Pio
662 3033 708 3085 ΡΡ
719 3033 755 3087 X.
773 3031 970 3102 postulaverit,
982 3044 1015 3084 ut
1033 3048 1105 3085 usus
1118 3031 1234 3102 Capuae
1250 3039 1252 3044 ’

139 3102 276 3173 Magnae,
287 3118 357 3172 quo,
370 3118 404 3157 ex
416 3103 445 3157 S.
454 3102 536 3157 Sedis
546 3102 707 3174 privilegio,
720 3102 856 3158 nonnulli
872 3103 1023 3157 Praesules
1036 3101 1104 3156 dicti
1116 3101 1234 3157 Ordinis

138 3173 287 3238 fruuntur,
305 3175 444 3229 omnibus
456 3174 600 3245 capitibus
615 3174 886 3245 Congregationum
897 3173 1116 3229 Monachorum
1128 3174 1234 3244 Nigro·

137 3261 206 3299 rurn
238 3243 496 3300 Confoederationi
527 3261 596 3300 suae
628 3245 839 3316 adscriptarum
867 3245 1089 3312 extenderetur3
1123 3245 1234 3299 Eadem

139 3315 284 3370 Sanctitas
298 3315 356 3369 Sua
375 3316 633 3371 Praedecessorum
648 3333 770 3377 suorum
784 3316 910 3386 vestigiis
923 3316 1087 3379 inhaerens,
1109 3315 1234 3388 peculia·

138 3385 238 3457 risque
248 3401 317 3440 suae
330 3387 548 3443 benevolentiae
559 3388 663 3458 pignus
674 3386 803 3457 praefato
814 3386 915 3441 inclito
926 3387 1030 3442 Ordini
1042 3388 1110 3442 dare
1121 3387 1232 3454 volens,

140 3457 170 3511 in
190 3457 349 3512 Audientia
362 3458 460 3512 habita
473 3460 509 3514 ab
521 3457 705 3529 infrascripto
720 3459 869 3513 Cardinali
886 3458 1034 3513 Praefecto
1055 3459 1085 3514 S.—
1106 3459 1234 3530 Congre-

138 3528 265 3600 gationis
286 3529 500 3600 Episcoporum
524 3542 553 3584 et
580 3529 768 3601 Regularium
794 3529 841 3585 die
868 3531 896 3584 15
920 3530 984 3584 iulii
1009 3531 1088 3601 1906,
1109 3530 1235 3601 benigne

137 3599 292 3665 concessit,
314 3615 401 3672 prout
420 3600 577 3672 praesentis
600 3603 713 3656 Decretr
732 3614 834 3655 tenore
853 3602 986 3656 concedit
1008 3618 1096 3654 usum
1119 3600 1235 3673 Cappae

144 3671 268 3742 Magnae
292 3671 431 3726 omnibus
453 3672 639 3727 Praesulibus
659 3672 930 3742 congregationum
949 3673 1044 3728 eidem
1064 3672 1168 3727 Ordini
1186 3672 1235 3725 ad·

142 3743 324 3816 scriptarum,
341 3742 411 3812 ipsis
429 3743 613 3798 Praesulrbus
627 3742 792 3813 indulgens,
804 3755 837 3796 ut
847 3759 880 3797 ea
893 3740 936 3798 uti
946 3743 1062 3801 valeant
1073 3760 1130 3797 non
1145 3744 1234 3798 modo

144 3811 313 3893 inpropriis
327 3812 463 3882 ecclesiis
479 3831 581 3870 verum
602 3813 689 3868 etiam
706 3815 736 3868 in
749 3814 878 3870 ecclesiis
889 3815 979 3870 totius
992 3814 1235 3886 Congregationis

143 3900 188 3939 cur
203 3898 352 3956 praesunt.

178 3957 339 4010 Contrariis
353 3955 586 4027 quibuscumque
600 3972 661 4010 non
677 3956 871 4011 obstantibus.

180 4028 287 4082 Datum
302 4027 413 4081 Romae
428 4043 463 4081 ex
476 4028 637 4082 Secretaria
650 4043 830 4081 memoratae
850 4027 879 4083 S.
895 4025 1138 4098 Congregationis
1153 4025 1236 4099 Epis·

141 4112 284 4170 caporum
297 4112 326 4152 et
342 4097 531 4170 Regularium
546 4097 593 4153 die
606 4099 641 4153 30
657 4097 721 4152 iulii
736 4100 811 4170 1906.

733 4186 773 4239 D.
794 4180 879 4236 Card.
895 4181 1044 4238 Fnaaarn,
1060 4181 1164 4245 Praef.

776 4264 832 4322 Ph.
856 4263 998 4332 Giustini‚
1018 4267 1129 4320 Secret.

1311 458 1344 506 Ul
1370 457 1444 505 succl-
1463 513 1464 516 Ἴ

1280 516 1328 563 lum
1336 530 1353 564 a
1362 515 1443 563 Rosis
1463 524 1464 534 ¹

1275 574 1377 636 fruatur
1390 575 1443 633 pri·

1281 632 1364 691 artigia
1384 633 1444 677 nis·
1464 665 1465 674 .

1280 705 1320 737 saa
1342 685 1465 751 anticiani

1280 762 1324 808 quo
1333 746 1444 851 nsruitur
1464 763 1465 781 t

1280 818 1410 912 dillin-
1465 831 1466 894 3

1280 922 1360 968 culae
1370 924 1391 965 ct
1405 934 1442 966 cv·
1465 959 1466 962 ,

1281 977 1382 1026 bircium
1404 977 1445 1023 ubi
1465 1019 1466 1022 ,

1281 1038 1362 1084 avinis
1371 1034 1443 1081 deces-

1281 1092 1443 1161 1118141111-
1466 1101 1467 1104 ’

1281 1166 1364 1199 circus.

1286 1234 1444 1278 Induttnnr.

1318 2550 1419 2599 Gratiae

1287 2610 1419 2670 opportuni·

1289 2674 1335 2724 lat,

1302 2887 1448 2943 Postulatio,

1318 3247 1442 3296 Concessio

1290 3308 1316 3354 in
1324 3305 1420 3352 audien·

1290 3367 1366 3410 111115
1376 3362 1439 3418 iulii,

1312 3635 1450 3703 'Concessio

1289 3707 1328 3741 ms
1342 3706 1386 3739 tus.
1439 3726 1453 3763 .1

1319 3962 1451 4026 Derogatio

1290 4027 1425 4067 contrario-

1291 4092 1352 4124 rum.

1321 4152 1379 4197 Dies
1390 4153 1429 4204 (50

1293 4210 1335 4258 iul.
1346 4212 1423 4268 1906).
