2959 4900
309 320 350 384 88
737 340 873 389 quaestus
888 340 971 376 vaura
1008 351 1009 359 κ

322 516 325 521 -
354 481 391 565 g)
417 475 603 562 Questioni
647 496 714 543 uae
727 474 825 564 prius
840 474 991 543 iudicata
1010 490 1064 543 est
1078 494 1203 562 parum
1228 472 1328 545 utilis,
1344 472 1378 537 si·

313 570 386 631 mul
411 566 605 653 imponitur
621 497 722 633 bnis.
745 564 798 632 De
814 563 1102 653 dispositionibus
1118 562 1162 631 ad
1178 562 1379 650 frequentem

312 667 345 720 et
361 655 574 724 cotidianam
598 655 901 738 communionem,
938 675 1010 721 non
1026 654 1096 721 iarn
1113 666 1163 720 est
1179 649 1380 718 contentiose

312 743 575 832 disputandum.
598 742 845 830 'Contentiose,
874 744 1031 837 inquam,
1052 742 1176 821 idest,
1212 740 1310 828 quasi
1338 759 1382 805 res

312 832 419 901 dubia
430 833 544 900 adhuc
561 834 604 899 sit
620 848 654 901 et
669 834 708 901 in.
730 834 1000 903 controversiam
1015 830 1129 898 veniat
1145 831 1188 896 de
1204 853 1244 896 ea
1260 849 1297 896 re
1312 845 1382 894 trac·

311 941 395 989 tare.
425 922 600 991 Historice
628 923 745 1013 potius
762 922 951 990 dicendum
967 938 1017 989 est
1032 919 1276 1009 quaestionem
1298 919 1384 985 istam

312 1033 386 1078 esse
414 1011 589 1101 agitatam,
615 1014 726 1079 donec
755 1011 892 1079 decreto
916 1011 981 1080 isto
998 1008 1097 1099 quasi
1115 1030 1134 1076 e
1149 1008 1268 1075 medio
1285 1006 1327 1075 sit
1340 1027 1383 1071 su-

313 1102 415 1169 blata.
448 1100 641 1169 Definitum
669 1102 765 1169 enim
782 1102 851 1169 iam
880 1115 942 1187 est,
971 1121 1011 1166 ex
1040 1097 1215 1167 Ecclesiae
1242 1094 1383 1163 doctrina

313 1212 386 1257 non
407 1191 509 1257 aliam
528 1191 569 1257 ad
588 1190 806 1278 frequentem
822 1207 926 1279 atque
949 1190 990 1257 ad
1019 1210 1092 1255 non
1114 1187 1331 1275 frequentem
1344 1204 1383 1251 re·

312 1279 403 1367 quiri
421 1279 698 1369 dispositionem.
723 1279 876 1346 Positiva
893 1277 1083 1365 prohibitio
1100 1274 1301 1366 disputandi
1317 1294 1383 1340 con·

312 1367 458 1436 rentiose
474 1368 710 1437 ecclesiasticis
726 1368 953 1456 scriptoribus
977 1364 1284 1451 circumscribitur,
1301 1363 1333 1430 id
1346 1376 1385 1430 est

313 1458 354 1524 iis
371 1463 431 1545 qui
447 1471 652 1549 argumenta
668 1456 768 1526 istius
785 1459 880 1525 modi
894 1473 1038 1525 tractare
1065 1468 1334 1524 consueverunt.

316 1557 319 1559 ’
362 1546 404 1613 ln
432 1548 558 1615 decreti
582 1546 807 1615 conclusione
838 1546 1067 1633 divulgandae
1095 1544 1161 1631 legi
1194 1544 1262 1611 hoc
1291 1542 1384 1609 modo

313 1636 513 1721 providetur
530 1662 537 1705 :
556 1637 684 1705 debent
699 1635 860 1703 locorum
874 1635 1052 1704 Ordinarii
1069 1650 1103 1702 et
1116 1631 1266 1702 Praelati
1282 1631 1383 1729 Regu-

313 1726 401 1793 lares
431 1726 519 1793 illud
550 1747 632 1793 cum
659 1725 731 1793 suis
765 1722 980 1800 Seminariis,
1015 1723 1198 1809 Parochis,
1234 1720 1384 1789 institutis

313 1814 485 1903 religiosis
501 1826 535 1882 et
550 1814 786 1883 sacerdotibus
803 1814 990 1901 respective
1006 1811 1280 1880 communicare.
1301 1809 1385 1877 Haec

282 1916 300 1953 ⁴
313 1904 419 1994 igitur
434 1904 707 1972 communicetio
724 1902 767 1971 ad
784 1924 844 1971 eos
861 1903 1084 1993 potissimum
1101 1916 1230 1991 spectat
1245 1919 1386 1988 quorum

313 2007 376 2080 est,
402 2009 441 2061 ut
463 1994 510 2061 ita
534 1993 659 2080 dicam,
686 1993 864 2060 decretum
888 1992 996 2059 active
1018 1990 1158 2079 exsequi
1175 1990 1249 2078 ipsa
1267 1988 1386 2085 ratione

315 2104 383 2171 qua
399 2082 533 2150 animas
551 2082 601 2149 vel
620 2082 779 2150 subditos
795 2094 921 2171 regunt
937 2080 1091 2149 consiliis
1114 2079 1168 2147 vel
1193 2092 1384 2168 praeceptis.

362 2171 438 2240 lam
461 2186 579 2239 tamen
602 2186 682 2238 ante
705 2170 854 2238 subditis
877 2169 932 2238 ius
948 2184 1021 2237 erat
1037 2169 1080 2263 ad
1096 2167 1385 2248 communionem,

313 2273 352 2327 ut
368 2261 408 2326 ad
428 2281 587 2328 mensam
603 2260 770 2327 omnibus
789 2260 831 2327 ab
849 2259 925 2347 ipso
944 2258 1021 2327 Deo
1037 2272 1205 2347 paratam,
1224 2255 1385 2325 accedere.

221 2432 224 2436 ¹
362 2350 499 2417 Debent
515 2350 619 2416 etiarn
644 2350 752 2416 iidem
777 2347 983 2437 Superiores
999 2346 1217 2415 ecclesiastici
1242 2347 1286 2413 de
1309 2364 1386 2411 exse·

313 2439 454 2507 cutione
469 2437 598 2506 decreti
617 2437 654 2506 S.
675 2436 804 2507 Sedem
829 2438 974 2506 edocere
997 2436 1033 2505 in
1057 2435 1286 2506 relationibus
1309 2434 1388 2501 dioe·

314 2528 400 2596 cesis
417 2550 499 2597 suae
515 2529 569 2595 vel
585 2527 744 2596 instituti.
766 2528 903 2598 Relatio
919 2527 963 2594 de
978 2526 1136 2595 instituto
1153 2524 1389 2594 recentioribus

314 2616 622 2699 constitutionibus
638 2617 824 2706 praecipue
841 2616 1049 2685 inscribitur.

571 2995 575 3000 -
675 2950 1040 3076 utrumnum

352 3149 496 3215 Question
524 3149 560 3203 de
585 3148 783 3205 conscience:
810 3149 860 3208 Ira
891 3149 1103 3222 liquidation
1124 3145 1314 3220 judiciaire
1338 3141 1390 3196 des

314 3231 417 3287 biens
432 3233 738 3306 congregantstes,
759 3251 811 3306 par
826 3236 852 3290 J.
871 3237 1041 3294 Donnes-ru.
1057 3233 1208 3290 Brochure
1221 3231 1257 3286 de
1272 3248 1307 3300 24
1316 3239 1391 3302 peges

315 3315 399 3372 in-80.
425 3317 587 3384 Toulouse‚
616 3318 723 3386 Privat,
755 3338 785 3389 14
810 3336 862 3375 rue
886 3320 934 3376 des
960 3322 1039 3376 Arts.
1069 3316 1229 3389 L’exempl.
1253 3314 1293 3370 frs
1315 3310 1390 3381 0,25;

315 3399 397 3458 franc
409 3401 445 3456 de
454 3411 522 3473 port
533 3400 574 3456 frs
586 3403 667 3470 0,30;
682 3420 736 3476 par
750 3403 784 3459 50
798 3420 842 3458 ex.
862 3420 894 3459 ιο
904 3403 943 3458 frs
955 3417 1022 3477 port
1035 3419 1071 3458 en
1086 3417 1144 3456 sus.

344 3507 423 3554 Cette
444 3503 581 3554 brochure
598 3512 639 3554 est
656 3521 709 3555 une
730 3509 913 3556 consultation
931 3506 1103 3568 theologique
1122 3519 1169 3554 sur
1178 3509 1261 3562 *cette
1279 3498 1392 3563 question

315 3573 448 3620 actuelle:
469 3574 544 3620 Dans
560 3575 650 3633 quelle
667 3588 774 3622 mesure
793 3573 952 3632 peche-ton
969 3579 996 3622 et
1007 3574 1024 3620 a
1035 3573 1099 3634 quoi
1115 3576 1205 3620 est-on
1216 3576 1281 3619 tenu
1292 3582 1325 3616 en
1339 3577 1391 3638 con·

315 3639 432 3694 science,
444 3638 467 3685 si
478 3640 530 3687 l'on
543 3641 658 3698 coopere
677 3640 758 3687 d’une
774 3640 853 3707 sapon
871 3654 907 3688 ou
926 3641 1006 3688 d'une
1023 3644 1101 3688 autre
1112 3639 1129 3686 εὶ
1139 3640 1166 3686 la
1176 3642 1256 3685 vente
1266 3635 1328 3684 d'un
1338 3630 1391 3679 bren

316 3706 521 3767 congreganiste
532 3707 542 3754 ?

345 3773 387 3820 La
397 3772 581 3821 consultation
592 3777 632 3820 est
643 3771 747 3819 divisse
757 3785 791 3820 en
803 3790 816 3820 2
828 3771 931 3832 parties
944 3785 950 3820 :

346 3848 371 3884 1⁰
383 3840 425 3886 La
439 3837 605 3912 liqqidation
623 3843 664 3886 est
682 3837 781 3896 injuste
800 3845 826 3886 et
845 3852 893 3885 son
905 3837 1068 3896 inscription
1079 3835 1147 3883 dans
1158 3836 1185 3883 la
1195 3833 1232 3882 loi
1244 3831 1324 3882 civile
1332 3829 1392 3877 n'dle

316 3919 350 3952 en
360 3905 419 3952 rien
431 3906 447 3952 a
458 3906 484 3952 la
495 3902 656 3962 culpabilite
667 3903 701 3951 de
711 3917 779 3951 ceux
790 3903 837 3964 qui
851 3919 870 3962 y
881 3906 1027 3962 coeperant
1039 3916 1045 3958 ;
1229 3949 1230 3952 ,

346 3968 604 4031 2⁰Responsabilite
625 3971 672 4018 des
692 3970 885 4028 cooperateurs
905 3971 939 4018 de
960 3971 986 4018 la
1009 3965 1194 4028 liquidation:
1216 3964 1254 4012 du
1272 3963 1342 4024 juge,
1362 3958 1391 4004 du

316 4037 494 4097 liquidateur‚
506 4037 541 4084 de
551 4037 675 4090 l'avocat.
687 4042 741 4084 etc.
1139 4054 1141 4057 ·
1217 4095 1222 4103 Ι
1254 4095 1258 4103 Ι
1311 4093 1315 4101 Ι

346 4105 397 4151 Ces
417 4117 499 4162 pages
517 4102 678 4149 s'adressent
698 4105 715 4148 ri
737 4107 798 4149 tous
817 4102 854 4148 les
870 4101 1002 4148 honnetes
1020 4115 1093 4159 gens,
1114 4111 1177 4145 sans
1196 4089 1391 4167 d1st1ncttonde

317 4174 388 4232 parti
399 4187 435 4220 ou
446 4172 595 4239 domnion,
608 4171 655 4231 qui
666 4178 787 4230 peuvent
797 4175 853 4219 etre
864 4170 974 4229 appelds
986 4171 1150 4227 as'occuper
1159 4169 1193 4215 de
1203 4168 1231 4214 la
1241 4163 1390 4238 liquidatton

318 4240 366 4286 des
386 4237 465 4286 biens
485 4238 604 4297 d'Eglise
623 4251 659 4285 ou
678 4237 712 4285 de
730 4238 930 4297 congregation
951 4242 977 4282 et
998 4234 1045 4295 qui
1061 4235 1175 4296 gardent
1193 4234 1219 4280 le
1236 4243 1308 4280 souct
1327 4225 1390 4274 dela

318 4304 414 4360 simple
429 4303 547 4362 probite.
