<?xml version="1.0" encoding="UTF-8"?>
<!DOCTYPE html PUBLIC "-//W3C//DTD XHTML 1.0 Transitional//EN"
    "http://www.w3.org/TR/xhtml1/DTD/xhtml1-transitional.dtd">
<html xmlns="http://www.w3.org/1999/xhtml" xml:lang="en" lang="en">
 <head>
  <title>
</title>
<meta http-equiv="Content-Type" content="text/html;charset=utf-8" />
  <meta name='ocr-system' content='tesseract 3.04.00' />
  <meta name='ocr-capabilities' content='ocr_page ocr_carea ocr_par ocr_line ocrx_word'/>
</head>
<body>
  <div class='ocr_page' id='page_1' title='image "./dereligiosisins01vermgoog_0330.png"; bbox 0 0 2959 4900; ppageno 0'>
   <div class='ocr_carea' id='block_1_1' title="bbox 317 232 951 297">
    <p class='ocr_par' dir='ltr' id='par_1_1' title="bbox 317 232 951 297">
     <span class='ocr_line' id='line_1_1' title="bbox 317 232 951 297; baseline -0.002 -1"><span class='ocrx_word' id='word_1_1' title='bbox 317 232 377 296; x_wconf 76' lang='grc'><strong><em>158</em></strong></span> <span class='ocrx_word' id='word_1_2' title='bbox 659 248 662 257; x_wconf 91' lang='grc'><strong>’</strong></span> <span class='ocrx_word' id='word_1_3' title='bbox 770 258 951 297; x_wconf 77' lang='lat' dir='ltr'><strong><em>uouutraura</em></strong></span> 
     </span>
    </p>
   </div>
   <div class='ocr_carea' id='block_1_2' title="bbox 40 388 1396 1612">
    <p class='ocr_par' dir='ltr' id='par_1_2' title="bbox 314 388 1395 679">
     <span class='ocr_line' id='line_1_2' title="bbox 349 388 1394 468; baseline 0.005 -24"><span class='ocrx_word' id='word_1_4' title='bbox 349 406 377 445; x_wconf 83' lang='lat'><strong><em>2.</em></strong></span> <span class='ocrx_word' id='word_1_5' title='bbox 402 388 451 452; x_wconf 84' lang='lat' dir='ltr'><strong><em>Ut.</em></strong></span> <span class='ocrx_word' id='word_1_6' title='bbox 472 390 575 446; x_wconf 89' lang='lat' dir='ltr'><strong><em>eadem</em></strong></span> <span class='ocrx_word' id='word_1_7' title='bbox 594 392 630 446; x_wconf 74' lang='lat'><strong><em>30</em></strong></span> <span class='ocrx_word' id='word_1_8' title='bbox 653 391 703 447; x_wconf 90' lang='lat' dir='ltr'><strong><em>die</em></strong></span> <span class='ocrx_word' id='word_1_9' title='bbox 722 392 832 448; x_wconf 85' lang='lat' dir='ltr'><em>mensis</em></span> <span class='ocrx_word' id='word_1_10' title='bbox 851 392 938 456; x_wconf 88' lang='lat' dir='ltr'><strong><em>iunii,</em></strong></span> <span class='ocrx_word' id='word_1_11' title='bbox 968 393 1184 451; x_wconf 87' lang='lat' dir='ltr'><strong><em>contionatores</em></strong></span> <span class='ocrx_word' id='word_1_12' title='bbox 1205 395 1257 468; x_wconf 92' lang='lat' dir='ltr'><strong><em>qui</em></strong></span> <span class='ocrx_word' id='word_1_13' title='bbox 1273 411 1394 451; x_wconf 89' lang='lat' dir='ltr'><strong><em>mensem</em></strong></span> 
     </span>
     <span class='ocr_line' id='line_1_3' title="bbox 315 460 1395 541; baseline 0.005 -25"><span class='ocrx_word' id='word_1_14' title='bbox 315 460 496 517; x_wconf 88' lang='lat' dir='ltr'><strong><em>contionibus</em></strong></span> <span class='ocrx_word' id='word_1_15' title='bbox 517 462 579 518; x_wconf 90' lang='lat' dir='ltr'><strong><em>suis</em></strong></span> <span class='ocrx_word' id='word_1_16' title='bbox 601 462 795 518; x_wconf 75' lang='lat' dir='ltr'><strong><em>honestarunt</em></strong></span> <span class='ocrx_word' id='word_1_17' title='bbox 817 473 845 517; x_wconf 88' lang='lat' dir='ltr'><strong><em>et</em></strong></span> <span class='ocrx_word' id='word_1_18' title='bbox 867 463 1007 520; x_wconf 85' lang='lat' dir='ltr'><strong><em>Rectores</em></strong></span> <span class='ocrx_word' id='word_1_19' title='bbox 1029 463 1222 521; x_wconf 89' lang='lat' dir='ltr'><strong><em>ecclesiarum</em></strong></span> <span class='ocrx_word' id='word_1_20' title='bbox 1245 466 1275 522; x_wconf 89' lang='lat' dir='ltr'><strong><em>in</em></strong></span> <span class='ocrx_word' id='word_1_21' title='bbox 1298 467 1395 541; x_wconf 91' lang='lat' dir='ltr'><strong><em>quibus</em></strong></span> 
     </span>
     <span class='ocr_line' id='line_1_4' title="bbox 314 532 1395 610; baseline 0.005 -22"><span class='ocrx_word' id='word_1_22' title='bbox 314 532 466 589; x_wconf 90' lang='lat' dir='ltr'><strong><em>sollemnis</em></strong></span> <span class='ocrx_word' id='word_1_23' title='bbox 489 533 574 605; x_wconf 84' lang='lat' dir='ltr'><strong><em>sacta</em></strong></span> <span class='ocrx_word' id='word_1_24' title='bbox 603 544 646 590; x_wconf 94' lang='lat' dir='ltr'><strong><em>est</em></strong></span> <span class='ocrx_word' id='word_1_25' title='bbox 672 534 781 590; x_wconf 85' lang='lat' dir='ltr'><em>mensis</em></span> <span class='ocrx_word' id='word_1_26' title='bbox 804 534 975 603; x_wconf 78' lang='lat' dir='ltr'><strong><em>celebratio,</em></strong></span> <span class='ocrx_word' id='word_1_27' title='bbox 1001 537 1146 606; x_wconf 77' lang='lat' dir='ltr'><strong><em>fruantur</em></strong></span> <span class='ocrx_word' id='word_1_28' title='bbox 1165 538 1275 610; x_wconf 80' lang='lat' dir='ltr'><strong><em>fauore</em></strong></span> <span class='ocrx_word' id='word_1_29' title='bbox 1293 537 1395 593; x_wconf 88' lang='lat' dir='ltr'><strong><em>altaris</em></strong></span> 
     </span>
     <span class='ocr_line' id='line_1_5' title="bbox 318 604 669 679; baseline 0.003 -20"><span class='ocrx_word' id='word_1_30' title='bbox 318 604 507 679; x_wconf 87' lang='lat' dir='ltr'><strong><em>Gregoriani</em></strong></span> <span class='ocrx_word' id='word_1_31' title='bbox 520 606 556 659; x_wconf 90' lang='lat' dir='ltr'><strong><em>ad</em></strong></span> <span class='ocrx_word' id='word_1_32' title='bbox 570 604 669 660; x_wconf 86' lang='lat' dir='ltr'><strong><em>instar.</em></strong></span> 
     </span>
    </p>

    <p class='ocr_par' dir='ltr' id='par_1_3' title="bbox 313 675 1396 1037">
     <span class='ocr_line' id='line_1_6' title="bbox 350 675 1396 751; baseline 0.001 -21"><span class='ocrx_word' id='word_1_33' title='bbox 350 678 377 730; x_wconf 76' lang='lat'><strong><em>8.</em></strong></span> <span class='ocrx_word' id='word_1_34' title='bbox 402 675 443 731; x_wconf 89' lang='lat' dir='ltr'><strong><em>Ut</em></strong></span> <span class='ocrx_word' id='word_1_35' title='bbox 454 675 631 749; x_wconf 84' lang='lat' dir='ltr'><strong><em>quicumque</em></strong></span> <span class='ocrx_word' id='word_1_36' title='bbox 638 676 725 749; x_wconf 92' lang='lat' dir='ltr'><strong><em>piam</em></strong></span> <span class='ocrx_word' id='word_1_37' title='bbox 746 675 833 731; x_wconf 91' lang='lat' dir='ltr'><strong><em>istam</em></strong></span> <span class='ocrx_word' id='word_1_38' title='bbox 853 677 1099 735; x_wconf 85' lang='lat' dir='ltr'><strong><em>exercitationem</em></strong></span> <span class='ocrx_word' id='word_1_39' title='bbox 1109 690 1294 751; x_wconf 86' lang='lat' dir='ltr'><strong><em>promouent,</em></strong></span> <span class='ocrx_word' id='word_1_40' title='bbox 1309 678 1396 733; x_wconf 89' lang='lat' dir='ltr'><strong><em>indul·</em></strong></span> 
     </span>
     <span class='ocr_line' id='line_1_7' title="bbox 313 746 1396 823; baseline 0.003 -22"><span class='ocrx_word' id='word_1_41' title='bbox 313 746 449 819; x_wconf 88' lang='lat' dir='ltr'><strong><em>gentiam</em></strong></span> <span class='ocrx_word' id='word_1_42' title='bbox 465 746 633 801; x_wconf 80' lang='lat' dir='ltr'><strong><em>lacerentur</em></strong></span> <span class='ocrx_word' id='word_1_43' title='bbox 644 747 698 802; x_wconf 83' lang='lat'><strong><em>500</em></strong></span> <span class='ocrx_word' id='word_1_44' title='bbox 707 747 824 802; x_wconf 86' lang='lat' dir='ltr'><strong><em>dierum</em></strong></span> <span class='ocrx_word' id='word_1_45' title='bbox 837 749 971 821; x_wconf 89' lang='lat' dir='ltr'><strong><em>quotiens</em></strong></span> <span class='ocrx_word' id='word_1_46' title='bbox 984 766 1055 821; x_wconf 90' lang='lat' dir='ltr'><strong><em>opus</em></strong></span> <span class='ocrx_word' id='word_1_47' title='bbox 1067 749 1192 822; x_wconf 82' lang='lat' dir='ltr'><strong><em>aliquod</em></strong></span> <span class='ocrx_word' id='word_1_48' title='bbox 1205 751 1334 822; x_wconf 79' lang='lat' dir='ltr'><strong><em>fecerint</em></strong></span> <span class='ocrx_word' id='word_1_49' title='bbox 1345 766 1396 823; x_wconf 90' lang='lat' dir='ltr'><strong><em>pro</em></strong></span> 
     </span>
     <span class='ocr_line' id='line_1_8' title="bbox 315 817 1395 902; baseline 0.002 -29"><span class='ocrx_word' id='word_1_50' title='bbox 315 820 378 873; x_wconf 89' lang='lat' dir='ltr'><strong><em>eius</em></strong></span> <span class='ocrx_word' id='word_1_51' title='bbox 392 817 549 902; x_wconf 75' lang='lat' dir='ltr'><strong><em>diffusione</em></strong></span> <span class='ocrx_word' id='word_1_52' title='bbox 568 818 616 873; x_wconf 89' lang='lat' dir='ltr'><strong><em>uel</em></strong></span> <span class='ocrx_word' id='word_1_53' title='bbox 624 819 805 891; x_wconf 78' lang='lat' dir='ltr'><strong><em>perfectiore</em></strong></span> <span class='ocrx_word' id='word_1_54' title='bbox 826 819 1035 886; x_wconf 81' lang='lat' dir='ltr'><strong><em>celebratione,</em></strong></span> <span class='ocrx_word' id='word_1_55' title='bbox 1047 831 1172 894; x_wconf 91' lang='lat' dir='ltr'><strong><em>praeter</em></strong></span> <span class='ocrx_word' id='word_1_56' title='bbox 1185 821 1395 896; x_wconf 77' lang='lat' dir='ltr'><strong><em>indulgentiam</em></strong></span> 
     </span>
     <span class='ocr_line' id='line_1_9' title="bbox 314 889 1395 975; baseline 0.002 -32"><span class='ocrx_word' id='word_1_57' title='bbox 314 890 495 961; x_wconf 74' lang='lat' dir='ltr'><strong><em>plenariam,</em></strong></span> <span class='ocrx_word' id='word_1_58' title='bbox 510 889 644 962; x_wconf 89' lang='lat' dir='ltr'><strong><em>quotiens</em></strong></span> <span class='ocrx_word' id='word_1_59' title='bbox 658 891 687 945; x_wconf 96' lang='lat' dir='ltr'><strong><em>in</em></strong></span> <span class='ocrx_word' id='word_1_60' title='bbox 704 906 803 945; x_wconf 90' lang='lat' dir='ltr'><strong><em>mense</em></strong></span> <span class='ocrx_word' id='word_1_61' title='bbox 818 890 900 945; x_wconf 89' lang='lat' dir='ltr'><strong><em>iunio</em></strong></span> <span class='ocrx_word' id='word_1_62' title='bbox 913 891 1112 947; x_wconf 84' lang='lat' dir='ltr'><strong><em>eucharistica</em></strong></span> <span class='ocrx_word' id='word_1_63' title='bbox 1124 892 1202 965; x_wconf 86' lang='lat' dir='ltr'><strong><em>dape</em></strong></span> <span class='ocrx_word' id='word_1_64' title='bbox 1213 892 1395 975; x_wconf 71' lang='lat' dir='ltr'><strong><em>reficiuntur:</em></strong></span> 
     </span>
     <span class='ocr_line' id='line_1_10' title="bbox 317 960 1393 1037; baseline 0.002 -22"><span class='ocrx_word' id='word_1_65' title='bbox 317 976 393 1033; x_wconf 88' lang='lat' dir='ltr'><strong><em>quae</em></strong></span> <span class='ocrx_word' id='word_1_66' title='bbox 409 960 614 1035; x_wconf 82' lang='lat' dir='ltr'><strong><em>indulgentiae</em></strong></span> <span class='ocrx_word' id='word_1_67' title='bbox 624 962 767 1033; x_wconf 86' lang='lat' dir='ltr'><strong><em>prodesse</em></strong></span> <span class='ocrx_word' id='word_1_68' title='bbox 776 963 892 1035; x_wconf 89' lang='lat' dir='ltr'><strong><em>possint</em></strong></span> <span class='ocrx_word' id='word_1_69' title='bbox 903 962 1061 1019; x_wconf 84' lang='lat' dir='ltr'><strong><em>animabus</em></strong></span> <span class='ocrx_word' id='word_1_70' title='bbox 1073 964 1258 1037; x_wconf 84' lang='lat' dir='ltr'><strong><em>Purgatorts</em></strong></span> <span class='ocrx_word' id='word_1_71' title='bbox 1270 964 1393 1020; x_wconf 90' lang='lat' dir='ltr'><strong><em>detentis.</em></strong></span> 
     </span>
    </p>

    <p class='ocr_par' dir='ltr' id='par_1_4' title="bbox 40 1034 1396 1612">
     <span class='ocr_line' id='line_1_11' title="bbox 40 1034 994 1105; baseline -0.003 -14"><span class='ocrx_word' id='word_1_72' title='bbox 40 1084 43 1091; x_wconf 87' lang='lat'><strong>.</strong></span> <span class='ocrx_word' id='word_1_73' title='bbox 203 1092 207 1099; x_wconf 69' lang='grc'><em>,</em></span> <span class='ocrx_word' id='word_1_74' title='bbox 354 1034 409 1089; x_wconf 88' lang='lat' dir='ltr'><strong><em>His</em></strong></span> <span class='ocrx_word' id='word_1_75' title='bbox 422 1035 557 1105; x_wconf 88' lang='lat' dir='ltr'><strong><em>precibus</em></strong></span> <span class='ocrx_word' id='word_1_76' title='bbox 570 1045 612 1087; x_wconf 89' lang='lat' dir='ltr'><strong><em>est</em></strong></span> <span class='ocrx_word' id='word_1_77' title='bbox 627 1035 685 1088; x_wconf 89' lang='lat' dir='ltr'><strong><em>hoc</em></strong></span> <span class='ocrx_word' id='word_1_78' title='bbox 698 1034 787 1087; x_wconf 89' lang='lat' dir='ltr'><strong><em>modo</em></strong></span> <span class='ocrx_word' id='word_1_79' title='bbox 800 1049 994 1104; x_wconf 85' lang='lat' dir='ltr'><strong><em>responsum:</em></strong></span> 
     </span>
     <span class='ocr_line' id='line_1_12' title="bbox 133 1092 1012 1193; baseline 0.001 -35"><span class='ocrx_word' id='word_1_80' title='bbox 133 1092 242 1193; x_wconf 51' lang='lat' dir='ltr'><strong><em>⁶⁷er</em></strong></span> <span class='ocrx_word' id='word_1_81' title='bbox 352 1104 409 1159; x_wconf 78' lang='lat' dir='ltr'><strong><em>Ex</em></strong></span> <span class='ocrx_word' id='word_1_82' title='bbox 419 1102 582 1159; x_wconf 92' lang='lat' dir='ltr'><strong><em>Audientia</em></strong></span> <span class='ocrx_word' id='word_1_83' title='bbox 595 1104 683 1171; x_wconf 62' lang='lat' dir='ltr'><strong><em>SSmr&#39;,</em></strong></span> <span class='ocrx_word' id='word_1_84' title='bbox 698 1103 747 1158; x_wconf 88' lang='lat' dir='ltr'><strong><em>die</em></strong></span> <span class='ocrx_word' id='word_1_85' title='bbox 757 1106 778 1158; x_wconf 86' lang='lat'><em>8</em></span> <span class='ocrx_word' id='word_1_86' title='bbox 787 1104 921 1177; x_wconf 82' lang='lat' dir='ltr'><strong><em>Augusti</em></strong></span> <span class='ocrx_word' id='word_1_87' title='bbox 931 1110 1012 1176; x_wconf 77' lang='lat' dir='ltr'><strong><em>roob.</em></strong></span> 
     </span>
     <span class='ocr_line' id='line_1_13' title="bbox 98 1148 1394 1264; baseline -0.001 -36"><span class='ocrx_word' id='word_1_88' title='bbox 98 1148 198 1264; x_wconf 43' lang='lat' dir='ltr'><strong><em>{22th</em></strong></span> <span class='ocrx_word' id='word_1_89' title='bbox 233 1161 264 1193; x_wconf 72' lang='lat'><strong><em>&#39;⁶⁸</em></strong></span> <span class='ocrx_word' id='word_1_90' title='bbox 354 1175 558 1231; x_wconf 88' lang='lat' dir='ltr'><strong><em>Sanctissimus</em></strong></span> <span class='ocrx_word' id='word_1_91' title='bbox 582 1176 730 1232; x_wconf 87' lang='lat' dir='ltr'><strong><em>Dominus</em></strong></span> <span class='ocrx_word' id='word_1_92' title='bbox 753 1176 860 1231; x_wconf 85' lang='lat' dir='ltr'><strong><em>Noster</em></strong></span> <span class='ocrx_word' id='word_1_93' title='bbox 883 1175 952 1232; x_wconf 92' lang='lat' dir='ltr'><strong><em>Pius</em></strong></span> <span class='ocrx_word' id='word_1_94' title='bbox 980 1177 1039 1233; x_wconf 89' lang='grc' dir='ltr'><strong><em>ΡΡ.</em></strong></span> <span class='ocrx_word' id='word_1_95' title='bbox 1063 1177 1099 1237; x_wconf 84' lang='grc' dir='ltr'><strong><em>Χ,</em></strong></span> <span class='ocrx_word' id='word_1_96' title='bbox 1126 1176 1177 1248; x_wconf 90' lang='lat' dir='ltr'><strong><em>qui</em></strong></span> <span class='ocrx_word' id='word_1_97' title='bbox 1203 1178 1234 1231; x_wconf 90' lang='lat' dir='ltr'><strong><em>in</em></strong></span> <span class='ocrx_word' id='word_1_98' title='bbox 1258 1176 1335 1232; x_wconf 89' lang='lat' dir='ltr'><strong><em>votis</em></strong></span> <span class='ocrx_word' id='word_1_99' title='bbox 1358 1175 1394 1229; x_wconf 91' lang='lat' dir='ltr'><strong><em>vel</em></strong></span> 
     </span>
     <span class='ocr_line' id='line_1_14' title="bbox 102 1243 1395 1322; baseline 0.001 -23"><span class='ocrx_word' id='word_1_100' title='bbox 102 1266 178 1322; x_wconf 65' lang='lat'><strong><em>190⁶),</em></strong></span> <span class='ocrx_word' id='word_1_101' title='bbox 199 1243 204 1253; x_wconf 89' lang='lat'>&#39;</span> <span class='ocrx_word' id='word_1_102' title='bbox 317 1247 443 1303; x_wconf 83' lang='lat' dir='ltr'><strong><em>maxime</em></strong></span> <span class='ocrx_word' id='word_1_103' title='bbox 456 1246 552 1313; x_wconf 87' lang='lat' dir='ltr'><strong><em>habet,</em></strong></span> <span class='ocrx_word' id='word_1_104' title='bbox 566 1261 599 1300; x_wconf 92' lang='lat' dir='ltr'><strong><em>ut</em></strong></span> <span class='ocrx_word' id='word_1_105' title='bbox 611 1247 693 1319; x_wconf 89' lang='lat' dir='ltr'><strong><em>pium</em></strong></span> <span class='ocrx_word' id='word_1_106' title='bbox 702 1245 872 1302; x_wconf 86' lang='lat' dir='ltr'><strong><em>exercitium</em></strong></span> <span class='ocrx_word' id='word_1_107' title='bbox 885 1247 993 1302; x_wconf 89' lang='lat' dir='ltr'><strong><em>mensis</em></strong></span> <span class='ocrx_word' id='word_1_108' title='bbox 1009 1247 1102 1302; x_wconf 91' lang='lat' dir='ltr'><strong><em>Cordi</em></strong></span> <span class='ocrx_word' id='word_1_109' title='bbox 1112 1248 1179 1303; x_wconf 92' lang='lat' dir='ltr'><strong><em>lesu</em></strong></span> <span class='ocrx_word' id='word_1_110' title='bbox 1193 1247 1395 1303; x_wconf 85' lang='lat' dir='ltr'><strong><em>Sacratissimo</em></strong></span> 
     </span>
     <span class='ocr_line' id='line_1_15' title="bbox 132 1316 1395 1403; baseline 0 -32"><span class='ocrx_word' id='word_1_111' title='bbox 132 1340 245 1403; x_wconf 55' lang='lat' dir='ltr'><strong><em>Pomp„</em></strong></span> <span class='ocrx_word' id='word_1_112' title='bbox 317 1316 410 1371; x_wconf 90' lang='lat' dir='ltr'><strong><em>dicati</em></strong></span> <span class='ocrx_word' id='word_1_113' title='bbox 421 1318 513 1389; x_wconf 89' lang='lat' dir='ltr'><strong><em>magis</em></strong></span> <span class='ocrx_word' id='word_1_114' title='bbox 532 1318 562 1371; x_wconf 93' lang='lat' dir='ltr'><strong><em>in</em></strong></span> <span class='ocrx_word' id='word_1_115' title='bbox 583 1318 645 1373; x_wconf 90' lang='lat' dir='ltr'><strong><em>dies</em></strong></span> <span class='ocrx_word' id='word_1_116' title='bbox 659 1331 848 1391; x_wconf 85' lang='lat' dir='ltr'><strong><em>propagetur,</em></strong></span> <span class='ocrx_word' id='word_1_117' title='bbox 862 1330 891 1373; x_wconf 90' lang='lat' dir='ltr'><strong><em>et</em></strong></span> <span class='ocrx_word' id='word_1_118' title='bbox 912 1317 942 1372; x_wconf 93' lang='lat' dir='ltr'><strong><em>in</em></strong></span> <span class='ocrx_word' id='word_1_119' title='bbox 955 1317 1177 1374; x_wconf 88' lang='lat' dir='ltr'><strong><em>Cristifidelibus</em></strong></span> <span class='ocrx_word' id='word_1_120' title='bbox 1200 1319 1395 1375; x_wconf 88' lang='lat' dir='ltr'><strong><em>saluberrimas</em></strong></span> 
     </span>
     <span class='ocr_line' id='line_1_16' title="bbox 103 1387 1396 1470; baseline -0.003 -24"><span class='ocrx_word' id='word_1_121' title='bbox 103 1402 197 1447; x_wconf 75' lang='lat' dir='ltr'><strong><em>libenter</em></strong></span> <span class='ocrx_word' id='word_1_122' title='bbox 208 1413 264 1446; x_wconf 78' lang='lat' dir='ltr'><strong><em>ran·</em></strong></span> <span class='ocrx_word' id='word_1_123' title='bbox 317 1405 387 1445; x_wconf 88' lang='lat' dir='ltr'><strong><em>sane</em></strong></span> <span class='ocrx_word' id='word_1_124' title='bbox 399 1388 509 1444; x_wconf 86' lang='lat' dir='ltr'><strong><em>radices</em></strong></span> <span class='ocrx_word' id='word_1_125' title='bbox 521 1387 624 1445; x_wconf 85' lang='lat' dir='ltr'><strong><em>lortius</em></strong></span> <span class='ocrx_word' id='word_1_126' title='bbox 637 1403 665 1444; x_wconf 93' lang='lat' dir='ltr'><strong><em>et</em></strong></span> <span class='ocrx_word' id='word_1_127' title='bbox 687 1388 865 1444; x_wconf 86' lang='lat' dir='ltr'><strong><em>fructuosius</em></strong></span> <span class='ocrx_word' id='word_1_128' title='bbox 877 1405 962 1460; x_wconf 87' lang='lat' dir='ltr'><strong><em>agere</em></strong></span> <span class='ocrx_word' id='word_1_129' title='bbox 980 1390 1185 1463; x_wconf 87' lang='lat' dir='ltr'><strong><em>conspiciatur,</em></strong></span> <span class='ocrx_word' id='word_1_130' title='bbox 1202 1388 1396 1470; x_wconf 87' lang='lat' dir='ltr'><strong><em>suprascriptis</em></strong></span> 
     </span>
     <span class='ocr_line' id='line_1_17' title="bbox 102 1457 1395 1534; baseline 0 -21"><span class='ocrx_word' id='word_1_131' title='bbox 102 1457 263 1526; x_wconf 30' lang='lat' dir='ltr'><strong><em>aeatt&#39;puttas</em></strong></span> <span class='ocrx_word' id='word_1_132' title='bbox 317 1460 451 1532; x_wconf 89' lang='lat' dir='ltr'><strong><em>precibus</em></strong></span> <span class='ocrx_word' id='word_1_133' title='bbox 482 1460 604 1515; x_wconf 88' lang='lat' dir='ltr'><strong><em>libenter</em></strong></span> <span class='ocrx_word' id='word_1_134' title='bbox 636 1477 770 1515; x_wconf 87' lang='lat' dir='ltr'><strong><em>annuens</em></strong></span> <span class='ocrx_word' id='word_1_135' title='bbox 795 1478 853 1532; x_wconf 90' lang='lat' dir='ltr'><strong><em>pro</em></strong></span> <span class='ocrx_word' id='word_1_136' title='bbox 882 1460 1000 1533; x_wconf 87' lang='lat' dir='ltr'><strong><em>gratia,</em></strong></span> <span class='ocrx_word' id='word_1_137' title='bbox 1035 1460 1234 1533; x_wconf 84' lang='lat' dir='ltr'><strong><em>Indulgentias</em></strong></span> <span class='ocrx_word' id='word_1_138' title='bbox 1264 1472 1395 1534; x_wconf 79' lang='lat' dir='ltr'><strong><em>expetitas</em></strong></span> 
     </span>
     <span class='ocr_line' id='line_1_18' title="bbox 100 1521 1396 1612; baseline 0.001 -27"><span class='ocrx_word' id='word_1_139' title='bbox 100 1521 196 1573; x_wconf 83' lang='lat' dir='ltr'><strong><em>granas</em></strong></span> <span class='ocrx_word' id='word_1_140' title='bbox 213 1522 234 1560; x_wconf 69' lang='lat'><strong><em>‘²</em></strong></span> <span class='ocrx_word' id='word_1_141' title='bbox 317 1546 458 1605; x_wconf 74' lang='lat' dir='ltr'><strong><em>perpetuo</em></strong></span> <span class='ocrx_word' id='word_1_142' title='bbox 481 1531 618 1586; x_wconf 88' lang='lat' dir='ltr'><strong><em>valituras</em></strong></span> <span class='ocrx_word' id='word_1_143' title='bbox 643 1532 768 1602; x_wconf 89' lang='lat' dir='ltr'><strong><em>benigne</em></strong></span> <span class='ocrx_word' id='word_1_144' title='bbox 792 1531 906 1603; x_wconf 89' lang='lat' dir='ltr'><strong><em>elargiri</em></strong></span> <span class='ocrx_word' id='word_1_145' title='bbox 931 1531 1143 1612; x_wconf 75' lang='lat' dir='ltr'><strong><em>dignatusest,</em></strong></span> <span class='ocrx_word' id='word_1_146' title='bbox 1166 1544 1254 1605; x_wconf 89' lang='lat' dir='ltr'><strong><em>atque</em></strong></span> <span class='ocrx_word' id='word_1_147' title='bbox 1274 1544 1396 1605; x_wconf 90' lang='lat' dir='ltr'><strong><em>optatam</em></strong></span> 
     </span>
    </p>
   </div>
   <div class='ocr_carea' id='block_1_3' title="bbox 102 1572 1142 1679">
    <p class='ocr_par' dir='ltr' id='par_1_5' title="bbox 102 1572 1142 1679">
     <span class='ocr_line' id='line_1_19' title="bbox 102 1572 1142 1679; baseline -0.002 -19"><span class='ocrx_word' id='word_1_148' title='bbox 102 1572 253 1679; x_wconf 43' lang='grc' dir='ltr'><strong><em>ῗξζζὲῗζῖξΐ</em></strong></span> <span class='ocrx_word' id='word_1_149' title='bbox 319 1603 556 1659; x_wconf 88' lang='lat' dir='ltr'><strong><em>Benedictionem</em></strong></span> <span class='ocrx_word' id='word_1_150' title='bbox 567 1603 767 1675; x_wconf 87' lang='lat' dir='ltr'><strong><em>Apostolicam</em></strong></span> <span class='ocrx_word' id='word_1_151' title='bbox 780 1608 962 1675; x_wconf 82' lang='lat' dir='ltr'><strong><em>peramanter</em></strong></span> <span class='ocrx_word' id='word_1_152' title='bbox 975 1604 1142 1676; x_wconf 87' lang='lat' dir='ltr'><strong><em>impertrvit.</em></strong></span> 
     </span>
    </p>
   </div>
   <div class='ocr_carea' id='block_1_4' title="bbox 102 1686 1366 1926">
    <p class='ocr_par' dir='ltr' id='par_1_6' title="bbox 102 1686 1366 1926">
     <span class='ocr_line' id='line_1_20' title="bbox 102 1686 1261 1759; baseline 0.003 -22"><span class='ocrx_word' id='word_1_153' title='bbox 102 1704 163 1738; x_wconf 80' lang='lat' dir='ltr'><strong><em>nrm.</em></strong></span> <span class='ocrx_word' id='word_1_154' title='bbox 762 1688 798 1744; x_wconf 90' lang='lat' dir='ltr'><strong><em>A.</em></strong></span> <span class='ocrx_word' id='word_1_155' title='bbox 819 1686 906 1741; x_wconf 89' lang='lat' dir='ltr'><strong><em>Card.</em></strong></span> <span class='ocrx_word' id='word_1_156' title='bbox 926 1686 1058 1754; x_wconf 75' lang='lat' dir='ltr'><strong><em>Turrem,</em></strong></span> <span class='ocrx_word' id='word_1_157' title='bbox 1080 1686 1261 1759; x_wconf 87' lang='lat' dir='ltr'><strong><em>Pro-Praes.</em></strong></span> 
     </span>
     <span class='ocr_line' id='line_1_21' title="bbox 223 1766 1366 1842; baseline -0.003 -16"><span class='ocrx_word' id='word_1_158' title='bbox 223 1788 225 1792; x_wconf 88' lang='lat'>·</span> <span class='ocrx_word' id='word_1_159' title='bbox 627 1776 690 1827; x_wconf 93' lang='lat' dir='ltr'><strong><em>Pro</em></strong></span> <span class='ocrx_word' id='word_1_160' title='bbox 709 1770 749 1825; x_wconf 87' lang='lat' dir='ltr'><strong><em>D.</em></strong></span> <span class='ocrx_word' id='word_1_161' title='bbox 769 1770 888 1840; x_wconf 83' lang='lat' dir='ltr'><strong><em>Paniai,</em></strong></span> <span class='ocrx_word' id='word_1_162' title='bbox 907 1769 1051 1842; x_wconf 82' lang='lat' dir='ltr'><strong><em>Archiep.</em></strong></span> <span class='ocrx_word' id='word_1_163' title='bbox 1071 1769 1235 1826; x_wconf 88' lang='lat' dir='ltr'><strong><em>Laodicen.</em></strong></span> <span class='ocrx_word' id='word_1_164' title='bbox 1255 1766 1366 1825; x_wconf 84' lang='lat' dir='ltr'><strong><em>Secret.</em></strong></span> 
     </span>
     <span class='ocr_line' id='line_1_22' title="bbox 628 1851 1176 1926; baseline 0.002 -19"><span class='ocrx_word' id='word_1_165' title='bbox 628 1853 767 1926; x_wconf 76' lang='lat' dir='ltr'><strong><em>Iosephus</em></strong></span> <span class='ocrx_word' id='word_1_166' title='bbox 787 1853 833 1909; x_wconf 87' lang='lat' dir='ltr'><strong><em>M.</em></strong></span> <span class='ocrx_word' id='word_1_167' title='bbox 856 1851 976 1921; x_wconf 89' lang='lat' dir='ltr'><strong><em>Coselli,</em></strong></span> <span class='ocrx_word' id='word_1_168' title='bbox 989 1852 1176 1909; x_wconf 77' lang='lat' dir='ltr'><strong><em>substitutus.</em></strong></span> 
     </span>
    </p>
   </div>
   <div class='ocr_carea' id='block_1_5' title="bbox 747 1988 973 2041">
    <p class='ocr_par' dir='ltr' id='par_1_7' title="bbox 747 1988 973 2041">
     <span class='ocr_line' id='line_1_23' title="bbox 747 1988 973 2041; baseline 0 -2"><span class='ocrx_word' id='word_1_169' title='bbox 747 1988 973 2041; x_wconf 78' lang='lat' dir='ltr'><strong><em>Annortrtonns</em></strong></span> 
     </span>
    </p>
   </div>
   <div class='ocr_carea' id='block_1_6' title="bbox 302 2105 1449 3110">
    <p class='ocr_par' dir='ltr' id='par_1_8' title="bbox 302 2105 1449 2742">
     <span class='ocr_line' id='line_1_24' title="bbox 354 2105 1396 2178; baseline -0.006 -15"><span class='ocrx_word' id='word_1_170' title='bbox 354 2129 377 2165; x_wconf 90' lang='lat' dir='ltr'><strong><em>t.</em></strong></span> <span class='ocrx_word' id='word_1_171' title='bbox 391 2108 479 2165; x_wconf 89' lang='lat' dir='ltr'><strong><em>Tanti</em></strong></span> <span class='ocrx_word' id='word_1_172' title='bbox 502 2108 644 2164; x_wconf 87' lang='lat' dir='ltr'><strong><em>momenti</em></strong></span> <span class='ocrx_word' id='word_1_173' title='bbox 666 2107 742 2161; x_wconf 91' lang='lat' dir='ltr'><strong><em>visae</em></strong></span> <span class='ocrx_word' id='word_1_174' title='bbox 763 2119 831 2161; x_wconf 91' lang='lat' dir='ltr'><strong><em>sunt</em></strong></span> <span class='ocrx_word' id='word_1_175' title='bbox 858 2106 929 2161; x_wconf 88' lang='lat' dir='ltr'><strong><em>istae</em></strong></span> <span class='ocrx_word' id='word_1_176' title='bbox 952 2105 1071 2178; x_wconf 89' lang='lat' dir='ltr'><strong><em>gratiae,</em></strong></span> <span class='ocrx_word' id='word_1_177' title='bbox 1093 2124 1127 2163; x_wconf 91' lang='lat' dir='ltr'><strong><em>ea</em></strong></span> <span class='ocrx_word' id='word_1_178' title='bbox 1150 2106 1305 2178; x_wconf 85' lang='lat' dir='ltr'><strong><em>praecipue</em></strong></span> <span class='ocrx_word' id='word_1_179' title='bbox 1328 2118 1396 2175; x_wconf 90' lang='lat' dir='ltr'><strong><em>quae</em></strong></span> 
     </span>
     <span class='ocr_line' id='line_1_25' title="bbox 315 2177 1394 2253; baseline -0.006 -18"><span class='ocrx_word' id='word_1_180' title='bbox 315 2182 409 2253; x_wconf 90' lang='lat' dir='ltr'><strong><em>primo</em></strong></span> <span class='ocrx_word' id='word_1_181' title='bbox 425 2180 492 2236; x_wconf 92' lang='lat' dir='ltr'><strong><em>loco</em></strong></span> <span class='ocrx_word' id='word_1_182' title='bbox 506 2180 632 2251; x_wconf 77' lang='lat' dir='ltr'><strong><em>ponitur,</em></strong></span> <span class='ocrx_word' id='word_1_183' title='bbox 647 2191 680 2233; x_wconf 92' lang='lat' dir='ltr'><strong><em>ut</em></strong></span> <span class='ocrx_word' id='word_1_184' title='bbox 692 2178 788 2232; x_wconf 87' lang='lat' dir='ltr'><strong><em>visum</em></strong></span> <span class='ocrx_word' id='word_1_185' title='bbox 802 2177 838 2232; x_wconf 89' lang='lat' dir='ltr'><strong><em>sit</em></strong></span> <span class='ocrx_word' id='word_1_186' title='bbox 851 2178 916 2232; x_wconf 90' lang='lat' dir='ltr'><strong><em>illas</em></strong></span> <span class='ocrx_word' id='word_1_187' title='bbox 928 2177 1055 2233; x_wconf 91' lang='lat' dir='ltr'><strong><em>inserere</em></strong></span> <span class='ocrx_word' id='word_1_188' title='bbox 1069 2179 1099 2233; x_wconf 90' lang='lat' dir='ltr'><strong><em>in</em></strong></span> <span class='ocrx_word' id='word_1_189' title='bbox 1112 2177 1266 2241; x_wconf 88' lang='lat' dir='ltr'><strong><em>Periodico</em></strong></span> <span class='ocrx_word' id='word_1_190' title='bbox 1280 2178 1394 2237; x_wconf 80' lang='lat' dir='ltr'><strong><em>Nostro,</em></strong></span> 
     </span>
     <span class='ocr_line' id='line_1_26' title="bbox 315 2247 1449 2323; baseline -0.007 -17"><span class='ocrx_word' id='word_1_191' title='bbox 315 2253 395 2323; x_wconf 89' lang='lat' dir='ltr'><strong><em>quod</em></strong></span> <span class='ocrx_word' id='word_1_192' title='bbox 417 2250 665 2322; x_wconf 86' lang='lat' dir='ltr'><strong><em>adampliandum</em></strong></span> <span class='ocrx_word' id='word_1_193' title='bbox 687 2250 801 2304; x_wconf 89' lang='lat' dir='ltr'><strong><em>cultum</em></strong></span> <span class='ocrx_word' id='word_1_194' title='bbox 819 2249 871 2304; x_wconf 90' lang='lat' dir='ltr'><strong><em>SS.</em></strong></span> <span class='ocrx_word' id='word_1_195' title='bbox 887 2249 992 2304; x_wconf 91' lang='lat' dir='ltr'><strong><em>Cordis</em></strong></span> <span class='ocrx_word' id='word_1_196' title='bbox 1013 2251 1078 2305; x_wconf 91' lang='lat' dir='ltr'><strong><em>lesu</em></strong></span> <span class='ocrx_word' id='word_1_197' title='bbox 1099 2266 1162 2305; x_wconf 90' lang='lat' dir='ltr'><strong><em>non</em></strong></span> <span class='ocrx_word' id='word_1_198' title='bbox 1184 2266 1288 2321; x_wconf 87' lang='lat' dir='ltr'><strong><em>parum</em></strong></span> <span class='ocrx_word' id='word_1_199' title='bbox 1309 2247 1397 2301; x_wconf 88' lang='lat' dir='ltr'><strong><em>facete</em></strong></span> <span class='ocrx_word' id='word_1_200' title='bbox 1448 2267 1449 2288; x_wconf 56' lang='grc' dir='ltr'>ι</span> 
     </span>
     <span class='ocr_line' id='line_1_27' title="bbox 302 2317 1449 2395; baseline -0.009 -17"><span class='ocrx_word' id='word_1_201' title='bbox 302 2335 418 2395; x_wconf 89' lang='lat' dir='ltr'><strong><em>potest.</em></strong></span> <span class='ocrx_word' id='word_1_202' title='bbox 437 2325 546 2395; x_wconf 91' lang='lat' dir='ltr'><strong><em>ltaque,</em></strong></span> <span class='ocrx_word' id='word_1_203' title='bbox 561 2322 621 2378; x_wconf 92' lang='lat' dir='ltr'><strong><em>huc</em></strong></span> <span class='ocrx_word' id='word_1_204' title='bbox 632 2334 742 2393; x_wconf 89' lang='lat' dir='ltr'><strong><em>spectat</em></strong></span> <span class='ocrx_word' id='word_1_205' title='bbox 763 2320 843 2391; x_wconf 87' lang='lat' dir='ltr'><strong><em>prior</em></strong></span> <span class='ocrx_word' id='word_1_206' title='bbox 855 2320 958 2393; x_wconf 90' lang='lat' dir='ltr'><strong><em>gratia,</em></strong></span> <span class='ocrx_word' id='word_1_207' title='bbox 982 2332 1015 2375; x_wconf 92' lang='lat' dir='ltr'><strong><em>ut</em></strong></span> <span class='ocrx_word' id='word_1_208' title='bbox 1029 2321 1059 2375; x_wconf 89' lang='lat' dir='ltr'><strong><em>in</em></strong></span> <span class='ocrx_word' id='word_1_209' title='bbox 1075 2337 1263 2394; x_wconf 90' lang='lat' dir='ltr'><strong><em>quacumque</em></strong></span> <span class='ocrx_word' id='word_1_210' title='bbox 1281 2317 1395 2376; x_wconf 85' lang='lat' dir='ltr'><strong><em>ecclesia</em></strong></span> <span class='ocrx_word' id='word_1_211' title='bbox 1448 2323 1449 2334; x_wconf 60' lang='lat'><em>³</em></span> 
     </span>
     <span class='ocr_line' id='line_1_28' title="bbox 315 2390 1393 2460; baseline -0.008 -10"><span class='ocrx_word' id='word_1_212' title='bbox 315 2394 476 2450; x_wconf 89' lang='lat' dir='ltr'><strong><em>celebretur</em></strong></span> <span class='ocrx_word' id='word_1_213' title='bbox 489 2393 667 2449; x_wconf 88' lang='lat' dir='ltr'><strong><em>sollemniter</em></strong></span> <span class='ocrx_word' id='word_1_214' title='bbox 681 2392 790 2447; x_wconf 90' lang='lat' dir='ltr'><strong><em>mensis</em></strong></span> <span class='ocrx_word' id='word_1_215' title='bbox 812 2392 863 2447; x_wconf 90' lang='lat' dir='ltr'><strong><em>SS.</em></strong></span> <span class='ocrx_word' id='word_1_216' title='bbox 886 2392 990 2447; x_wconf 89' lang='lat' dir='ltr'><strong><em>Cordis</em></strong></span> <span class='ocrx_word' id='word_1_217' title='bbox 1004 2392 1080 2460; x_wconf 89' lang='lat' dir='ltr'><strong><em>lesu,</em></strong></span> <span class='ocrx_word' id='word_1_218' title='bbox 1101 2392 1132 2446; x_wconf 88' lang='lat' dir='ltr'><strong><em>id</em></strong></span> <span class='ocrx_word' id='word_1_219' title='bbox 1151 2404 1204 2459; x_wconf 89' lang='lat' dir='ltr'><strong><em>est,</em></strong></span> <span class='ocrx_word' id='word_1_220' title='bbox 1219 2391 1250 2447; x_wconf 92' lang='lat' dir='ltr'><strong><em>ni</em></strong></span> <span class='ocrx_word' id='word_1_221' title='bbox 1262 2390 1393 2454; x_wconf 88' lang='lat' dir='ltr'><strong><em>fallimur,</em></strong></span> 
     </span>
     <span class='ocr_line' id='line_1_29' title="bbox 315 2461 1448 2539; baseline -0.006 -18"><span class='ocrx_word' id='word_1_222' title='bbox 315 2467 422 2522; x_wconf 90' lang='lat' dir='ltr'><strong><em>cotidie</em></strong></span> <span class='ocrx_word' id='word_1_223' title='bbox 446 2483 497 2538; x_wconf 90' lang='lat' dir='ltr'><strong><em>per</em></strong></span> <span class='ocrx_word' id='word_1_224' title='bbox 521 2482 653 2521; x_wconf 90' lang='lat' dir='ltr'><strong><em>mensem</em></strong></span> <span class='ocrx_word' id='word_1_225' title='bbox 675 2464 791 2519; x_wconf 89' lang='lat' dir='ltr'><strong><em>iunium</em></strong></span> <span class='ocrx_word' id='word_1_226' title='bbox 813 2463 947 2536; x_wconf 90' lang='lat' dir='ltr'><strong><em>publicae</em></strong></span> <span class='ocrx_word' id='word_1_227' title='bbox 970 2463 1043 2518; x_wconf 84' lang='lat' dir='ltr'><strong><em>liant</em></strong></span> <span class='ocrx_word' id='word_1_228' title='bbox 1065 2463 1285 2520; x_wconf 84' lang='lat' dir='ltr'><strong><em>exercitationes</em></strong></span> <span class='ocrx_word' id='word_1_229' title='bbox 1303 2463 1332 2516; x_wconf 93' lang='lat' dir='ltr'><strong><em>in</em></strong></span> <span class='ocrx_word' id='word_1_230' title='bbox 1347 2461 1393 2539; x_wconf 78' lang='lat' dir='ltr'><strong><em>SS.</em></strong></span> <span class='ocrx_word' id='word_1_231' title='bbox 1447 2508 1448 2523; x_wconf 57' lang='lat'><strong><em>,</em></strong></span> 
     </span>
     <span class='ocr_line' id='line_1_30' title="bbox 316 2532 1448 2609; baseline -0.003 -17"><span class='ocrx_word' id='word_1_232' title='bbox 316 2538 420 2593; x_wconf 91' lang='lat' dir='ltr'><strong><em>Cordis</em></strong></span> <span class='ocrx_word' id='word_1_233' title='bbox 432 2538 585 2604; x_wconf 91' lang='lat' dir='ltr'><strong><em>honorem,</em></strong></span> <span class='ocrx_word' id='word_1_234' title='bbox 602 2535 713 2608; x_wconf 91' lang='lat' dir='ltr'><strong><em>possint</em></strong></span> <span class='ocrx_word' id='word_1_235' title='bbox 725 2534 826 2590; x_wconf 82' lang='lat' dir='ltr'><strong><em>fideles</em></strong></span> <span class='ocrx_word' id='word_1_236' title='bbox 844 2536 898 2590; x_wconf 89' lang='lat' dir='ltr'><strong><em>rite</em></strong></span> <span class='ocrx_word' id='word_1_237' title='bbox 920 2534 1044 2590; x_wconf 86' lang='lat' dir='ltr'><strong><em>confessi</em></strong></span> <span class='ocrx_word' id='word_1_238' title='bbox 1064 2552 1099 2590; x_wconf 90' lang='lat' dir='ltr'><strong><em>ac</em></strong></span> <span class='ocrx_word' id='word_1_239' title='bbox 1113 2552 1194 2591; x_wconf 88' lang='lat' dir='ltr'><strong><em>sacra</em></strong></span> <span class='ocrx_word' id='word_1_240' title='bbox 1206 2537 1279 2607; x_wconf 87' lang='lat' dir='ltr'><strong><em>dape</em></strong></span> <span class='ocrx_word' id='word_1_241' title='bbox 1293 2532 1392 2609; x_wconf 67' lang='lat' dir='ltr'><strong><em>refecti,</em></strong></span> <span class='ocrx_word' id='word_1_242' title='bbox 1447 2582 1448 2589; x_wconf 72' lang='grc'>,</span> 
     </span>
     <span class='ocr_line' id='line_1_31' title="bbox 315 2606 1449 2683; baseline -0.008 -19"><span class='ocrx_word' id='word_1_243' title='bbox 315 2609 362 2664; x_wconf 90' lang='lat' dir='ltr'><strong><em>die</em></strong></span> <span class='ocrx_word' id='word_1_244' title='bbox 375 2610 410 2663; x_wconf 83' lang='lat'><strong><em>30</em></strong></span> <span class='ocrx_word' id='word_1_245' title='bbox 423 2608 495 2663; x_wconf 91' lang='lat' dir='ltr'><strong><em>iunii</em></strong></span> <span class='ocrx_word' id='word_1_246' title='bbox 510 2609 617 2662; x_wconf 90' lang='lat' dir='ltr'><strong><em>lucrari</em></strong></span> <span class='ocrx_word' id='word_1_247' title='bbox 631 2607 855 2678; x_wconf 84' lang='lat' dir='ltr'><strong><em>indulgentiam,</em></strong></span> <span class='ocrx_word' id='word_1_248' title='bbox 870 2606 996 2661; x_wconf 90' lang='lat' dir='ltr'><strong><em>similem</em></strong></span> <span class='ocrx_word' id='word_1_249' title='bbox 1013 2607 1077 2662; x_wconf 90' lang='lat' dir='ltr'><strong><em>eius</em></strong></span> <span class='ocrx_word' id='word_1_250' title='bbox 1091 2623 1167 2680; x_wconf 90' lang='lat' dir='ltr'><strong><em>quae</em></strong></span> <span class='ocrx_word' id='word_1_251' title='bbox 1179 2607 1226 2661; x_wconf 90' lang='lat' dir='ltr'><strong><em>die</em></strong></span> <span class='ocrx_word' id='word_1_252' title='bbox 1242 2625 1256 2660; x_wconf 89' lang='lat'><strong>2</strong></span> <span class='ocrx_word' id='word_1_253' title='bbox 1276 2616 1391 2683; x_wconf 81' lang='lat' dir='ltr'><strong><em>augusti,</em></strong></span> <span class='ocrx_word' id='word_1_254' title='bbox 1447 2606 1449 2615; x_wconf 93' lang='lat'>&#39;</span> 
     </span>
     <span class='ocr_line' id='line_1_32' title="bbox 316 2675 1392 2742; baseline -0.008 -7"><span class='ocrx_word' id='word_1_255' title='bbox 316 2679 470 2735; x_wconf 90' lang='lat' dir='ltr'><strong><em>notissimo</em></strong></span> <span class='ocrx_word' id='word_1_256' title='bbox 497 2677 713 2735; x_wconf 88' lang='lat' dir='ltr'><strong><em>Portiunculae</em></strong></span> <span class='ocrx_word' id='word_1_257' title='bbox 739 2679 869 2742; x_wconf 86' lang='lat' dir='ltr'><strong><em>nornine,</em></strong></span> <span class='ocrx_word' id='word_1_258' title='bbox 897 2687 940 2732; x_wconf 90' lang='lat' dir='ltr'><strong><em>est</em></strong></span> <span class='ocrx_word' id='word_1_259' title='bbox 968 2677 998 2732; x_wconf 90' lang='lat' dir='ltr'><strong><em>in</em></strong></span> <span class='ocrx_word' id='word_1_260' title='bbox 1029 2679 1158 2734; x_wconf 88' lang='lat' dir='ltr'><strong><em>ecclesiis</em></strong></span> <span class='ocrx_word' id='word_1_261' title='bbox 1186 2675 1392 2733; x_wconf 84' lang='lat' dir='ltr'><strong><em>franciscalrbus</em></strong></span> 
     </span>
    </p>

    <p class='ocr_par' dir='ltr' id='par_1_9' title="bbox 316 2767 1391 3110">
     <span class='ocr_line' id='line_1_33' title="bbox 351 2767 474 2807; baseline -0.008 0"><span class='ocrx_word' id='word_1_262' title='bbox 351 2767 474 2807; x_wconf 83' lang='lat' dir='ltr'><strong><em>ooarta.</em></strong></span> 
     </span>
     <span class='ocr_line' id='line_1_34' title="bbox 316 2768 1391 2894; baseline -0.007 -18"><span class='ocrx_word' id='word_1_263' title='bbox 316 2768 390 2878; x_wconf 47' lang='lat' dir='ltr'><strong><em>psal)</em></strong></span> <span class='ocrx_word' id='word_1_264' title='bbox 402 2824 444 2878; x_wconf 89' lang='lat' dir='ltr'><strong><em>De</em></strong></span> <span class='ocrx_word' id='word_1_265' title='bbox 456 2824 545 2878; x_wconf 89' lang='lat' dir='ltr'><strong><em>altera</em></strong></span> <span class='ocrx_word' id='word_1_266' title='bbox 559 2821 649 2894; x_wconf 91' lang='lat' dir='ltr'><strong><em>gratia</em></strong></span> <span class='ocrx_word' id='word_1_267' title='bbox 661 2831 799 2892; x_wconf 88' lang='lat' dir='ltr'><strong><em>putamus</em></strong></span> <span class='ocrx_word' id='word_1_268' title='bbox 819 2820 919 2876; x_wconf 88' lang='lat' dir='ltr'><strong><em>Altare</em></strong></span> <span class='ocrx_word' id='word_1_269' title='bbox 939 2819 976 2873; x_wconf 89' lang='lat' dir='ltr'><strong><em>ad</em></strong></span> <span class='ocrx_word' id='word_1_270' title='bbox 990 2819 1081 2875; x_wconf 91' lang='lat' dir='ltr'><strong><em>instar</em></strong></span> <span class='ocrx_word' id='word_1_271' title='bbox 1095 2818 1267 2892; x_wconf 87' lang='lat' dir='ltr'><strong><em>Gregoriani</em></strong></span> <span class='ocrx_word' id='word_1_272' title='bbox 1281 2813 1391 2875; x_wconf 88' lang='lat' dir='ltr'><strong><em>concedi</em></strong></span> 
     </span>
     <span class='ocr_line' id='line_1_35' title="bbox 316 2888 1391 2966; baseline -0.007 -17"><span class='ocrx_word' id='word_1_273' title='bbox 316 2911 376 2949; x_wconf 91' lang='lat' dir='ltr'><strong><em>non</em></strong></span> <span class='ocrx_word' id='word_1_274' title='bbox 391 2895 425 2949; x_wconf 86' lang='lat' dir='ltr'><strong><em>iis</em></strong></span> <span class='ocrx_word' id='word_1_275' title='bbox 439 2908 553 2949; x_wconf 87' lang='lat' dir='ltr'><strong><em>tantum</em></strong></span> <span class='ocrx_word' id='word_1_276' title='bbox 575 2892 625 2965; x_wconf 92' lang='lat' dir='ltr'><strong><em>qui</em></strong></span> <span class='ocrx_word' id='word_1_277' title='bbox 638 2891 745 2947; x_wconf 87' lang='lat' dir='ltr'><strong><em>cotidie</em></strong></span> <span class='ocrx_word' id='word_1_278' title='bbox 763 2908 814 2964; x_wconf 91' lang='lat' dir='ltr'><strong><em>per</em></strong></span> <span class='ocrx_word' id='word_1_279' title='bbox 838 2892 985 2962; x_wconf 90' lang='lat' dir='ltr'><strong><em>integrum</em></strong></span> <span class='ocrx_word' id='word_1_280' title='bbox 1010 2905 1141 2948; x_wconf 89' lang='lat' dir='ltr'><strong><em>mensem</em></strong></span> <span class='ocrx_word' id='word_1_281' title='bbox 1159 2891 1327 2948; x_wconf 89' lang='lat' dir='ltr'><strong><em>contionem</em></strong></span> <span class='ocrx_word' id='word_1_282' title='bbox 1349 2888 1391 2966; x_wconf 78' lang='lat' dir='ltr'><strong><em>ha·</em></strong></span> 
     </span>
     <span class='ocr_line' id='line_1_36' title="bbox 317 2961 1391 3034; baseline -0.01 -13"><span class='ocrx_word' id='word_1_283' title='bbox 317 2966 441 3033; x_wconf 88' lang='lat' dir='ltr'><strong><em>buerint‚</em></strong></span> <span class='ocrx_word' id='word_1_284' title='bbox 465 2966 515 3020; x_wconf 90' lang='lat' dir='ltr'><strong><em>sed</em></strong></span> <span class='ocrx_word' id='word_1_285' title='bbox 537 2964 572 3019; x_wconf 91' lang='lat' dir='ltr'><strong><em>iis</em></strong></span> <span class='ocrx_word' id='word_1_286' title='bbox 594 2964 682 3019; x_wconf 88' lang='lat' dir='ltr'><strong><em>etiam</em></strong></span> <span class='ocrx_word' id='word_1_287' title='bbox 695 2975 852 3034; x_wconf 91' lang='lat' dir='ltr'><strong><em>quotquot,</em></strong></span> <span class='ocrx_word' id='word_1_288' title='bbox 877 2963 915 3017; x_wconf 92' lang='lat' dir='ltr'><strong><em>ob</em></strong></span> <span class='ocrx_word' id='word_1_289' title='bbox 931 2961 1083 3020; x_wconf 91' lang='lat' dir='ltr'><strong><em>contiones</em></strong></span> <span class='ocrx_word' id='word_1_290' title='bbox 1095 2961 1218 3029; x_wconf 87' lang='lat' dir='ltr'><strong><em>habitas,</em></strong></span> <span class='ocrx_word' id='word_1_291' title='bbox 1242 2962 1273 3017; x_wconf 91' lang='lat' dir='ltr'><strong><em>in</em></strong></span> <span class='ocrx_word' id='word_1_292' title='bbox 1296 2972 1391 3016; x_wconf 83' lang='lat' dir='ltr'><strong><em>mensis</em></strong></span> 
     </span>
     <span class='ocr_line' id='line_1_37' title="bbox 316 3035 1003 3110; baseline -0.006 -19"><span class='ocrx_word' id='word_1_293' title='bbox 316 3037 389 3092; x_wconf 86' lang='lat' dir='ltr'><strong><em>iunii</em></strong></span> <span class='ocrx_word' id='word_1_294' title='bbox 404 3035 681 3110; x_wconf 88' lang='lat' dir='ltr'><strong><em>«praedicatoribus</em></strong></span> <span class='ocrx_word' id='word_1_295' title='bbox 696 3056 711 3084; x_wconf 77' lang='lat' dir='ltr'><strong><em>n</em></strong></span> <span class='ocrx_word' id='word_1_296' title='bbox 727 3035 831 3088; x_wconf 90' lang='lat' dir='ltr'><strong><em>merito</em></strong></span> <span class='ocrx_word' id='word_1_297' title='bbox 845 3047 1003 3108; x_wconf 89' lang='lat' dir='ltr'><strong><em>ponantur.</em></strong></span> 
     </span>
    </p>
   </div>
   <div class='ocr_carea' id='block_1_7' title="bbox 497 3309 1232 3546">
    <p class='ocr_par' dir='ltr' id='par_1_10' title="bbox 497 3309 1232 3546">
     <span class='ocr_line' id='line_1_38' title="bbox 497 3309 1232 3430; baseline -0.01 -26"><span class='ocrx_word' id='word_1_298' title='bbox 497 3321 591 3406; x_wconf 78' lang='lat'><strong>137.</strong></span> <span class='ocrx_word' id='word_1_299' title='bbox 616 3372 657 3383; x_wconf 91' lang='lat'><em>-</em></span> <span class='ocrx_word' id='word_1_300' title='bbox 678 3335 709 3399; x_wconf 90' lang='lat' dir='ltr'><strong><em>s.</em></strong></span> <span class='ocrx_word' id='word_1_301' title='bbox 735 3334 770 3403; x_wconf 86' lang='lat' dir='ltr'><strong><em>e.</em></strong></span> <span class='ocrx_word' id='word_1_302' title='bbox 796 3309 1087 3402; x_wconf 68' lang='lat' dir='ltr'><strong><em>scortatione</em></strong></span> <span class='ocrx_word' id='word_1_303' title='bbox 1113 3330 1232 3430; x_wconf 73' lang='lat' dir='ltr'><strong><em>trost·</em></strong></span> 
     </span>
     <span class='ocr_line' id='line_1_39' title="bbox 612 3489 1105 3546; baseline -0.006 -1"><span class='ocrx_word' id='word_1_304' title='bbox 612 3490 835 3546; x_wconf 77' lang='lat' dir='ltr'><em>DECRETUM</em></span> <span class='ocrx_word' id='word_1_305' title='bbox 851 3491 889 3544; x_wconf 90' lang='lat' dir='ltr'><strong><em>to</em></strong></span> <span class='ocrx_word' id='word_1_306' title='bbox 906 3490 1002 3544; x_wconf 82' lang='lat' dir='ltr'><strong><em>MAII</em></strong></span> <span class='ocrx_word' id='word_1_307' title='bbox 1023 3489 1105 3543; x_wconf 87' lang='lat'><em>1905</em></span> 
     </span>
    </p>
   </div>
   <div class='ocr_carea' id='block_1_8' title="bbox 311 3625 1389 3786">
    <p class='ocr_par' dir='ltr' id='par_1_11' title="bbox 311 3625 1389 3786">
     <span class='ocr_line' id='line_1_40' title="bbox 311 3625 1389 3715; baseline -0.014 -25"><span class='ocrx_word' id='word_1_308' title='bbox 311 3633 481 3715; x_wconf 70' lang='lat' dir='ltr'><strong><em>Laudans</em></strong></span> <span class='ocrx_word' id='word_1_309' title='bbox 500 3630 707 3687; x_wconf 80' lang='lat' dir='ltr'><strong><em>Institutum</em></strong></span> <span class='ocrx_word' id='word_1_310' title='bbox 726 3641 858 3685; x_wconf 83' lang='lat' dir='ltr'><strong><em>novum</em></strong></span> <span class='ocrx_word' id='word_1_311' title='bbox 876 3628 1046 3686; x_wconf 78' lang='lat' dir='ltr'><strong><em>Sororum</em></strong></span> <span class='ocrx_word' id='word_1_312' title='bbox 1068 3630 1107 3684; x_wconf 85' lang='lat' dir='ltr'><strong><em>et</em></strong></span> <span class='ocrx_word' id='word_1_313' title='bbox 1124 3625 1389 3685; x_wconf 77' lang='lat' dir='ltr'><strong><em>constitutiones</em></strong></span> 
     </span>
     <span class='ocr_line' id='line_1_41' title="bbox 648 3714 1072 3786; baseline -0.005 -17"><span class='ocrx_word' id='word_1_314' title='bbox 648 3714 694 3769; x_wconf 85' lang='lat' dir='ltr'><strong><em>ad</em></strong></span> <span class='ocrx_word' id='word_1_315' title='bbox 712 3717 853 3786; x_wconf 79' lang='lat' dir='ltr'><strong><em>tempas</em></strong></span> <span class='ocrx_word' id='word_1_316' title='bbox 870 3714 1072 3784; x_wconf 82' lang='lat' dir='ltr'><strong><em>approbans</em></strong></span> 
     </span>
    </p>
   </div>
   <div class='ocr_carea' id='block_1_9' title="bbox 316 3850 1443 4305">
    <p class='ocr_par' dir='ltr' id='par_1_12' title="bbox 316 3850 1443 4305">
     <span class='ocr_line' id='line_1_42' title="bbox 353 3850 1387 3936; baseline -0.015 -15"><span class='ocrx_word' id='word_1_317' title='bbox 353 3866 428 3921; x_wconf 90' lang='lat' dir='ltr'><strong><em>Cum</em></strong></span> <span class='ocrx_word' id='word_1_318' title='bbox 443 3862 611 3918; x_wconf 85' lang='lat' dir='ltr'><strong><em>Reverenda</em></strong></span> <span class='ocrx_word' id='word_1_319' title='bbox 634 3862 727 3916; x_wconf 88' lang='lat' dir='ltr'><strong><em>Mater</em></strong></span> <span class='ocrx_word' id='word_1_320' title='bbox 752 3859 845 3915; x_wconf 90' lang='lat' dir='ltr'><strong><em>Maria</em></strong></span> <span class='ocrx_word' id='word_1_321' title='bbox 868 3858 994 3914; x_wconf 88' lang='lat' dir='ltr'><strong><em>Aemilia</em></strong></span> <span class='ocrx_word' id='word_1_322' title='bbox 1013 3858 1096 3913; x_wconf 87' lang='lat' dir='ltr'><strong><em>aSS.</em></strong></span> <span class='ocrx_word' id='word_1_323' title='bbox 1112 3855 1241 3936; x_wconf 75' lang='lat' dir='ltr'><strong><em>Angelis,</em></strong></span> <span class='ocrx_word' id='word_1_324' title='bbox 1265 3850 1387 3910; x_wconf 83' lang='lat' dir='ltr'><strong><em>Priorisst</em></strong></span> 
     </span>
     <span class='ocr_line' id='line_1_43' title="bbox 317 3929 1442 4008; baseline -0.014 -16"><span class='ocrx_word' id='word_1_325' title='bbox 317 3935 459 4008; x_wconf 88' lang='lat' dir='ltr'><strong><em>generalis</em></strong></span> <span class='ocrx_word' id='word_1_326' title='bbox 483 3934 609 3989; x_wconf 88' lang='lat' dir='ltr'><strong><em>Instituti</em></strong></span> <span class='ocrx_word' id='word_1_327' title='bbox 623 3933 766 3988; x_wconf 90' lang='lat' dir='ltr'><strong><em>Sororum</em></strong></span> <span class='ocrx_word' id='word_1_328' title='bbox 779 3931 870 3987; x_wconf 90' lang='lat' dir='ltr'><strong><em>Tertii</em></strong></span> <span class='ocrx_word' id='word_1_329' title='bbox 886 3929 1005 3986; x_wconf 90' lang='lat' dir='ltr'><strong><em>Ordinis</em></strong></span> <span class='ocrx_word' id='word_1_330' title='bbox 1029 3930 1058 3985; x_wconf 89' lang='lat' dir='ltr'><strong><em>S.</em></strong></span> <span class='ocrx_word' id='word_1_331' title='bbox 1083 3930 1229 3983; x_wconf 86' lang='lat' dir='ltr'><strong><em>Domintct</em></strong></span> <span class='ocrx_word' id='word_1_332' title='bbox 1248 3936 1387 3998; x_wconf 76' lang='lat' dir='ltr'><strong><em>congrega·</em></strong></span> <span class='ocrx_word' id='word_1_333' title='bbox 1441 3936 1442 3955; x_wconf 43' lang='lat' dir='ltr'><strong><em>t</em></strong></span> 
     </span>
     <span class='ocr_line' id='line_1_44' title="bbox 316 3997 1443 4074; baseline -0.013 -11"><span class='ocrx_word' id='word_1_334' title='bbox 316 4007 404 4063; x_wconf 85' lang='lat' dir='ltr'><strong><em>tionis</em></strong></span> <span class='ocrx_word' id='word_1_335' title='bbox 419 4007 542 4062; x_wconf 87' lang='lat' dir='ltr'><strong><em>Sanctae</em></strong></span> <span class='ocrx_word' id='word_1_336' title='bbox 561 4003 735 4060; x_wconf 89' lang='lat' dir='ltr'><strong><em>Catharinae</em></strong></span> <span class='ocrx_word' id='word_1_337' title='bbox 749 4002 894 4069; x_wconf 85' lang='lat' dir='ltr'><strong><em>Senensis,</em></strong></span> <span class='ocrx_word' id='word_1_338' title='bbox 916 4018 1043 4074; x_wconf 89' lang='lat' dir='ltr'><strong><em>quarum</em></strong></span> <span class='ocrx_word' id='word_1_339' title='bbox 1055 4001 1161 4055; x_wconf 91' lang='lat' dir='ltr'><strong><em>domus</em></strong></span> <span class='ocrx_word' id='word_1_340' title='bbox 1174 3997 1307 4070; x_wconf 89' lang='lat' dir='ltr'><strong><em>princeps</em></strong></span> <span class='ocrx_word' id='word_1_341' title='bbox 1319 4005 1356 4072; x_wconf 74' lang='lat' dir='ltr'><strong><em>est</em></strong></span> <span class='ocrx_word' id='word_1_342' title='bbox 1365 4004 1387 4043; x_wconf 78' lang='lat' dir='ltr'><strong><em>1ss</em></strong></span> <span class='ocrx_word' id='word_1_343' title='bbox 1441 4060 1443 4065; x_wconf 28' lang='grc' dir='ltr'>Ι</span> 
     </span>
     <span class='ocr_line' id='line_1_45' title="bbox 316 4069 1441 4135; baseline -0.016 -1"><span class='ocrx_word' id='word_1_344' title='bbox 316 4078 383 4135; x_wconf 92' lang='lat' dir='ltr'><strong><em>loco</em></strong></span> <span class='ocrx_word' id='word_1_345' title='bbox 394 4077 616 4134; x_wconf 88' lang='lat' dir='ltr'><strong><em>archidioecesis</em></strong></span> <span class='ocrx_word' id='word_1_346' title='bbox 627 4074 856 4130; x_wconf 87' lang='lat' dir='ltr'><strong><em>Milwaukiensis</em></strong></span> <span class='ocrx_word' id='word_1_347' title='bbox 869 4075 1005 4129; x_wconf 89' lang='lat' dir='ltr'><strong><em>Statuum</em></strong></span> <span class='ocrx_word' id='word_1_348' title='bbox 1016 4073 1245 4128; x_wconf 88' lang='lat' dir='ltr'><strong><em>Foederatorum</em></strong></span> <span class='ocrx_word' id='word_1_349' title='bbox 1254 4069 1388 4123; x_wconf 75' lang='lat' dir='ltr'><strong><em>Ameriae</em></strong></span> <span class='ocrx_word' id='word_1_350' title='bbox 1440 4128 1441 4131; x_wconf 7' lang='grc' dir='ltr'><strong>Ἰ</strong></span> 
     </span>
     <span class='ocr_line' id='line_1_46' title="bbox 317 4138 1387 4221; baseline -0.012 -16"><span class='ocrx_word' id='word_1_351' title='bbox 317 4149 557 4221; x_wconf 77' lang='lat' dir='ltr'><strong><em>septentrionalis</em></strong></span> <span class='ocrx_word' id='word_1_352' title='bbox 571 4147 622 4220; x_wconf 92' lang='lat' dir='ltr'><strong><em>qui</em></strong></span> <span class='ocrx_word' id='word_1_353' title='bbox 636 4147 723 4218; x_wconf 86' lang='lat' dir='ltr'><strong><em>vulgo</em></strong></span> <span class='ocrx_word' id='word_1_354' title='bbox 744 4145 850 4202; x_wconf 77' lang='lat' dir='ltr'><strong><em>dicitur</em></strong></span> <span class='ocrx_word' id='word_1_355' title='bbox 864 4145 989 4208; x_wconf 81' lang='lat' dir='ltr'><strong><em>Racine,</em></strong></span> <span class='ocrx_word' id='word_1_356' title='bbox 1013 4143 1096 4199; x_wconf 83' lang='lat' dir='ltr'><strong><em>enixe</em></strong></span> <span class='ocrx_word' id='word_1_357' title='bbox 1109 4141 1225 4215; x_wconf 89' lang='lat' dir='ltr'><strong><em>petierit</em></strong></span> <span class='ocrx_word' id='word_1_358' title='bbox 1248 4151 1281 4194; x_wconf 93' lang='lat' dir='ltr'><strong><em>ut</em></strong></span> <span class='ocrx_word' id='word_1_359' title='bbox 1299 4138 1387 4192; x_wconf 86' lang='lat' dir='ltr'><strong><em>Sanctt</em></strong></span> 
     </span>
     <span class='ocr_line' id='line_1_47' title="bbox 318 4207 1442 4305; baseline -0.013 -30"><span class='ocrx_word' id='word_1_360' title='bbox 318 4219 406 4276; x_wconf 86' lang='lat' dir='ltr'><strong><em>Sedes</em></strong></span> <span class='ocrx_word' id='word_1_361' title='bbox 429 4219 609 4292; x_wconf 90' lang='lat' dir='ltr'><strong><em>praedictum</em></strong></span> <span class='ocrx_word' id='word_1_362' title='bbox 636 4219 807 4274; x_wconf 82' lang='lat' dir='ltr'><strong><em>[nstitutum</em></strong></span> <span class='ocrx_word' id='word_1_363' title='bbox 831 4216 968 4288; x_wconf 90' lang='lat' dir='ltr'><strong><em>illiusque</em></strong></span> <span class='ocrx_word' id='word_1_364' title='bbox 994 4212 1216 4271; x_wconf 89' lang='lat' dir='ltr'><strong><em>constitutiones</em></strong></span> <span class='ocrx_word' id='word_1_365' title='bbox 1243 4207 1387 4283; x_wconf 79' lang='lat' dir='ltr'><strong><em>adprobare</em></strong></span> <span class='ocrx_word' id='word_1_366' title='bbox 1440 4268 1442 4305; x_wconf 78' lang='lat' dir='ltr'><strong><em>t</em></strong></span> 
     </span>
    </p>
   </div>
   <div class='ocr_carea' id='block_1_10' title="bbox 1433 4578 1440 4831">
    <p class='ocr_par' dir='ltr' id='par_1_13' title="bbox 1433 4556 1440 4831">
     <span class='ocr_line' id='line_1_48' title="bbox 1433 4578 1440 4831; baseline 0 -262"><span class='ocrx_word' id='word_1_367' title='bbox 1433 4578 1440 4831; x_wconf 70' lang='lat'><strong><em>,</em></strong></span> 
     </span>
    </p>
   </div>
   <div class='ocr_carea' id='block_1_11' title="bbox 98 3896 255 4014">
    <p class='ocr_par' dir='ltr' id='par_1_14' title="bbox 98 3896 255 4014">
     <span class='ocr_line' id='line_1_49' title="bbox 132 3896 255 3944; baseline 0 -2"><span class='ocrx_word' id='word_1_368' title='bbox 132 3896 147 3942; x_wconf 92' lang='grc' dir='ltr'><em>Ι</em></span> <span class='ocrx_word' id='word_1_369' title='bbox 149 3897 255 3944; x_wconf 78' lang='lat' dir='ltr'><strong><em>nstantia</em></strong></span> 
     </span>
     <span class='ocr_line' id='line_1_50' title="bbox 98 3951 176 4014; baseline 0.013 -14"><span class='ocrx_word' id='word_1_370' title='bbox 98 3951 176 4014; x_wconf 72' lang='lat' dir='ltr'><strong><em>satta.</em></strong></span> 
     </span>
    </p>
   </div>
   <div class='ocr_carea' id='block_1_12' title="bbox 0 0 1484 4900">
    <p class='ocr_par' dir='ltr' id='par_1_15' title="bbox 0 0 1484 4900">
     <span class='ocr_line' id='line_1_51' title="bbox 0 0 1484 4900; baseline 0 1"><span class='ocrx_word' id='word_1_371' title='bbox 0 0 1484 4900; x_wconf 95' lang='lat' dir='ltr'><strong><em> </em></strong></span> 
     </span>
    </p>
   </div>
  </div>
 </body>
</html>
