2959 4900
309 294 368 355 ΗΟ
762 315 942 353 uouuuunrn

343 450 389 506 Ad
404 452 415 506 l
430 463 459 506 et
479 452 518 506 ll.
541 451 588 506 Ad
602 463 743 506 mentem.
766 451 850 506 Mens
864 463 906 506 est
926 451 1007 524 quod
1025 451 1139 507 alumni
1153 450 1393 523 congregationis

309 521 459 577 Missionis
472 521 568 577 valide
581 520 716 576 confiteri
729 522 843 595 possint
855 539 944 594 penes
958 523 1119 594 quemlibet
1132 523 1343 579 confessarium
1362 523 1394 576 ab
1454 561 1456 588 ,

308 593 466 650 Ordinario
480 593 537 648 loci
553 594 762 666 approbatum,
778 592 855 648 facto
868 593 905 648 ad
918 594 1063 650 cautelam
1076 595 1165 650 verbo
1179 612 1247 649 cum
1260 595 1351 649 SSmo.

344 665 432 720 Facta
456 664 493 719 de
517 664 563 719 his
586 664 780 720 sanctissimo
808 665 938 721 Domino
965 667 1076 721 Nostro
1103 665 1156 721 Pio
1182 667 1276 738 Papae
1298 666 1325 719 X
1350 681 1395 737 per

308 735 525 808 infrascriptum
539 735 728 811 Cardinalem
739 737 769 792 S.
782 736 1026 809 Congregationis
1037 738 1251 809 Episcoporuut
1260 750 1289 792 et
1305 738 1395 808 Regu·

308 806 415 861 larium
443 807 627 862 Praefectum
652 807 806 868 relatione,
835 807 978 864 Sanctitas
1010 810 1069 862 Sua
1094 808 1267 864 relationem
1294 809 1396 862 Sacrae

307 878 440 934 eiusdem
450 878 695 951 congregationis
708 890 802 934 ratam
815 877 918 935 habuit
932 892 960 934 et
970 878 1163 947 confirmavit,
1178 880 1225 935 die
1238 899 1272 950 24
1285 879 1395 934 decem-

308 949 366 1006 bris
379 949 503 1006 labentis
516 950 586 1005 anni
604 951 682 1024 1903.
1455 949 1456 956 ’

346 1066 369 1102 1.
383 1045 479 1102 Allata
492 1046 678 1115 potissimum
691 1058 760 1101 sunt
774 1045 804 1101 in
818 1063 905 1102 causa
920 1067 926 1102 :
947 1049 974 1118 a)
992 1047 1079 1102 Bulla
1095 1047 1262 1103 Salvatoris
1282 1047 1395 1112 Nostri,
1455 1033 1456 1056 ¹

308 1117 421 1174 Urbani
435 1119 519 1185 Vlll‚
537 1117 641 1173 raian.
658 1119 724 1173 1632
740 1139 747 1174 :
764 1139 780 1168 κ
793 1119 861 1185 Quo
872 1135 942 1174 vero
952 1117 988 1172 ad
1003 1119 1295 1181 Missionestantum.
1311 1119 1397 1173 etiam
1455 1171 1456 1190 Ξ

307 1189 471 1245 Ordinariis
485 1190 668 1246 locorum...
692 1190 809 1245 subesse
830 1189 955 1244 debeant
975 1189 1080 1263 lsocii),
1104 1191 1177 1245 adeo
1191 1203 1223 1245 ut
1236 1190 1265 1244 in
1279 1189 1397 1261 reliquis

307 1261 402 1316 dictus
425 1261 565 1333 Superior
584 1260 727 1332 generalis
751 1262 781 1316 in
804 1277 907 1316 omnes
929 1260 1080 1317 domos...
1106 1272 1134 1317 et
1154 1279 1291 1329 personas
1304 1260 1397 1315 omni·

308 1333 428 1388 modam
446 1331 680 1405 superioritatem
690 1345 718 1387 et
728 1331 932 1387 auctoritatem
946 1332 1060 1388 habeat.
1078 1355 1093 1384 >r
1107 1333 1136 1404 bl
1153 1333 1243 1389 Breve
1255 1333 1308 1387 Ex
1322 1350 1397 1387 com-

309 1403 409 1470 missa,
425 1403 584 1458 Alexandri
597 1404 664 1467 Vll,
687 1423 719 1458 aa
733 1416 806 1477 sept.
827 1403 890 1458 1655
905 1423 910 1458 :
926 1404 1120 1458 «statuentes
1134 1418 1166 1458 ut
1180 1404 1256 1458 dicta
1273 1405 1397 1475 Congre-

308 1475 386 1548 gatio
403 1475 553 1530 Missionis
566 1488 699 1547 exempta
713 1475 750 1528 sit
772 1493 788 1529 a
807 1474 988 1530 subiectione
1008 1476 1143 1530 locorum
1162 1475 1396 1538 Ordinariorum,

309 1559 430 1619 excepto
443 1546 571 1617 quod...
588 1546 702 1600 subsint
714 1546 784 1617 ipsis
793 1545 956 1601 Ordinariis
971 1559 1086 1601 tanturn
1099 1548 1179 1618 quod
1191 1547 1228 1600 ad
1244 1547 1397 1600 Missiones

308 1629 337 1672 et
350 1635 382 1673 ea
396 1634 470 1688 quae
482 1618 546 1672 illas
568 1630 761 1684 concernunt,
785 1629 877 1689 utque
900 1617 976 1672 dicta
990 1617 1218 1689 congregatio...
1241 1618 1276 1671 sit
1289 1619 1325 1672 de
1340 1634 1397 1672 cor·

308 1705 380 1762 pore
400 1687 469 1743 cleri
491 1688 658 1744 saecularis.
682 1711 698 1739 n
721 1694 747 1760 c)
773 1690 863 1744 Breve
884 1689 1007 1762 Exponi
1029 1689 1120 1756 nobis,
1146 1689 1295 1744 Benedicti
1314 1689 1395 1754 Xlll,

313 1779 343 1831 17
358 1759 430 1814 febr.
449 1761 524 1830 1725,
540 1776 600 1831 quo
615 1777 649 1814 ex
662 1760 734 1815 actis
756 1759 868 1814 Urbani
883 1761 954 1815 Vlll
976 1773 1004 1814 et
1026 1759 1183 1815 Alexandri
1197 1762 1253 1814 Vll
1269 1759 1397 1832 agnosci-

240 1870 245 1878 ·
309 1844 357 1885 tur
381 1831 588 1913 Superioribus
620 1831 864 1903 Congregationis
893 1831 1043 1887 Missionis
1075 1831 1196 1886 facultas
1221 1831 1396 1887 concedendi

127 3425 187 3472 Dies
198 3427 237 3483 (19

96 3496 152 3533 mv.
162 3485 240 3543 1904).

99 3684 248 3781 ti{eraten-

113 3804 255 3852 Annotatio.

265 1944 267 1947 .
308 1901 418 1958 litteras
440 1903 620 1957 dimissorias
645 1902 681 1956 ad
704 1902 839 1957 Ordines,
865 1903 895 1973 d)
920 1904 1048 1975 Regulae
1062 1920 1233 1958 communes
1249 1903 1394 1957 Instituti:

310 1995 325 2024 u
340 1974 420 2029 Sicut
434 1990 494 2028 non
508 1973 574 2028 licet
587 1972 640 2026 ulli
655 1991 689 2029 ex
709 1974 834 2042 Nostris,
859 1973 915 2028 nisi
935 1975 970 2029 ab
985 1974 1142 2029 Ordinario
1161 1975 1197 2028 sit
1208 1975 1394 2047 approbatus,

309 2044 507 2100 confessiones
521 2058 581 2098 ram
596 2058 766 2099 nostrorum
780 2062 870 2117 quam
886 2058 1073 2100 externorum
1087 2044 1221 2101 audire...
1238 2067 1254 2097 »

346 2136 372 2171 2.
390 2116 541 2186 Perpensis
556 2116 735 2186 argumentis
757 2115 884 2187 quaein
906 2128 1062 2189 utramque
1083 2129 1197 2187 partem
1219 2128 1289 2170 sunt
1303 2116 1394 2182 allata,

310 2188 424 2243 videtur
437 2187 466 2242 S.
491 2188 688 2258 Congregatio
710 2187 740 2242 in
755 2187 922 2243 definiendo
936 2187 999 2244 iure
1017 2188 1144 2243 haesisse
1158 2188 1257 2243 dubia.
1277 2189 1394 2250 Verum,

309 2278 377 2315 cum
390 2258 478 2313 hodie
500 2258 568 2312 satis
582 2259 682 2313 animo
696 2258 816 2314 inclinet
830 2259 860 2312 in
874 2258 1017 2318 maiorem
1036 2259 1164 2313 dandam
1185 2261 1338 2333 optionem
1351 2258 1395 2312 eli-

310 2330 395 2411 gendi
416 2329 637 2396 confessarium,
661 2329 771 2384 validas
793 2329 948 2385 declaravit
970 2331 1168 2386 confessiones
1190 2348 1264 2402 quas
1289 2328 1395 2385 sodales

310 2401 393 2457 rstius
415 2401 540 2456 Instituti
554 2416 727 2475 peragerent
746 2402 824 2476 apud
847 2401 1038 2458 confessarios
1063 2403 1158 2458 asolo
1172 2402 1330 2458 Ordinatio
1345 2399 1394 2456 loci
1453 2429 1455 2467 ,

310 2473 496 2546 approbatos
509 2474 596 2539 Quod
610 2472 741 2545 profecto
755 2474 847 2544 magis
861 2475 997 2545 congruit
1010 2491 1078 2529 cum
1092 2474 1232 2545 qualitate
1242 2474 1395 2546 Presbyte-

311 2562 412 2599 rorum
435 2544 637 2599 saecularium
652 2547 673 2611 ¹,
697 2562 787 2617 quam
810 2545 838 2600 S.
863 2545 1034 2599 Vincentius
1057 2563 1073 2599 a
1094 2545 1187 2600 Paulo
1201 2546 1260 2600 suis
1274 2545 1395 2601 alumnis

309 2615 474 2670 vindicavit.
488 2613 534 2670 Ad
549 2615 692 2672 cautelam
713 2630 812 2671 tamen
832 2617 861 2671 S.
878 2617 1072 2689 Congregatio
1094 2619 1174 2672 dere
1192 2620 1316 2673 verbum
1334 2615 1396 2670 fecit

311 2704 379 2742 cum
393 2687 593 2742 Sanctissimo.
1138 2690 1143 2696 '

349 2760 415 2812 Hoc
428 2757 621 2829 respondendi
632 2759 723 2813 modo
734 2758 802 2812 satis
813 2758 842 2812 in
856 2757 953 2813 medio
967 2758 1145 2839 relinquitur
1158 2760 1283 2815 alterum
1297 2774 1394 2814 causae

310 2828 485 2901 quaesitum,
501 2846 574 2883 num
587 2846 762 2901 responsum
777 2830 813 2884 ad
832 2829 904 2884 alias
917 2847 962 2885 res
976 2829 1032 2885 fori
1052 2830 1158 2885 rntcrni
1173 2831 1210 2885 sit
1227 2829 1394 2886 transferen-

310 2903 390 2982 dum.
414 2902 543 3025 Appadret
568 2912 667 2955 tamen
693 2902 723 2957 S.
747 2902 1015 2972 Congregationem
1041 2902 1077 2956 ad
1103 2901 1281 2957 affirmantes
1306 2914 1395 2973 partes
1453 2972 1454 2975 Ἴ

310 2985 408 3044 potrus
421 2988 489 3027 acce
512 2988 570 3026 ere.
1311 2984 1314 2991 ’

348 3070 386 3122 ll.
401 3066 645 3122 Ventimillen.
662 3067 743 3122 Iuris
757 3068 928 3123 associandi
941 3070 1100 3123 cadavera.

347 3139 443 3193 lnnixi
456 3151 564 3193 statuto
578 3139 712 3210 synodali
732 3154 760 3193 et
773 3141 897 3211 allegata
911 3159 927 3194 a
941 3158 970 3194 se
990 3140 1214 3202 consuetudine,
1239 3138 1395 3212 capitulum

310 3223 337 3266 et
348 3209 494 3282 parochus
507 3210 645 3265 ecclesiae
658 3210 827 3281 collegiatae
851 3212 908 3266 loci
930 3211 998 3265 dicti
1014 3211 1045 3265 S.
1069 3211 1163 3265 Remo
1184 3209 1394 3265 contendebant

313 3283 372 3336 PP.
389 3280 563 3353 Capuccinis
584 3280 653 3335 dicti
675 3281 732 3335 loci
752 3299 810 3336 non
834 3282 929 3349 licere,
955 3282 1006 3337 etsi
1027 3282 1154 3336 invitatis
1175 3284 1210 3336 ab
1233 3279 1393 3344 heredibuS,

311 3351 473 3426 parochum
499 3352 530 3406 in
556 3351 657 3407 funere
682 3353 815 3408 ducendo
840 3352 983 3420 comitari,
1012 3352 1067 3407 nisi
1095 3352 1182 3407 simul
1208 3352 1395 3406 invitarentur

311 3425 424 3496 aliquot
433 3424 567 3478 canonici
578 3437 606 3478 et
621 3423 717 3478 clerici
727 3424 860 3479 civitatis.
875 3425 927 3479 Dic
941 3444 971 3496 19
982 3424 1147 3478 novembris
1161 3442 1237 3496 1904,
1249 3422 1394 3496 proposito

311 3495 401 3550 dubio
425 3517 441 3545 «
458 3498 508 3550 An
531 3495 598 3550 PP.
625 3495 791 3568 Cappucini
810 3496 924 3567 possint
946 3496 1098 3551 associare
1119 3495 1270 3550 cadavera
1292 3493 1395 3566 absque
1452 3512 1453 3567 p

312 3568 475 3623 interventu
496 3565 707 3621 canonicorum
724 3566 914 3640 Collegiatae
932 3580 960 3621 et
977 3567 1052 3622 cleri
1070 3565 1268 3638 parochialis,
1283 3564 1394 3637 quando

310 3639 434 3693 seorsim
458 3637 495 3693 ab
521 3636 678 3692 heredibus
700 3639 831 3719 defuncti
853 3639 1017 3693 invitantur
1043 3638 1072 3690 in
1096 3654 1186 3704 casu;
1212 3659 1228 3688 >r
1251 3634 1395 3709 respondit

312 3711 342 3765 S.
358 3707 564 3781 Congregatio.
579 3715 603 3763 A
607 3707 778 3783 ffirmattve.

348 3783 415 3849 Quo
423 3797 564 3852 responso
575 3797 655 3835 mere
665 3780 858 3835 confirmatur
868 3793 979 3835 certum
990 3780 1131 3835 heredum
1141 3780 1186 3833 ius
1197 3794 1393 3851 quoscumque

311 3852 457 3908 voluerint
479 3851 604 3921 eligendi
626 3851 779 3922 religiosos
801 3866 828 3906 et
851 3852 970 3907 clericos
984 3851 1034 3923 qui
1054 3851 1142 3905 funus
1164 3868 1215 3905 sua
1238 3848 1393 3930 praesentia

311 3924 467 3979 honestent
480 3926 501 3977 2.
518 3921 596 3977 Huic
609 3921 666 3975 iuri
680 3940 741 3978 non
764 3936 876 3995 poterat
889 3923 1029 3995 derogare
1052 3923 1097 3977 lex
1117 3922 1274 3995 synodalis,
1297 3918 1394 3973 saltem

312 3996 393 4068 quod
406 3994 509 4049 attinet
521 3993 557 4047 ad
571 3992 722 4065 religiosos
737 4007 904 4066 exemptos3
928 3994 1074 4049 contraria
1097 4006 1195 4048 autem
1218 3990 1392 4048 consuetudo

312 4083 374 4122 non
385 4065 500 4121 videtur
512 4081 573 4119 esse
586 4066 766 4135 argumentis
780 4066 910 4136 probata.

342 4215 350 4249 1
365 4213 422 4261 Cir.
434 4215 560 4259 nostrum
571 4212 759 4270 DeRelt'giosis,
772 4217 791 4258 t.
806 4229 827 4267 1,
837 4225 863 4258 n.
877 4208 928 4274 56.

340 4283 351 4317 t
366 4279 422 4329 Cfr.
434 4280 514 4338 plura
524 4292 654 4338 responsa
665 4279 691 4327 S.
705 4277 928 4338 congregationis
939 4284 965 4324 et
977 4275 1121 4335 scriptores
1132 4274 1285 4323 canonicos.
