2959 4900
136 297 218 378 [132
233 297 305 379 133]
320 320 394 354 ouer
405 319 506 355 conor.
521 320 707 365 mertuorum
721 323 757 357 ms
768 320 850 357 uovrs
859 319 983 356 sonem.
996 320 1053 357 uon
1064 322 1146 356 corin.
1164 300 1222 359 lii

362 492 458 576 133.
482 544 523 555 -
545 506 603 577 88.
628 507 662 574 n.
690 508 726 574 11.
752 507 800 574 ΡΙΙ
823 507 955 575 ΡΑΡΑΕ
976 507 1002 574 Χ

381 694 514 751 Mortis
531 696 729 751 PROPRIUS
749 696 879 750 161UL.
901 696 983 749 1906

135 852 191 912 De
212 857 461 929 religiosorum
482 859 732 916 sodalitatibus
754 858 824 914 nisi
848 858 1010 915 consults
1030 857 1225 930 apostolica

462 956 549 1012 sede
568 970 642 1013 non
660 955 892 1011 instituendis

572 1130 663 1185 PIUS
686 1131 745 1184 ΡΡ.
766 1129 792 1183 Χ

560 1281 647 1337 Motu
673 1279 799 1353 proprio

169 1423 236 1480 Dei
255 1425 476 1496 providentis
498 1424 717 1495 benignitatem,
734 1436 900 1497 opportune
923 1424 1069 1480 Ecclesiae
1087 1422 1223 1549 tempori-

131 1496 188 1551 bus
202 1496 431 1565 subvenientem,
452 1513 520 1552 cum
541 1496 598 1551 alia
612 1496 706 1551 multa
718 1495 887 1562 ostendunt,
909 1507 974 1550 tum
988 1495 1043 1552 hoc
1065 1510 1221 1568 praecare,

131 1567 215 1638 quod
222 1568 367 1624 veteribus
377 1568 428 1624 reli
450 1567 580 1623 iosorum
590 1566 750 1622 Ordinibus
759 1566 798 1622 ob
806 1566 1027 1622 conversionem
1039 1565 1224 1639 publicarum

131 1654 233 1693 rerum
245 1638 379 1710 dispersis
397 1658 413 1693 a
448 1638 580 1709 ictisque,
595 1654 671 1693 nova
692 1638 824 1693 instituta
836 1653 990 1700 accessere,
1006 1653 1092 1718 quae,
1115 1636 1223 1711 proies·

132 1709 249 1766 sionem
258 1710 411 1783 religiosae
423 1710 498 1765 vitae
511 1710 674 1776 retinendo,
686 1708 951 1781 ingravescentibus
960 1708 1109 1765 christiani
1120 1707 1222 1782 populi

133 1781 354 1837 necessitatibus
372 1781 572 1854 multipliciter
593 1780 769 1837 deserviunt.
787 1779 854 1835 illas
868 1779 926 1835 hoc
947 1780 1022 1848 loco,
1038 1791 1071 1836 ut
1092 1790 1221 1852 apparet,

132 1852 290 1924 utriusque
299 1870 383 1909 sexus
397 1853 533 1908 Familias
542 1852 676 1921 dicimus,
688 1851 808 1924 proprio
818 1863 847 1906 et
855 1851 941 1906 titulo
954 1862 982 1907 et
992 1852 1093 1907 habitu
1107 1850 1224 1906 distinc-

132 1934 178 1979 tas
191 1926 367 1997 easdemque
380 1925 444 1980 solo
456 1923 632 1995 simplicium
645 1934 780 1979 votorum
793 1935 844 1977 aut
857 1923 942 1978 nullo
956 1922 986 1978 id
1019 1939 1093 1979 enus
1106 1922 1223 1977 vinculo

131 1996 295 2061 adstrictas
310 2013 435 2068 quarum
447 1994 570 2063 sodales,
587 1994 653 2049 licet
667 1994 699 2049 in
712 1995 811 2067 plures
830 1984 974 2050 distribuiti
1009 2010 1104 2062 omos
1120 1993 1224 2049 iisdem

130 2080 232 2125 tamen
256 2067 367 2140 legibus
379 2084 414 2123 ac
431 2068 486 2123 sub
499 2083 560 2121 uno
583 2082 699 2121 summo
713 2065 843 2146 praeside
862 2081 964 2121 omnes
985 2066 1095 2132 vivunt,
1110 2082 1145 2121 eo
1158 2082 1224 2137 pro·

132 2139 240 2211 posito,
265 2152 298 2194 ut
312 2138 520 2209 perfectionem
538 2137 650 2193 virtutis
671 2136 726 2210 ipsi
747 2147 949 2207 assequantur,
965 2153 1055 2210 seque
1076 2137 1223 2208 proximo-

129 2228 201 2266 rum
215 2227 302 2266 causa
316 2211 347 2265 in
359 2210 445 2265 variis
457 2207 606 2281 religionis
620 2220 670 2264 aut
682 2208 897 2263 misericordiae
910 2208 1047 2278 operibus
1060 2220 1222 2263 exerceant.

133 2283 271 2338 Profecto
284 2281 473 2337 sodalitatum
495 2279 669 2339 istiusmodi.
686 2293 747 2334 tam
760 2280 834 2334 bene
848 2278 883 2334 de
907 2279 1036 2335 Ecclesia
1049 2280 1143 2405 deque
1162 2279 1224 2351 ipsa

128 2353 212 2409 civili
231 2356 367 2409 societate
390 2351 575 2419 merentium,
597 2351 775 2422 sperandum
796 2361 848 2416 est,
873 2367 1036 2423 numquam
1058 2351 1093 2405 de
1107 2363 1224 2405 uturam

131 2424 251 2551 copiam
266 2446 271 2480 :
287 2424 432 2498 hodieque
447 2423 517 2480 libet
530 2439 695 2497 agnoscere,
715 2439 810 2495 usque
823 2423 896 2479 adeo
911 2438 959 2478 eas
972 2422 1175 2491 increbruisse,
1190 2432 1224 2476 ut

131 2514 174 2552 nu
188 2498 251 2552 lum
263 2497 393 2552 videatur
408 2512 470 2552 esse
479 2495 688 2550 ministrandae
702 2494 828 2551 caritatis
841 2494 1015 2551 christianae
1024 2511 1126 2566 genus,
1143 2493 1223 2566 quod

131 2569 201 2624 illae
214 2568 361 2640 reliquum
370 2567 500 2624 fecerint.
510 2567 730 2634 Verumtamen,
742 2582 818 2638 quae
830 2577 873 2622 est
882 2567 1029 2622 humanae
1042 2563 1224 2622 condicionis

132 2639 299 2701 infirmitas,
310 2655 345 2694 ex
352 2639 415 2713 ipsa
425 2639 479 2694 ista
488 2638 593 2693 talium
601 2637 790 2692 sodalitatum
802 2637 975 2711 frequentia,
985 2638 1042 2693 nisi
1052 2635 1223 2709 temperatio

133 2711 234 2783 aliqua
247 2709 318 2766 iuris
332 2710 493 2777 accesserit,
509 2707 572 2764 fieri
595 2725 657 2763 non
670 2720 764 2780 potest
783 2709 856 2782 quin
874 2709 1035 2789 aliquando
1058 2725 1155 2764 sacrae
1167 2706 1223 2762 dis·

130 2782 259 2855 ciplinae
282 2780 461 2854 perturbatio
480 2781 626 2852 quaedam
644 2779 756 2834 oriatur
774 2793 802 2834 et
820 2779 965 2836 confusro.
987 2782 1089 2850 ltaque
1107 2781 1144 2836 ad
1167 2779 1224 2833 hoc

133 2853 324 2909 avertendum
351 2852 573 2909 incommodum
599 2851 685 2920 plura
712 2851 771 2904 iam
799 2851 968 2923 Apostolica
996 2851 1084 2906 Sedes
1111 2850 1221 2918 edixit;

133 2924 369 2996 nominatimque
383 2922 467 2988 cavit,
483 2938 521 2978 ne
533 2922 573 2977 ibi
588 2921 725 2977 sodalitas
738 2939 815 2979 nova
828 2923 1012 2988 conderetur,
1026 2921 1077 2976 ubi
1090 2939 1141 2993 per
1152 2922 1224 2976 alias

132 2995 191 3051 iam
204 2994 338 3051 conditas
360 2993 579 3050 necessitatibus
599 2994 656 3049 loci
674 2993 743 3048 satis
764 2993 933 3048 consultum
951 3005 1047 3062 esset3
1068 3009 1140 3049 neve
1163 2993 1225 3047 ulla

71 3091 74 3094 ·
133 3083 260 3138 usquam
273 3067 416 3122 sineretur
430 3064 551 3133 institui,
572 3082 648 3138 quae
666 3077 717 3120 aut
736 3065 877 3120 reditibus
895 3079 1004 3119 careret
1023 3065 1060 3120 ad
1077 3064 1224 3123 sodalium

132 3137 242 3194 victum
269 3136 446 3204 necessariis,
475 3148 526 3191 aut
551 3137 709 3209 quicquam
730 3137 829 3191 minus
853 3136 993 3191 decorum
1020 3135 1050 3190 in
1072 3135 1169 3204 titulo,
1193 3134 1223 3189 in

133 3208 246 3273 habitu,
264 3209 294 3264 in
307 3225 394 3279 opere
407 3207 568 3264 exercendo
580 3224 650 3281 prae
662 3223 692 3262 se
703 3206 802 3263 ierret.
821 3209 973 3263 Praeterea
987 3207 1110 3262 Sacrum
1123 3205 1224 3263 Consi-

134 3279 206 3335 lium
231 3280 447 3360 Episcoporum
468 3291 495 3335 et
512 3278 701 3349 Regularium
722 3278 846 3350 negotiis
859 3278 1057 3350 praepositum
1081 3278 1229 3350 nonnulla,

135 3364 318 3425 praescripsit
330 3363 413 3406 antea
432 3350 582 3417 servanda,
598 3366 685 3421 quarn
700 3349 755 3404 hae
768 3350 933 3405 sodalitates
946 3366 1106 3423 earumque
1119 3349 1223 3405 consti·

134 3423 262 3478 tutiones
285 3422 497 3495 approbatione
509 3435 561 3477 aut
579 3421 665 3476 laude
685 3421 767 3476 Sedis
781 3421 966 3493 Apostolicae
989 3421 1221 3476 honestarentur.

136 3495 171 3549 At
182 3511 253 3549 vero
273 3493 478 3566 experimentis
492 3505 675 3565 compertum
696 3503 749 3559 est,
772 3493 905 3548 nondum
920 3509 971 3564 per
992 3494 1044 3548 has
1066 3492 1224 3566 praescrip·

135 3564 227 3620 tiones
240 3565 309 3621 satis
323 3581 384 3621 esse
397 3565 557 3636 provisum,
572 3580 609 3618 ne
619 3563 785 3618 sodalitates
798 3566 835 3620 ab
848 3563 908 3619 suis
921 3563 1046 3618 exordiis
1058 3563 1088 3618 in
1102 3579 1138 3618 eo
1147 3573 1224 3618 statu

134 3636 326 3704 collocentur,
349 3635 428 3691 unde
442 3649 551 3708 postea,
568 3652 636 3690 cum
656 3635 842 3708 Apostolicae
856 3634 937 3691 Sedis
956 3633 1157 3706 comprobatio
1171 3632 1225 3689 erit

137 3708 325 3780 assequenda,
357 3707 482 3762 debeant
513 3723 621 3779 magno
652 3722 737 3778 saepe
771 3724 839 3763 cum
870 3705 1045 3761 detrimento
1078 3706 1221 3762 recedere.

136 3778 243 3847 Quare,
263 3779 300 3835 de
323 3777 453 3835 eiusdem
468 3777 547 3834 Sacri
570 3777 691 3832 Consilii
715 3779 867 3847 sententia,
891 3777 962 3833 haec
978 3779 1040 3832 Nos
1058 3793 1134 3848 quae
1149 3775 1224 3832 infra

135 3851 240 3923 scripta
252 3863 330 3917 sunt,
345 3861 428 3904 motu
441 3849 560 3922 proprio
573 3849 727 3904 statuimus
743 3869 749 3904 ε

171 3922 194 3976 1.
218 3920 329 3976 Nullus
352 3920 511 3993 Episcopus
534 3932 584 3975 aut
610 3919 735 3975 cuiusvis
758 3920 815 3977 loci
838 3919 1020 3985 Ordinarius,
1047 3917 1103 3973 nisi
1124 3916 1223 3972 habita

137 3991 321 4064 Apostolicae
346 3991 427 4047 Sedis
452 4008 504 4065 per
528 3991 637 4046 litteras
660 3991 786 4058 licentia,
813 4008 921 4046 novam
948 3991 1115 4046 alterutrius
1138 4004 1223 4044 sexus

137 4062 317 4119 sodalitatem
327 4062 435 4118 condat
447 4074 499 4118 aut
510 4062 540 4117 in
550 4079 603 4119 sua
615 4063 740 4118 dioecesi
753 4063 840 4118 condi
851 4062 1007 4134 permittat.

173 4134 212 4188 ll.
226 4133 409 4201 Ordinarius,
425 4133 513 4189 huius
526 4133 658 4189 licentiae
671 4134 871 4206 impetrandae
891 4132 993 4205 gratia,
1010 4133 1132 4188 Sacrum
1145 4133 1224 4187 Con-

135 4203 234 4260 silium
247 4205 459 4280 Episcoporum
473 4217 502 4260 et
514 4204 703 4276 Regularium
723 4204 845 4276 negotiis
857 4203 1055 4288 praepositum
1077 4204 1160 4259 adeat
1171 4220 1223 4277 per

138 4274 269 4332 libellum
290 4276 461 4349 supplicem,
484 4293 544 4348 quo
566 4275 638 4331 haec
660 4276 796 4332 docebit:
820 4292 886 4348 quis
904 4275 1058 4349 qualisque
1077 4275 1113 4330 sit
1131 4291 1224 4332 novae

1303 1431 1324 1471 l.
1340 1431 1434 1474 Intro-

1276 1483 1383 1526 ductio.

1305 1560 1419 1618 Opportu-

1276 1619 1342 1663 nitas
1363 1633 1435 1666 novu-

1276 1688 1329 1721 rum
1350 1675 1438 1723 Fami·

1277 1732 1365 1778 liorem
1382 1732 1436 1780 reli-

1275 1792 1406 1847 giosarum.

1306 1874 1404 1919 Descri-

1278 1930 1371 1978 henim.

1307 2305 1341 2351 Et
1360 2306 1438 2353 budi-

1278 2362 1323 2470 pipp⁸
1342 2362 1438 2423 efferun-

1306 2576 1422 2637 Discipli-

1277 2647 1322 2679 nas
1347 2640 1439 2693 pertur-

1278 2692 1439 2742 bariorone·

1273 2749 1343 2808 fusio
1410 2764 1438 2798 ex

1277 2808 1356 2854 nimia
1390 2807 1438 2863 sre-

1277 2867 1378 2923 quentia.

1294 2947 1437 3015 Fauianam

1274 3012 1426 3074 provisiones,

1273 3063 1438 3179 arist:

1277 3178 1435 3238 Ep.etRegul.

1306 3519 1401 3566 Malum

1277 3578 1315 3622 cui
1335 3578 1437 3624 nondum

1277 3639 1311 3679 cst
1377 3639 1437 3682 satis

1274 3696 1425 3751 prospectum.

1303 3776 1434 3819 Insano-

1278 3827 1383 3872 tiones.

1298 3921 1438 3969 r.Nccessa·

1277 3994 1317 4025 rto
1343 3983 1438 4026 letenna

1276 4037 1422 4096 Apostolica.

1305 4154 1329 4186 2.
1350 4137 1438 4184 Modus

1277 4192 1395 4241 licentiam

1278 4252 1426 4311 impetrandi.
