2959 4900
1447 87 1449 108 l

1447 113 1449 126 ι

1447 143 1449 164 Ι

1447 245 1449 254 t

1447 267 1449 285 l

324 280 385 343 100
751 304 888 351 quassum
903 304 988 339 vitam

322 440 534 541 cogebantur
565 446 591 541 J.
628 442 746 507 Nemo
773 456 837 542 'eost
871 438 932 529 qui
971 439 1056 507 haec
1089 454 1248 528 tempora
1280 451 1393 526 exoptet
1447 413 1449 485 l

322 542 473 598 scientiis
489 550 594 597 sacns
611 544 845 602 etcanon1c1s.

317 697 319 701 ’
365 704 430 772 Vl.
455 713 512 776 De
537 709 693 777 decreto
721 737 736 769 ‹
764 713 817 777 ut
842 711 1010 778 debita»
1041 729 1112 777 saa
1137 708 1186 774 de
1210 708 1391 775 missarum

320 793 538 879 stipendiis.
1035 810 1038 816 ·

368 941 421 1009 De
436 940 573 1010 decreto
605 942 653 1009 Ut
669 940 792 1028 debito,
825 964 860 1009 11
880 939 962 1007 maii
992 960 1088 1029 1904,
1110 945 1307 1028 quaeritur
1324 959 1392 1025 quo-

320 1030 428 1097 modo
459 1029 689 1119 intellegenda
721 1031 790 1097 sint
821 1029 942 1119 priora·
960 1030 1064 1096 verba
1089 1026 1328 1118 dispositionis
1352 1029 1391 1095 3³⁰

324 1144 337 1181 i
355 1118 500 1185 Nemini
513 1119 615 1187 licere
632 1131 681 1186 tot
698 1119 821 1187 missas
838 1138 1013 1187 assumere
1029 1117 1159 1205 quibus
1175 1119 1264 1184 intra
1277 1138 1392 1184 annum

319 1227 339 1273 a
364 1205 421 1273 die
437 1223 614 1295 susceptae
630 1207 853 1297 obligationis
868 1206 1061 1275 satisfacere
1084 1205 1311 1295 probabiliter
1326 1208 1393 1295 ipse

319 1309 516 1383 nequeat.»

362 1392 474 1475 Reep.
497 1386 633 1475 Regula
649 1385 713 1453 ista
729 1384 948 1453 ordinarium
974 1383 1062 1473 regit
1077 1405 1197 1451 casum
1213 1382 1276 1451 ubi
1294 1386 1392 1464 plures

317 1493 486 1562 personae
501 1496 692 1562 paucarum
707 1495 857 1542 numero
880 1478 1065 1542 missarum
1082 1472 1239 1563 singulae
1263 1472 1392 1539 offerant

317 1561 499 1649 stipendia,
518 1564 564 1630 ita
580 1578 618 1631 ut
634 1562 782 1652 singulis
798 1562 842 1630 sit
864 1583 926 1652 per
948 1583 984 1629 se
1008 1562 1097 1629 infra
1120 1583 1255 1629 annum
1278 1560 1391 1629 satisf-

316 1650 491 1720 ciendum.
506 1652 675 1720 Vetantur
687 1653 805 1739 itaque
816 1666 867 1720 tot
882 1653 987 1719 simul
1001 1651 1173 1732 stipendia
1189 1651 1305 1739 colligi
1316 1671 1393 1739 quae

316 1761 492 1808 summam
519 1756 683 1829 superent
710 1740 966 1829 obligationum
994 1740 1124 1828 quibus
1151 1739 1310 1807 sacerdos
1331 1742 1392 1825 ipse

316 1850 377 1914 per
388 1850 423 1896 se
440 1832 494 1897 vel
506 1852 567 1916 per
580 1830 737 1897 subditos
754 1829 947 1897 satisfacere
963 1828 1052 1896 intra
1068 1850 1202 1895 annum
1219 1827 1392 1916 probabili·

315 1932 365 1983 ter
380 1919 501 2007 possit.
522 1918 589 1987 Sed
608 1933 775 1987 statutum
791 1918 883 1986 istud
899 1918 943 1985 ad
960 1917 1130 2004 stipendia
1146 1917 1251 1985 simul
1269 1917 1311 1985 ab
1331 1938 1391 1983 uno

203 2082 206 2095 Ι
314 2006 429 2077 oblata
456 2008 603 2077 minime
618 2006 897 2077 transferendum
925 2021 987 2075 est.
1018 2006 1196 2074 Praevalet
1223 2020 1306 2073 tunc
1319 2004 1391 2072 offe·

313 2096 419 2164 rentis
435 2095 595 2183 intenti0,
614 2118 703 2187 quae
719 2118 759 2165 ex
775 2097 907 2164 maiore
923 2116 1072 2163 numero
1089 2096 1391 2183 eleemosynarum,

313 2199 351 2252 ut
367 2185 440 2273 ipse
454 2200 554 2254 sonat
570 2207 738 2253 numerus
755 2184 921 2272 sintne,
940 2184 1125 2273 colligitur.

357 2273 531 2361 Quocirca
543 2275 631 2343 corri
658 2275 790 2342 endum
802 2274 908 2343 etiarn
920 2296 959 2341 ex
971 2292 1066 2361 parre
1079 2288 1244 2361 putamus
1261 2273 1353 2362 quod
1363 2272 1394 2340 in

315 2361 536 2453 Pulttoutcn,
554 2386 589 2453 p.
607 2298 664 2450 43,
683 2386 712 2431 c.
727 2368 761 2448 α)
777 2376 865 2432 tom.
886 2387 913 2445 t,
933 2362 1083 2429 diximus
1097 2387 1107 2448 ;
1122 2364 1182 2430 sed
1199 2364 1261 2452 qui
1274 2385 1293 2431 a
1308 2362 1393 2430 Titio

311 2466 503 2520 tercentum
534 2455 657 2521 missas
688 2453 831 2543 accepit,
864 2454 953 2521 bene
985 2467 1109 2541 potest,
1146 2467 1266 2521 contra
1300 2467 1392 2540 atque

311 2541 559 2628 scribebamus,
577 2557 716 2632 tempus
732 2565 826 2611 anno
851 2543 964 2610 maius
987 2541 1052 2608 sibi
1070 2543 1284 2629 permittere.
1313 2540 1393 2608 Vera

311 2645 427 2698 autem
455 2646 596 2698 manent
612 2652 702 2720 quae
718 2631 934 2700 addebantur
962 2629 1028 2698 sub
1044 2630 1109 2699 litt.
1127 2633 1157 2715 β)
1177 2657 1185 2699 z
1209 2656 1223 2694 r
1243 2629 1316 2717 Qui
1332 2629 1393 2697 iam

310 2740 330 2786 a
346 2718 442 2788 Titio
459 2719 624 2788 ducentas
640 2721 809 2809 acceperit
824 2721 948 2788 missas
963 2719 1140 2800 dicendas,
1158 2741 1233 2790 non
1256 2732 1393 2809 potesta

311 2807 399 2876 Gaio
423 2808 506 2877 alias
522 2809 687 2878 ducentas
704 2811 868 2896 recipere,
882 2809 949 2877 nisi
966 2808 1060 2876 hunc
1077 2809 1203 2876 diserte
1227 2807 1393 2876 monuerit

309 2896 352 2965 de
368 2898 574 2989 impotentia
590 2921 660 2990 qua
676 2898 866 2988 impeditur
893 2898 1085 2988 quominus
1102 2918 1159 2966 eas
1175 2919 1235 2987 per
1252 2918 1289 2965 se
1311 2897 1391 2964 intra

308 3008 442 3055 annum
460 2989 621 3057 celebret.
641 3014 654 3052 i

352 3083 556 3166 Quaeritur
569 3097 604 3149 2⁰
624 3077 757 3145 Utrum
772 3096 895 3163 necne,
914 3075 956 3144 ad
974 3074 1142 3165 explenda
1158 3095 1265 3143 onera
1281 3073 1390 3141 missa·

308 3185 398 3246 rum,
433 3166 528 3234 idern
554 3168 732 3255 linquatur
763 3167 914 3254 spatium
945 3163 1187 3232 communitati
1220 3162 1390 3252 religiosae

310 3254 406 3342 quod
423 3255 477 3322 sin
503 3254 571 3323 ulis
587 3253 836 3322 sacerdotibus.
1447 3330 1449 3337 Ι

306 3430 339 3498 d·
352 3349 465 3445 Resp
517 3365 553 3412 er
565 3363 601 3411 se
613 3341 830 3430 (affirmative,
847 3362 928 3410 cum
941 3341 978 3410 in
994 3340 1133 3409 decreto
1145 3341 1242 3411 nulla
1257 3343 1343 3410 lacta
1353 3336 1391 3403 sit
1447 3344 1449 3423 l

331 3447 495 3500 rsnnctro.
1447 3480 1449 3501 .

352 3519 580 3589 Observanda
605 3534 723 3588 tamen
750 3540 887 3609 semper
910 3533 960 3586 est
976 3520 1095 3608 regula
1112 3539 1275 3608 suprema
1290 3535 1387 3607 quae,

307 3630 346 3676 ex
369 3610 452 3699 ipsis
479 3609 593 3678 verbis
619 3607 770 3695 Decreti,
803 3609 948 3676 intentio
971 3623 1022 3676 est
1046 3608 1222 3676 offerentis
1245 3610 1388 3676 eleemo·
1447 3625 1449 3636 ·

306 3719 439 3788 synam.
460 3698 647 3785 Quocirca,
665 3719 748 3766 cum
768 3699 1009 3786 eleemosynae
1025 3697 1235 3766 monasterio
1251 3695 1388 3764 traditae
1447 3744 1449 3747 .

305 3788 493 3855 virtualiter
517 3787 678 3873 pluribus
704 3787 942 3855 sacerdotibus
968 3786 1158 3862 tradantur,
1187 3799 1239 3853 tot
1264 3783 1387 3880 scilicet

304 3890 391 3965 quot
407 3889 487 3944 sunt
503 3874 540 3942 in
561 3877 822 3962 communitate,
847 3875 1040 3944 videndum
1060 3889 1110 3943 est
1126 3896 1183 3961 an,
1202 3896 1264 3963 pro
1281 3872 1385 3962 qualr-

303 3979 370 4032 tate
390 3965 592 4033 intentionis
620 3969 667 4050 (v.
697 3988 748 4054 gr.
779 3966 817 4033 in
837 3965 1042 4054 suffragium
1071 3985 1190 4032 recens
1213 3962 1383 4031 defuncto·
1447 4018 1448 4023 ,

331 4221 408 4268 ¹Lex
424 4221 569 4270 Theodosii
586 4224 614 4270 ΙΙ
633 4235 682 4281 pro
694 4221 806 4270 Oriente
823 4226 850 4269 et
860 4234 910 4280 pro
929 4221 1087 4278 Occidente,
1109 4220 1238 4270 Edictum
1255 4211 1386 4268 citationis

303 4285 525 4335 Valentinianum
534 4288 598 4335 anni
609 4295 661 4346 426.
