2959 4900
108 284 196 366 [128]
276 306 350 341 riri.
367 307 401 341 ss.
418 308 445 341 n.
463 308 490 341 iv.
508 307 602 342 P11PP.
620 310 637 341 x
652 308 688 350 nii
703 306 802 341 srunio
818 307 840 340 s.
857 303 1028 339 semirutum
1138 279 1196 340 119

372 456 470 540 128.
492 507 533 516 -
554 470 613 539 SS.
637 470 670 536 lt.
695 469 730 537 ll.
757 467 805 535 ΡΙΙ
829 466 889 534 ΡΡ.
913 466 937 533 Χ

240 627 446 683 nitrariae
463 628 743 682 Arusnatium:
759 628 801 681 27
819 627 969 681 Manrii
987 626 1068 679 1906

108 759 162 821 De
184 766 326 822 ratione
347 768 545 824 studiorum
570 783 694 826 sacrae
716 770 914 840 scripturae
936 768 974 822 in
997 736 1227 824 seminariis

434 852 641 909 clericorum
660 853 840 909 servanda
860 864 869 890 1

146 982 296 1049 Quoniam
317 982 348 1037 in
360 1001 390 1040 re
403 984 508 1041 biblica
520 998 635 1040 tantum
656 996 698 1041 est
710 984 799 1041 hodie
816 983 959 1039 momenti
979 993 1121 1055 quantum
1143 981 1199 1036 lor·

107 1064 183 1107 tasse
193 1058 358 1126 numquam
365 1056 589 1118 antea,omnino
596 1073 713 1113 necesse
723 1069 765 1111 est
775 1055 974 1112 adulescentes
982 1053 1101 1111 clericos
1109 1052 1200 1109 scien·

107 1123 149 1178 tia
171 1123 389 1197 Scripturarum
411 1126 504 1184 imbui
526 1127 700 1199 diligenter;
724 1128 764 1182 ita
779 1142 884 1199 nempe
905 1138 938 1181 ut
951 1142 1012 1181 non
1032 1126 1119 1181 modo
1140 1124 1201 1179 vim

107 1194 313 1267 rationemque
337 1210 365 1253 et
384 1198 547 1255 doctrinam
567 1199 731 1255 Bibliorum
750 1198 877 1253 habeant
902 1196 956 1267 ipsi
982 1207 1147 1269 perceptam
1172 1206 1201 1251 et

108 1265 267 1337 cognitam,
283 1268 333 1323 sed
347 1268 435 1325 etiam
449 1270 518 1325 scite
530 1271 680 1343 probeque
693 1270 804 1344 possint
823 1268 893 1324 etin
907 1268 996 1322 divini
1009 1267 1089 1324 verbi
1102 1266 1201 1322 minis·

107 1336 183 1391 terio
196 1338 313 1403 versari,
327 1352 355 1395 et
370 1340 547 1411 conscriptos
564 1343 625 1396 Deo
639 1340 756 1397 afflante
769 1342 859 1397 libros
881 1340 918 1395 ab
932 1338 1201 1412 oppugnationibus

107 1407 219 1462 horum
232 1407 389 1465 hominum
403 1412 565 1474 defendere,
586 1412 637 1483 qui
652 1412 812 1485 quicquain
830 1410 968 1465 divinitus
981 1410 1121 1465 traditum
1139 1426 1202 1464 esse

108 1491 228 1551 negant.
246 1480 404 1552 Propterea
417 1482 448 1537 in
464 1484 531 1539 Litt.
547 1483 666 1555 Encycl.
685 1482 966 1539 Providentissimus
979 1493 1054 1537 recte
1069 1483 1202 1536 decessor

109 1551 221 1605 Noster
233 1549 353 1607 illustris
374 1554 483 1610 edixit:
498 1576 514 1605 n
530 1554 627 1609 Prima
639 1572 708 1610 cura
732 1556 768 1611 sit
779 1555 855 1609 utin
870 1553 957 1608 sacris
971 1551 1140 1607 Seminariis
1158 1551 1202 1607 vel
1226 1563 1229 1565 ·

107 1621 277 1696 Academiis
289 1623 330 1678 sic
344 1626 466 1681 omnino
478 1626 630 1681 tradantur
642 1626 756 1683 divinae
773 1626 899 1681 Litterae
908 1623 1160 1696 quemadmodum
1175 1633 1203 1677 et

107 1691 201 1763 ipsius
226 1694 350 1763 gravitas
364 1696 532 1767 disciplinae
545 1710 572 1753 et
591 1710 757 1769 temporum
772 1697 926 1752 necessitas
944 1695 1104 1749 admonent
1116 1716 1143 1750 ».
1168 1695 1202 1748 ln

107 1763 236 1889 ⁶³¹3<ng
255 1781 317 1821 rem
335 1766 407 1823 haec
420 1770 493 1837 Nos,
508 1786 582 1841 quae
601 1785 780 1842 magnopere
793 1768 927 1823 videntur
939 1765 1101 1839 profutura,
1122 1781 1202 1837 prae-

108 1850 167 1890 scri
191 1852 288 1891 rmus:
948 1884 953 1890 .

146 1908 171 1960 l.
182 1905 287 1962 Sacrae
298 1908 463 1982 Scripturae
473 1911 646 1984 praeceptio,
655 1911 687 1966 in
697 1927 817 1983 quoque
827 1909 989 1966 Seminario
998 1906 1200 1989 impertienda,

107 1976 166 2031 ista
179 1978 389 2046 complectatur
407 1994 543 2053 oportet:
565 1982 704 2053 primum,
721 1982 856 2037 notiones
875 1982 911 2036 de
923 1980 1113 2054 inspiratione
1126 1993 1204 2051 prae·

107 2048 224 2121 cipuas,
251 2066 393 2107 canonem
420 2053 593 2122 Bibliorum,
617 2064 728 2109 textum
750 2052 958 2127 primigenium
980 2050 1203 2123 potissimasque

107 2118 270 2199 versiones,
285 2121 361 2191 leges
375 2122 606 2181 hermeneuticas
620 2146 627 2193 ;
652 2125 756 2181 deinde
774 2124 925 2179 historiam
939 2122 1092 2195 utriusque
1104 2123 1204 2177 Testa·

108 2203 204 2245 menti
216 2212 224 2261 3
235 2202 300 2272 tum
309 2194 501 2265 singulorum,
513 2212 566 2268 pro
577 2196 719 2269 cuiusque
727 2196 876 2267 gravitate,
891 2194 1048 2249 Librorum
1061 2192 1203 2265 analysim

109 2273 139 2317 et
150 2277 205 2317 exe
226 2279 307 2319 esim.
1014 2306 1017 2312 ι

147 2334 189 2388 11.
206 2280 383 2407 {isciplinae
395 2336 517 2394 biblicae
530 2338 710 2393 curriculum
724 2338 754 2392 in
766 2336 889 2393 totidem
903 2354 997 2392 annos
1018 2334 1204 2409 partiendum

108 2416 153 2460 est
166 2415 241 2486 quot
250 2415 344 2463 annos
358 2407 463 2465 debent
475 2410 588 2466 alumni
600 2409 747 2466 Ecclesiae
759 2409 835 2465 intra
845 2408 1000 2466 Seminarii
1014 2419 1111 2479 saepta
1125 2422 1204 2462 coin·

109 2492 223 2532 morari
236 2478 274 2533 ob
290 2495 439 2536 sacrarum
452 2481 673 2554 disciplinarum
682 2481 778 2537 studia
792 2501 799 2536 ε
826 2481 909 2536 itaut
922 2480 1028 2536 horum
1040 2478 1205 2534 studiorum

109 2562 234 2604 emenso
240 2550 348 2622 spati0,
363 2551 487 2625 quisque
496 2553 633 2623 alumnus
643 2553 673 2608 id
685 2552 865 2608 curriculum
879 2552 1026 2624 integrum
1037 2546 1203 2605 confecerit.

148 2619 206 2674 ΙΙΙ.
224 2620 390 2692 Magisteria
412 2624 577 2696 Scripturae
591 2625 748 2680 tradendae
771 2624 812 2679 ita
825 2623 1048 2691 constituentur,
1065 2619 1205 2701 quemad·

111 2690 238 2745 modum
257 2692 398 2765 cuiusque
417 2695 571 2751 Seminarii
589 2695 723 2752 condicio
745 2705 775 2752 et
792 2694 943 2750 facultates
961 2693 1076 2762 ferent3
1096 2691 1205 2763 ubique

110 2772 213 2841 tamen
226 2763 373 2821 cavebitur
385 2778 418 2822 ut
430 2767 555 2822 alumnis
569 2767 653 2839 copia
674 2776 808 2838 suppetat
820 2781 868 2821 eas
881 2782 926 2820 res
940 2763 1119 2837 percipiendi
1132 2778 1206 2835 quas

112 2848 251 2904 ignorare
263 2836 404 2892 sacerdoti
418 2854 479 2893 non
492 2838 568 2894 licet.

151 2905 202 2962 IV.
225 2904 300 2962 Cum
319 2923 354 2963 ex
372 2925 432 2964 una
451 2921 530 2981 parte
540 2909 604 2967 lieri
617 2927 678 2965 non
691 2908 781 2981 possit
793 2919 826 2963 ut
840 2906 976 2964 omnium
988 2905 1206 2984 scripturarum

113 2988 250 3056 accurata
263 2978 415 3049 explicatio
428 2979 459 3034 in
471 2981 570 3037 schola
583 2981 677 3047 detur,
692 2997 727 3036 ex
739 2980 830 3035 altera
842 2993 959 3036 necesse
971 2977 1007 3032 sit
1018 2991 1121 3032 omnes
1139 2975 1207 3054 divi·

114 3062 167 3102 nas
183 3047 307 3104 Litteras
326 3051 467 3107 sacerdoti
479 3068 541 3108 esse
564 3052 663 3126 aliquo
677 3062 763 3125 pacto
778 3051 919 3123 cognitas,
935 3047 1130 3127 praeceptoris
1152 3056 1207 3102 erit

115 3118 277 3241 peculiares
292 3133 319 3176 et
332 3123 465 3194 proprios
477 3124 585 3180 habere
598 3133 736 3180 tractatus
749 3139 800 3179 seu
820 3119 1049 3178 introductiones
1063 3135 1094 3174 in
1108 3118 1206 3189 singu·

127 3205 161 3244 os
176 3189 290 3261 Libros,
315 3210 477 3275 eorumque
488 3195 655 3251 historicam
674 3195 886 3259 auctoritatem,
901 3193 925 3248 si
940 3208 985 3248 res
1005 3187 1204 3268 postulaverit,

116 3276 254 3329 asserere,
279 3280 313 3319 ac
326 3264 467 3337 analysim
480 3267 593 3323 tradere
607 3288 613 3336 ;
630 3268 681 3340 qui
695 3278 793 3322 tamen
814 3265 968 3338 aliquanto
982 3262 1057 3389 plus,
1073 3277 1163 3333 quam
1175 3275 1206 3313 in

116 3332 229 3412 ceteris,
252 3333 331 3391 iniis
348 3336 442 3392 Libris
461 3337 665 3394 immorabitur
683 3354 718 3392 ac
734 3336 893 3392 Librorum
907 3346 982 3409 parti
1002 3351 1037 3389 us
1050 3348 1126 3404 quae
1147 3347 1207 3403 gra-

116 3419 212 3459 viores
223 3417 301 3464 sunt.

153 3475 189 3531 V.
204 3477 302 3548 Atque
312 3477 345 3545 is,
359 3479 396 3532 ad
408 3480 629 3536 Testamentum
638 3493 719 3536 vetus
733 3479 812 3552 quod
825 3478 937 3546 attinet,
953 3476 1080 3556 fructum
1090 3472 1208 3547 capiens

118 3559 153 3598 ex
163 3562 197 3601 iis
207 3548 295 3604 rebus
305 3565 377 3622 quas
385 3551 582 3607 recentiorum
591 3551 773 3623 investigatio
786 3549 949 3622 protulerit,
961 3562 1064 3602 seriem
1076 3556 1208 3624 actarum

118 3631 227 3698 serum,
241 3636 373 3700 quasque
394 3621 536 3678 hebraeus
555 3623 682 3704 populus
693 3638 763 3702 cuni
784 3620 848 3677 aliis
861 3618 1060 3699 Orientalibus
1080 3627 1209 3695 rationes

120 3686 231 3814 lgpbluit,
241 3692 378 3818 {qpsseret
386 3713 393 3762 ;
402 3692 496 3765 legem
507 3694 604 3767 Moysi
617 3705 786 3750 summatim
796 3702 939 3765 exponet3
950 3702 1063 3762 potiora
1073 3698 1209 3743 vaticinia

156 3776 243 3830 pana
289 3805 295 3818 .

150 3934 157 3966 ¹
174 3935 306 3995 Quamvis
323 3935 405 3986 huius
415 3937 515 3987 decreti
532 3937 640 3986 statutis
657 3938 715 3984 sola
730 3935 893 3984 elericorum
908 3929 1055 3980 seminaria
1071 3933 1209 4001 regantur,

122 3999 141 4046 i.
153 4013 176 4047 e.
186 4000 332 4050 seminaria
340 4016 411 4063 quae
421 4017 438 4052 a
448 4001 634 4052 saecularibus
645 4001 751 4050 clericis
761 4001 975 4061 frequentantur,
985 4000 1091 4069 tantum
1101 3998 1141 4042 est
1151 4007 1210 4041 eius

122 4074 287 4116 momentum
305 4072 416 4129 tamque
425 4073 531 4129 oportet
541 4074 571 4116 ut
581 4069 665 4117 etiam
673 4067 840 4129 regularium
857 4062 1062 4135 Superioresad
1073 4066 1138 4109 istas
1148 4073 1211 4107 nor-

122 4147 181 4182 mas
197 4147 309 4183 suorum
322 4135 413 4184 studia
423 4135 540 4196 exigant,
560 4140 591 4183 ut
600 4134 625 4184 ei
636 4136 726 4183 locum
737 4133 766 4182 in
778 4129 931 4180 Periodicis
942 4133 1041 4176 nostris
1056 4127 1146 4175 facere
1157 4139 1211 4199 nori

122 4199 287 4251 dubitemus.
295 4204 422 4252 Ceterum
429 4207 491 4250 sunt
500 4201 696 4250 Universitates
703 4199 869 4261 regularium
881 4210 950 4257 quas
958 4195 1110 4243 saeculares
1118 4193 1210 4240 cleriei

123 4268 205 4316 etiam
212 4267 362 4318 oelebrant.

1267 987 1411 1033 Momentum

1253 1043 1346 1148 {pertale
1362 1049 1412 1090 stu-

1270 1105 1346 1149 torum
1381 1102 1411 1149 S.

1253 1161 1397 1217 Scriptum.

1253 1218 1327 1264 Finis
1380 1216 1412 1261 ud

1253 1289 1318 1333 quem
1359 1279 1413 1320 suut

1255 1332 1387 1391 dirigenda.

1284 1708 1358 1758 Hinc.

1257 1772 1373 1825 tamquam

1255 1824 1393 1877 utilissima,

1256 1879 1366 1941 quaedam

1256 1942 1388 1987 statuuntur
1396 1951 1405 1983 :

1285 2009 1310 2056 I.
1333 2006 1414 2053 Ncees-

1256 2067 1325 2112 saria
1349 2064 1415 2110 solio-

1256 2124 1292 2170 tac
1301 2123 1416 2180 &Scrip-

1257 2187 1322 2227 turae
1348 2194 1416 2237 argu·

1257 2245 1343 2286 menta.

1286 2350 1301 2397 I
1302 2350 1317 2396 I
1320 2382 1327 2395 .
1335 2349 1418 2395 Disci-

1253 2407 1333 2468 plinae
1347 2408 1416 2454 istius

1257 2466 1394 2513 distributio

1255 2530 1296 2583 pir
1313 2522 1431 2580 singtilis

1257 2595 1334 2629 anuos
1355 2593 1418 2626 com·

1257 2640 1399 2686 mirationis

1245 2700 1286 2743 tn
1351 2697 1418 2741 sertri-

1259 2756 1339 2801 uario.

1288 2828 1343 2875 111.
1353 2828 1417 2886 Apta

1258 2888 1391 2943 magnarii

1259 2944 1402 2991 constitutio.

1288 3016 1338 3064 IV.
1357 3017 1419 3064 Tra·

1259 3073 1345 3122 dandae
1356 3092 1366 3118 i
1377 3076 1417 3121 ἱπ-

1260 3133 1384 3180 traductio·

1260 3205 1318 3237 nes»
1334 3196 1354 3236 et
1364 3193 1418 3237 vin-

1260 3247 1362 3294 dicanda
1387 3247 1420 3294 u·-

1260 3307 1355 3352 brorum
1364 3320 1418 3352 anc-

1262 3366 1356 3410 toritas.

1294 3493 1324 3539 V.
1333 3491 1370 3537 De
1388 3492 1416 3540 V.

1265 3550 1368 3616 Turtam.
1394 3552 1420 3598 tn

1261 3621 1400 3654 antimum.
