2959 4900
48 470 184 518 Commuta-

25 528 57 574 tio
75 532 120 587 pro
145 530 185 575 in·

19 584 108 645 firmis.

54 800 105 847 Pro
116 802 148 847 lis
196 834 197 839 ,

25 860 66 916 qui
83 861 109 905 in
124 872 185 907 com-

25 920 139 963 munitate

25 974 116 1033 degunt.

43 1081 126 1133 ProO
150 1084 186 1129 cio

23 1143 98 1197 parvo
135 1174 141 1187 .

26 1196 64 1243 Μ.
82 1197 110 1243 V.
123 1212 158 1245 se·

26 1254 124 1300 cundum

26 1313 98 1357 ritum
111 1310 165 1359 FF.

26 1369 177 1419 Praedicato-

26 1440 87 1475 rum.

51 1526 187 1584 exponitur

27 1596 117 1631 occasio
128 1588 148 1629 et

27 1642 91 1687 ratio
115 1638 188 1700 confi·

27 1698 105 1745 ciendi
115 1697 185 1745 Elm-

27 1756 102 1802 chum.

60 2809 181 2856 Revocatis

31 2865 88 2912 aliis
100 2865 176 2913 indul·

29 2927 116 2979 gentile
134 2930 154 2970 et

30 2983 171 3040 privilegiis.

61 3065 192 3118 Deroratr'o

31 3127 165 3176 contrario·

32 3193 92 3226 rum.
137 3177 140 3192 ’

61 3255 120 3301 Dies
127 3258 166 3312 (15

32 3313 82 3359 iun.
94 3316 171 3372 1906).

240 293 299 355 146
459 353 461 357 ,
693 315 875 352 xoxoirxxrx

275 469 300 507 2.
321 448 467 518 Tertiarii,
495 449 523 505 si
548 448 606 505 sint
633 448 743 512 infirmi
767 451 813 507 vel
843 451 1077 508 convalescentes
1102 468 1157 509 nec
1177 453 1337 509 commode

239 520 350 595 possint
362 538 378 577 e
392 522 482 577 domo
495 520 602 592 egredi,
617 520 767 576 recitando
779 521 937 596 quinquies
948 523 1043 579 Pater
1056 534 1086 580 et
1097 524 1165 580 Ave
1179 535 1207 580 et
1220 524 1336 579 orando

240 595 277 650 ad
291 608 420 648 mentem
440 591 555 647 Summi
571 590 730 655 Pontificis,
745 593 852 648 lucrari
866 607 989 719 possunt
1003 596 1120 663 easdem
1134 594 1337 667 Indulgentias

240 664 309 721 acsi
322 663 512 735 personaliter
526 662 688 720 Ecclesiam
700 662 819 720 Ordinis
832 681 867 721 ve
896 666 1035 722 Sodalicii
1058 665 1216 737 visitarent,
1231 665 1337 723 ceteris

239 750 338 791 tamen
351 734 576 792 condicionibus
590 734 765 803 adimpletis.

276 808 302 863 3.
322 805 457 862 Tertiarii
471 806 522 879 qui
536 805 567 861 in
581 805 730 876 collegiis,
752 805 922 862 seminariis
936 806 1060 880 allisque
1072 807 1338 865 communitatibus

240 879 361 951 degunt,
383 876 491 933 lucrari
512 877 610 933 valent
636 877 836 949 Indulgentias
857 878 1010 934 Sodalitati
1032 880 1165 950 proprias
1186 879 1338 952 privatum

240 948 415 1075 Respectqvae
442 949 548 1003 domus
575 949 715 1005 sacellum
748 948 903 1018 visitando,
939 949 1041 1005 ceteris
1073 949 1239 1024 adimpletis
1266 966 1338 1005 con-

262 1037 349 1077 rcronr
371 1036 415 1075 us.
1205 1037 1209 1042 ·

275 1111 303 1161 4.
322 1090 457 1147 Tertiarii
470 1087 772 1157 recitantesOfficium
782 1106 905 1156 parvum
918 1092 952 1147 B.
969 1092 1010 1148 M.
1022 1087 1236 1153 V..secundum
1244 1089 1340 1147 ritum

243 1164 301 1219 FF.
326 1162 573 1235 Praedicatorum,
597 1162 713 1218 easdem
737 1161 938 1233 Indulgentias
961 1162 1121 1225 lucrantur.
1146 1180 1220 1235 quas
1240 1162 1340 1218 lucra·

241 1245 342 1290 rentur
354 1234 378 1288 si
388 1233 461 1289 illud
471 1232 515 1288 uti
526 1246 618 1289 exstat
631 1233 661 1288 in
677 1232 826 1288 Breviario
840 1234 975 1290 Romano
987 1233 1151 1290 recitarent.

710 1379 873 1435 Decxuruu

278 1512 365 1576 Cum,
400 1528 459 1585 per,
492 1514 648 1568 Decretum
685 1511 773 1567 huius
805 1513 835 1567 S.
867 1512 1110 1593 Congregationis
1138 1510 1340 1583 [indulgentiis

242 1583 396 1656 Sacrisque
419 1582 564 1655 'Reliquiis
587 1583 770 1657 praepositae
792 1582 850 1639 diei
881 1584 913 1639 18
931 1584 1000 1639 mlii
1032 1602 1107 1657 ¹90²·
1137 1583 1340 1656 undequaque

241 1654 389 1727 abrogatis
406 1654 543 1711 omnibus
560 1655 752 1726 Indulgentiis
766 1655 873 1727 quibus
884 1649 1020 1711 Tertiarii
1034 1654 1196 1710 saeculares
1209 1653 1340 1709 cuiusvis

242 1726 363 1782 Ordinis
393 1727 432 1781 ob
459 1726 760 1781 communicationem
786 1742 854 1781 cum
887 1726 982 1798 primo
1009 1737 1038 1781 et
1070 1726 1200 1781 secundo
1226 1725 1341 1781 Ordine

242 1798 402 1867 respectivo
424 1796 657 1869 perfruebantur,
683 1797 833 1868 supremis
860 1797 1095 1853 Moderatoribus
1122 1795 1341 1868 Religiosorum

242 1869 390 1925 Ordinum
417 1868 569 1940 proprium
600 1868 734 1924 Tertium
757 1868 899 1924 Ordinem
925 1868 1097 1925 habentium
1124 1869 1341 1941 praescriptum

243 1939 330 1996 suerit
344 1953 376 1995 ut
389 1956 501 1995 novum
522 1940 606 1999 Indul
629 1942 775 1995 entiarum
787 1939 914 1995 indicem
928 1956 981 2013 pro
995 1940 1054 1995 suis
1065 1939 1219 1996 Tertiariis
1233 1940 1340 1994 Saecu-

243 2011 352 2067 laribus
374 2023 581 2083 proponerent,
642 2010 747 2082 agister
769 2010 918 2066 Generalis
941 2011 1060 2067 Ordinis
1087 2010 1339 2077 Praedicatorum‚

231 2083 294 2139 ¹tali
309 2082 448 2137 mandato
463 2083 676 2154 obtemperans,
698 2098 810 2137 novum
824 2082 1004 2154 praedictum
1019 2082 1145 2138 indicem
1166 2080 1339 2151 elaboravit,

243 2154 387 2226 illumque
408 2152 476 2208 huic
491 2153 521 2208 S.
538 2153 767 2225 Congregationi
780 2153 945 2209 humillime
958 2153 1090 2212 subiecit.
1106 2169 1193 2221 quae.
1208 2150 1343 2207 adhibita

243 2226 331 2305 etiam
353 2223 541 2297 quorundam
554 2240 588 2279 ex
608 2224 667 2279 suis
689 2224 916 2281 Consultoribus
936 2240 1036 2297 opera,
1058 2224 1144 2279 illum
1163 2225 1200 2279 ad
1215 2239 1342 2279 examen

243 2307 399 2353 revocavit.

280 2368 370 2422 SSmus
383 2382 451 2421 vero
477 2364 620 2420 Dominus
634 2367 674 2420 N.
692 2365 761 2421 Pius
783 2368 834 2437 Pp.
856 2367 893 2434 X,
908 2367 938 2421 in
960 2364 1108 2421 audientia
1131 2364 1188 2419 diei
1215 2367 1244 2421 13
1265 2363 1344 2419 iunii

249 2440 326 2510 1906,
351 2438 449 2512 audita
468 2437 504 2492 de
516 2437 562 2492 his
585 2437 724 2492 omnibus
736 2437 878 2495 relatione
897 2436 971 2494 facta
983 2438 1020 2493 ab
1044 2436 1229 2510 infrascripto
1250 2435 1341 2492 Card.

248 2509 406 2579 Praefecto,
421 2526 455 2564 ex
481 2509 673 2580 Indulgentiis
692 2509 722 2563 in
737 2527 826 2581 supra
845 2510 997 2584 proposito
1012 2509 1136 2565 elencho
1159 2508 1345 2568 enumeratis

245 2599 303 2648 eas,
324 2597 400 2653 quae
412 2581 484 2635 olim
507 2581 656 2635 Tertiariis
678 2581 786 2636 directe
803 2581 930 2637 tributae
951 2580 1071 2636 fuerunt
1085 2579 1209 2652 benigne
1232 2577 1344 2634 confir-

246 2651 344 2720 mavit,
355 2651 427 2707 alias
440 2668 519 2718 vero,
534 2652 600 2706 loco
614 2669 715 2707 earum
725 2652 832 2719 quibus
842 2653 870 2706 vi
883 2652 1160 2708 communicationis
1172 2650 1345 2722 gaudebant

246 2724 404 2780 clementer
411 2736 453 2779 est
462 2721 600 2789 elargitus
611 2745 618 2793 ;
633 2723 781 2796 simulque
793 2725 942 2779 mandavit
953 2737 986 2778 ut
996 2724 1026 2778 in
1041 2735 1192 2795 posterum
1201 2721 1346 2793 praedicti

247 2795 366 2851 Ordinis
388 2794 656 2850 SodalesTertiarii
678 2795 708 2849 in
728 2795 844 2850 saeculo
859 2795 987 2850 viventes
1009 2811 1111 2850 earum
1131 2792 1344 2848 tantummodo

248 2865 400 2946 participes
421 2866 544 2922 evadant
569 2865 822 2938 Indulgentiarum
844 2865 937 2938 iisque
956 2867 1107 2938 potiantur
1131 2862 1294 2944 Privilegiis
1313 2877 1347 2920 et

249 2938 372 2994 Indultrs
379 2954 455 3010 quae
466 2939 497 2992 in
508 2937 655 3010 praedicto
666 2937 789 2993 elencho
801 2948 998 2993 recensentur.
1010 2938 1108 3005 Quam
1119 2949 1346 2991 concessionem

247 3011 349 3070 eadem
373 3010 516 3064 Sanctitas
538 3008 598 3063 Sua
619 3009 766 3081 perpetuis
789 3027 908 3088 quoque
934 3007 1039 3064 futuris
1062 3007 1244 3081 temporibus
1271 3005 1345 3061 vali-

247 3093 343 3136 turam
358 3096 419 3135 esse
428 3080 520 3135 voluit
530 3080 640 3152 absque
654 3080 716 3134 ulla
731 3080 825 3135 brevis
841 3079 1034 3150 expeditione.

284 3151 444 3206 Contrariis
456 3150 691 3222 quibuscumque
701 3168 763 3206 non
777 3151 972 3209 obstantibus,

288 3225 394 3277 Datum
424 3223 533 3277 Romae
556 3237 572 3277 e
599 3221 760 3278 Secretaria
785 3223 915 3278 eiusdem
942 3223 973 3277 S.
1006 3220 1261 3293 congregationis,
1295 3218 1347 3275 die
1383 3227 1387 3236 '

253 3294 371 3350 iiiunii
388 3295 467 3365 1906.

771 3366 808 3419 A.
829 3364 915 3420 Card.
935 3364 1070 3436 Tinea,
1090 3362 1198 3433 Praef.

676 3448 717 3504 D.
739 3448 858 3517 Paniai,
879 3448 1022 3522 Archiep.
1042 3446 1169 3503 Laodie.
1193 3446 1306 3502 Secret.

683 3595 914 3673 Auuornrroxrs

289 3735 311 3772 1.
334 3717 368 3770 ln
380 3714 562 3787 generalibus
582 3715 716 3771 Comitiis
739 3716 769 3771 15
790 3715 842 3772 iul.
860 3714 939 3788 1903,
956 3713 1012 3769 Emi
1026 3715 1125 3768 Patres
1148 3712 1256 3785 quibus
1273 3728 1350 3768 con-

249 3786 379 3844 stituitur
406 3789 435 3842 S.
468 3788 578 3858 Congr.
607 3787 860 3858 Indulgentiarum
887 3799 915 3842 et
944 3786 997 3841 SS.
1025 3784 1239 3857 Reliquiarum,
1267 3782 1351 3864 hanc

215 3883 217 3888 ’
250 3871 429 3984 aperuerunt
438 3871 577 3923 mentem,
589 3870 622 3913 ut
633 3858 790 3938 Generales
801 3874 930 3930 quorum
942 3858 1062 3913 interest
1072 3857 1101 3912 S.
1115 3857 1351 3927 Congregatronr

249 3931 406 3986 eenchum
430 3930 600 3984 exhiberent
627 3929 876 4001 indulgentiarum
904 3945 978 3999 quas
1011 3945 1064 3983 suo
1091 3927 1217 3999 quisque
1242 3925 1350 3981 Tertio

251 4002 354 4058 Ordini
378 4001 519 4056 saeculari
532 4001 665 4056 obtinere
678 4015 797 4074 cuperet
812 4014 832 4055 1.
853 4000 950 4067 Quod.
971 4016 1040 4054 cum
1060 4010 1134 4054 esset
1153 3995 1351 4053 sanctissimo

237 4074 417 4146 probatum,
446 4074 520 4126 ΗΜ
546 4073 578 4126 P.
604 4073 756 4128 Generalis
782 4071 902 4127 Ordinis
927 4072 1063 4126 Fratrum
1093 4069 1349 4136 Praedicatorum,

283 4291 290 4324 ¹
306 4290 361 4336 Cir.
375 4290 532 4344 Decretum,
544 4277 708 4344 Pnutourcx,
720 4300 748 4334 n.
765 4293 811 4343 12,
825 4290 845 4334 t.
857 4303 878 4343 1,
890 4300 918 4345 p.
929 4293 965 4342 ³7·
