2959 4900
209 362 446 399 coumurrrrortrs
462 369 472 396 r
488 364 654 401 rrrurouurr
670 370 692 410 ι,
708 365 775 403 Ροετ
791 366 867 402 ruse.
886 368 912 410 17
928 366 1009 402 rnna.
1028 363 1084 413 1906
1150 344 1186 411 91

146 522 160 559 a
182 496 266 584 Sed,
280 498 385 567 etiam
400 498 428 567 si
441 501 585 589 supplex
598 500 736 568 libellus
755 500 908 569 Romam
925 501 1054 569 missus
1070 522 1188 572 aveto

95 586 210 675 perito
233 588 403 677 perlectus
425 588 525 675 foret,
543 589 745 678 saepissime
768 590 937 658 accideret
964 604 1002 657 ut
1030 588 1188 659 eiusdem

95 677 282 762 responsio
298 677 408 744 serius
423 678 611 745 adveniret.
637 678 746 745 Valor
761 680 856 747 enim
873 678 1056 747 titulorum
1073 680 1188 768 sequi·

94 778 153 831 tur
164 765 275 833 varias
287 787 405 833 rerum
417 768 638 854 politicarum
651 780 684 835 et
696 770 1004 837 oeconomicarutn
1016 769 1186 853 fortunar,
1268 838 1269 841 ,

95 853 192 920 unde
230 875 331 943 saepe
370 854 441 940 fiet,
481 870 520 924 ut
553 870 751 945 opportuna
784 858 1022 925 commutandi
1051 858 1188 926 occasio

94 963 224 1029 paucas
246 951 325 1033 post
345 945 449 1012 horas
469 944 540 1013 iarn
560 946 749 1013 evanuerit.
776 946 884 1035 Erg0,
903 967 943 1013 ex
963 967 1005 1013 eo
1026 946 1122 1036 quod
1144 948 1186 1014 ad

96 1030 136 1100 S.
163 1031 293 1100 Sedem
318 1054 490 1101 recurrere
517 1034 666 1101 debeant
688 1035 713 1101 ii
743 1037 803 1123 qui
828 1048 1044 1103 commutare
1069 1036 1188 1103 titulos

94 1120 216 1195 velint,
234 1121 405 1197 damnum
421 1125 500 1211 plus
516 1123 677 1191 minusve
692 1146 796 1213 grave
812 1124 894 1191 inde
911 1126 1097 1212 patientur.

144 1236 157 1271 r
179 1208 323 1278 Orietur
334 1211 439 1280 etiam
455 1233 593 1280 summa
610 1213 769 1281 molestia
785 1227 818 1281 et
833 1212 1023 1282 fastidium.
1045 1214 1186 1281 Etenim
1274 1240 1278 1250 ¹

93 1299 281 1367 necessitas
296 1300 496 1368 recurrendi
513 1302 556 1369 ad
569 1302 724 1389 aliquam
737 1301 1057 1392 Congregationem
1073 1324 1188 1372 roma·
1223 1338 1224 1341 ¹

93 1408 179 1455 nam
195 1402 234 1455 ut
250 1390 446 1457 obtineatur
462 1389 732 1477 beneplacitum,
757 1412 922 1478 personas
943 1391 1187 1460 ecclesiasticas

92 1495 234 1565 cogeret
250 1478 468 1546 manifestare
485 1479 652 1568 paulatim
673 1479 895 1568 officialibus,
914 1481 1187 1549 amanuensibus

93 1564 255 1633 eiusdem
284 1566 575 1657 Congregationis
607 1583 640 1635 et
671 1570 920 1657 «agentibus»
956 1569 1184 1656 intermediis,

93 1655 216 1742 quales
232 1676 270 1722 ac
287 1673 373 1744 quot
388 1657 508 1724 titulos
523 1658 699 1724 contineat
714 1680 837 1725 earum
854 1680 942 1726 arca.
973 1658 1090 1726 Immo
1107 1660 1187 1747 quis

91 1742 269 1811 affirmare
281 1746 371 1812 ausit
382 1745 456 1813 fore
469 1760 506 1815 ut
518 1746 555 1818 in
568 1746 648 1814 sinu
661 1748 953 1836 Congregationis
965 1749 1185 1817 reconditum

92 1847 234 1900 maneat
249 1848 420 1902 secretum
442 1856 567 1902 eorum
588 1836 843 1925 negotiorum?
874 1837 968 1903 Inter
989 1837 1084 1904 enim
1108 1835 1185 1904 offi-

91 1920 198 1989 ciales
213 1921 395 1991 inferiores
412 1922 449 1993 S.
469 1924 760 2013 Congregationis
781 1925 944 1993 homines
959 1926 1185 1993 inveniuntur

91 2010 308 2098 quandoque
328 2013 468 2080 alterius
492 2014 612 2081 secreti
637 2029 669 2080 et
690 2014 830 2103 linguae
858 2016 1016 2103 propriae
1037 2014 1185 2083 minime

90 2116 243 2186 tenaceS,
260 2121 305 2168 ne
321 2101 406 2191 quid
422 2102 522 2190 peius
538 2102 706 2171 dicamus.
734 2103 821 2170 Inde
843 2103 1009 2172 omnibus
1026 2103 1185 2192 personis

91 2188 333 2257 ecclesiasticis
349 2191 508 2259 molestia
524 2205 558 2258 et
573 2214 646 2260 non
661 2192 770 2260 nullis
786 2193 905 2260 damni
923 2193 1130 2279 periculum.

116 2302 154 2353 ,r
176 2276 325 2346 Videtur
344 2301 427 2369 ergo
451 2302 551 2348 mens
574 2281 748 2350 Ecclesiae
771 2303 844 2349 non
870 2284 1023 2371 potuisse
1049 2295 1183 2349 esseut

90 2365 355 2455 beneplacitum
378 2369 575 2460 requiratur
598 2370 641 2438 ad
667 2371 937 2440 commutandos
957 2370 1078 2439 titulos
1099 2393 1183 2437 ano·

90 2477 234 2544 nymos.
257 2482 293 2544 r,

139 2545 278 2613 Rursus
298 2562 415 2615 tamen
443 2549 624 2636 responsio
656 2573 694 2639 17
716 2550 802 2617 febr.
835 2551 918 2639 1906
951 2549 1062 2617 multo
1090 2571 1182 2618 seve·

91 2634 161 2701 rior
187 2635 334 2704 videtur.
354 2643 556 2728 Quaeritur
571 2660 668 2728 ergo,
694 2660 739 2706 an
755 2638 910 2726 prudens
926 2639 1183 2707 administrator

91 2721 215 2791 debeat
239 2745 276 2792 se
299 2727 568 2795 considerarent
591 2728 737 2817 ligatum
760 2728 819 2796 tali
842 2728 980 2795 decreto
1002 2742 1183 2816 tamquam

92 2813 254 2901 lege-sibi
271 2815 464 2902 imposita?
707 2870 709 2872 -

134 2902 251 2986 Resp.
281 2903 394 2972 Grave
421 2907 458 2972 in
486 2905 646 2994 pluribus
670 2927 710 2972 ex
733 2905 788 2972 his
812 2903 1007 2973 rationibus
1033 2912 1042 2946 ¹
1068 2903 1181 2970 inesse

92 2992 243 3080 pondus,
261 3015 335 3061 non
347 2994 482 3062 videtur
494 2995 613 3085 negari
626 3015 727 3082 posse
744 3001 770 3062 ².

135 3083 251 3171 Atque
266 3082 386 3169 addas,
403 3083 446 3153 ab
463 3084 537 3172 ipsa
556 3083 593 3152 S.
614 3083 883 3152 Paenitentiaria
906 3081 1093 3172 benignius
1110 3082 1181 3148 iam

94 3187 164 3238 esse
175 3191 398 3260 responsum.
417 3173 471 3239 Ad
488 3173 643 3261 quaesita
655 3172 750 3240 enim
771 3173 825 3240 111.
843 3172 1007 3261 Episcopi
1026 3170 1181 3240 Conver-

93 3261 164 3327 sani
181 3265 207 3348 ³,
226 3261 293 3328 hoc
310 3261 418 3329 modo
434 3263 625 3351 respondit,
645 3261 847 3332 25ianuarii
869 3260 952 3328 1888
971 3289 978 3328 :
1003 3260 1070 3329 «S.
1094 3261 1180 3326 Pae·

93 3346 288 3417 nitentiaria
304 3351 491 3419 venerabili
508 3352 544 3418 in
563 3351 703 3419 Christo
722 3351 816 3418 Patri
837 3351 1012 3439 Episcopo
1038 3347 1177 3417 Oratori

123 3627 206 3674 lNon
222 3627 358 3674 tamenin
382 3627 519 3676 omnibus.
536 3626 610 3688 Quia
625 3627 698 3674 enim
714 3627 743 3673 in
766 3627 870 3686 urgenti
895 3639 960 3673 casu
975 3624 1178 3685 beneplacitum

93 3693 272 3749 apostolicum
284 3706 338 3740 non
348 3699 389 3740 est
399 3695 555 3752 petendum,
567 3706 621 3739 non
633 3699 689 3739 tam
699 3705 781 3751 grave
792 3706 824 3739 ex
835 3705 910 3738 mora
921 3691 1028 3738 videtur
1039 3693 1177 3750 pertimes-

94 3757 207 3805 cendum
218 3759 360 3806 damnum.

123 3825 232 3871 ²Nemo
243 3833 329 3885 negat
338 3831 459 3873 recentes
477 3826 538 3872 illas
555 3823 733 3872 resolutiones
751 3837 804 3870 non
821 3823 901 3870 facile
918 3823 1090 3872 exsecutione
1105 3839 1179 3872 com·

93 3889 160 3946 pleri
171 3903 258 3948 posse.
271 3892 362 3951 Quam
373 3897 403 3939 ut
412 3892 518 3939 minuat
526 3889 722 3944 difficultatem,
735 3890 851 3949 scriptor
860 3891 882 3938 1.
896 3890 926 3936 B.
944 3889 1076 3948 periodici
1092 3889 1177 3940 libelli

94 3954 190 4004 Ruvutr
199 3959 302 4004 Trarion.
322 3970 434 4022 rnarvp„
454 3971 508 4004 non
519 3971 582 4004 eum
600 3954 754 4014 reprobarit
773 3957 819 4016 qui
838 3954 890 4002 sibi
910 3955 992 4002 licere
1002 3955 1136 4005 existimet
1148 3963 1177 4006 ut

92 4020 174 4069 etiam
190 4025 281 4082 plures
301 4023 382 4070 simul
400 4029 547 4071 commutet
565 4024 657 4070 titulos
668 4022 715 4082 qui
734 4022 832 4082 singuli
851 4023 942 4069 valore
959 4021 1089 4070 haereant
1107 4023 1177 4072 infra

92 4087 166 4134 mille
182 4088 298 4137 libellas
321 4089 448 4148 Singulos
468 4090 541 4137 enim
561 4097 627 4136 tunc
647 4102 701 4136 non
721 4103 779 4136 esse
795 4089 864 4135 inter
879 4088 1019 4146 pretiosos,
1037 4103 1087 4136 nec
1103 4098 1177 4138 certo

94 4160 215 4203 constare
224 4155 334 4203 eosdem
344 4169 402 4204 esse
412 4156 494 4204 simul
502 4170 549 4203 seu
561 4155 702 4203 collective
712 4154 904 4209 aestimandos,
917 4167 948 4200 eo
960 4154 1034 4214 quod
1044 4155 1080 4202 ad
1091 4169 1175 4204 unum

93 4219 218 4280 idemque
234 4222 388 4282 pertineant
409 4223 540 4271 scrinium
559 4221 725 4282 (porteseuillel.
749 4223 848 4269 anurr
867 4223 970 4269 radon.
993 4234 1093 4285 rnanp.
1115 4230 1134 4270 t.
1150 4242 1174 4270 11

91 4288 205 4345 (190t'rlp.
217 4293 266 4335 350.

123 4351 135 4386 3
148 4352 301 4411 ΜοΝΙΤοκΕ,
314 4360 333 4402 t.
348 4363 374 4402 16
384 4359 469 4414 (1904),
481 4371 508 4415 p.
520 4363 573 4412 418.
