2959 4900
567 357 653 404 nubta
669 359 754 403 raam
1186 335 1205 405 9

119 501 299 590 postulans
323 503 413 571 duos
436 503 490 571 vel
513 516 583 570 tres
604 503 679 571 dies
702 503 740 571 in
757 501 894 572 saeculo
911 515 1148 570 commoratus
1163 499 1207 569 sit

119 592 252 659 solutus
268 594 356 661 votis
374 593 504 678 quibus
520 592 558 659 in
575 595 643 660 alio
664 593 830 661 instituto
847 609 918 661 erat
934 592 1119 660 astrictus?

164 681 208 749 R.
226 680 266 750 Si
285 683 461 750 verbalem
478 703 592 750 serves
608 683 761 770 rigorem
778 683 937 772 responsi
955 679 992 750 S.
1012 681 1208 770 Congrega·

118 769 224 838 tionis
237 770 323 856 (Ch.
340 786 364 840 t.
385 795 413 858 1,
430 795 465 841 n.
482 795 556 860 171,
569 787 594 840 t.
611 795 643 858 2,
658 795 690 840 n.
708 772 830 860 sats),
845 794 925 840 cum
938 772 1118 861 postulans
1130 786 1207 838 actu

119 881 191 927 non
209 861 311 950 degat
322 862 361 928 in
375 863 492 950 priore
510 862 686 949 Instituto‚
700 862 866 950 petendas
882 861 1008 929 dixeris
1025 860 1152 928 litteras
1164 859 1208 926 ab

120 948 309 1018 Ordinario
343 951 422 1020 loci.
459 951 704 1019 Nihilominus
743 973 848 1039 parva
881 953 946 1020 ista
977 949 1208 1018 commoratio

119 1053 211 1107 extra
242 1040 392 1107 claustra
422 1040 558 1108 videtur
585 1040 663 1108 talis
695 1040 732 1108 in
764 1062 872 1130 quam
902 1040 1001 1108 cadat
1027 1039 1209 1128 vulgatum

119 1127 210 1195 istud
228 1155 240 1192 a
256 1142 381 1217 parum
394 1151 458 1218 pro
471 1129 583 1198 nihilo
596 1144 814 1218 reputaturi.
827 1133 903 1198 Nec
915 1130 1043 1219 sperari
1057 1131 1209 1218 plerum·

119 1229 188 1301 que
215 1233 328 1309 potest
355 1237 511 1287 accurata
539 1240 661 1296 causae
690 1220 843 1308 cognitio
876 1219 941 1287 nisi
969 1241 990 1287 a
1022 1216 1210 1306 Superiora

121 1306 281 1375 Generali
310 1309 365 1376 vel
400 1308 610 1376 Provinciali
646 1308 799 1378 Instituti
831 1309 874 1376 ad
902 1330 1010 1396 quam
1042 1307 1211 1397 pertinuit

119 1397 315 1487 religiosus,
331 1396 386 1464 Ab
400 1397 452 1464 his
465 1399 581 1486 itaque
594 1396 756 1464 videntur
768 1399 899 1466 litterae
912 1396 1079 1486 postulari
1093 1418 1206 1486 posse.

164 1517 196 1563 2.
226 1494 263 1564 Si
277 1494 357 1563 ideo
370 1495 413 1562 ab
434 1495 611 1586 Episcopo
627 1509 799 1584 negantur
813 1495 943 1563 litterae
960 1495 1211 1564 testimoniales
1240 1576 1242 1579 ¹

118 1585 202 1671 quia
234 1586 414 1673 postulans
446 1585 511 1671 ipsi
539 1583 686 1652 minime
719 1600 770 1650 est
800 1601 930 1666 notus‚·
954 1586 1052 1668 vult.
1076 1600 1211 1667 praeter

118 1689 241 1759 cetera,
261 1672 299 1744 S.
319 1674 566 1764 Congregati0,
592 1690 629 1740 ut
654 1673 861 1761 priusquam
887 1674 1010 1740 induat
1037 1674 1208 1754 habitum,

119 1765 303 1852 postulans
320 1785 382 1855 per
397 1780 465 1832 tres
482 1784 621 1832 menses
644 1763 682 1829 in
709 1780 884 1831 conventu
911 1763 1091 1851 probetur.
1122 1763 1209 1849 (Cl'r.

118 1867 144 1922 t.
165 1875 199 1939 2,
228 1875 265 1922 n.
285 1853 442 1940 32,A‚3.)
460 1852 557 1938 Quid
582 1867 700 1920 autem
727 1853 756 1919 si
784 1869 906 1940 agatur
931 1852 975 1919 de
1002 1852 1127 1920 iuvene
1151 1853 1211 1941 qui

120 1941 158 2010 in
175 1942 295 2010 schola
312 1941 502 2031 apostolica
521 1940 667 2010 Ordinis
684 1943 820 2010 alatur?

166 2031 212 2100 R.
239 2031 334 2100 Cum
362 2048 431 2099 tam
459 2031 549 2098 bene
581 2045 687 2098 notus
714 2031 759 2098 sit
791 2029 1052 2121 Superioribus,
1077 2031 1212 2100 videtur

119 2120 287 2189 trimestri
304 2121 360 2190 illa
379 2121 587 2210 probatione
604 2120 820 2208 supersederi
838 2142 950 2206 posse.

167 2221 181 2288 I
191 2222 219 2289 Ι.
246 2222 301 2289 De
324 2221 539 2290 Monialibus
570 2221 684 2288 Gallia
696 2221 810 2312 pulsis
826 2244 913 2312 quae
930 2223 963 2289 in
980 2223 1086 2290 Italia
1101 2223 1213 2290 sedem

113 2319 265 2399 ponunt.

168 2400 212 2468 In
229 2399 342 2470 Gallia
365 2401 463 2471 nulla
490 2400 698 2470 monialium
726 2419 805 2470 vota
832 2400 903 2469 iam
927 2419 1009 2470 sunt
1031 2401 1215 2471 sollemnia

121 2490 211 2575 (cfr.
241 2490 343 2577 dicta,
372 2507 396 2558 t.
428 2516 456 2565 ι,
486 2514 522 2559 n.
542 2496 609 2577 86).
642 2492 774 2560 Contra
801 2512 884 2559 vero
908 2491 945 2559 in
977 2491 1086 2561 ltalia.
1118 2493 1214 2579 Quid

121 2602 241 2669 porro,
259 2580 304 2648 de
331 2580 545 2650 monialibus
573 2581 779 2670 antiquioris
797 2580 942 2650 Ordinis
966 2603 1070 2670 quae,
1096 2585 1216 2671 pulsae

122 2669 250 2758 Gallia,
269 2669 307 2737 in
334 2669 470 2739 Italiam
488 2670 727 2759 demigrarint.
750 2671 850 2737 Num
868 2670 905 2736 in
921 2670 1019 2738 ltalia
1036 2671 1120 2762 ipsis
1136 2687 1217 2740 sunt

120 2758 309 2827 sollemnia
323 2773 404 2827 vota
419 2760 600 2827 restituta?
705 2832 708 2837 ,

169 2848 215 2919 R.
243 2847 414 2935 Quamdiu
430 2864 508 2915 vota
524 2849 655 2917 faciunt
671 2863 837 2936 tanquam
857 2846 1002 2916 Sorores
1025 2864 1217 2918 conventus

121 2958 195 3027 quo
223 2936 261 3004 in
289 2936 403 3005 Gallia
432 2938 668 3026 potiebantur,
702 2930 866 3017 votorum
901 2938 1049 3025 qualitas
1083 2954 1217 3007 mutato

121 3027 220 3095 caelo
232 3048 307 3094 non
320 3025 479 3096 afficitur.
497 3026 534 3095 Si
550 3048 630 3095 vero
643 3027 798 3115 profiteri
816 3028 993 3115 coeperint
1008 3042 1047 3096 ut
1063 3028 1219 3096 addictae

122 3136 236 3185 novae
249 3114 372 3183 domui
385 3116 423 3182 in
438 3115 548 3205 Italia,
563 3116 788 3185 sollemnitati
802 3131 967 3184 votorum
983 3117 1072 3184 nihil
1083 3117 1219 3185 videtur

122 3206 278 3293 obstare,
296 3204 493 3273 dummodo
522 3226 581 3273 eae
605 3206 836 3273 adhibeantur
852 3206 1103 3275 sollemnitates
1130 3228 1219 3295 quae

122 3294 166 3362 ad
194 3295 393 3363 clausuram
409 3294 627 3383 pontificiam
651 3295 887 3362 inducendam
910 3297 984 3361 iure
1001 3298 1052 3363 vel
1078 3317 1219 3364 consue·

121 3382 248 3452 tudine
265 3399 348 3451 sunt
364 3383 549 3472 requisitae
568 3384 653 3469 (Cir.
673 3398 697 3451 t.
723 3408 751 3469 r,
769 3406 805 3452 n.
823 3408 900 3470 310,
919 3390 964 3469 2).

174 3487 249 3555 ΙΙΙ.
275 3488 331 3554 De
358 3487 546 3555 Ordinibus
570 3488 630 3578 qui
652 3488 874 3578 excipiuntur
898 3488 1041 3556 decretis
1068 3487 1219 3556 Clemen-

125 3577 172 3645 tis
195 3575 304 3647 VIII.
1218 3654 1221 3662 ,

164 3666 393 3751 latomos,
419 3689 453 3754 p.
473 3668 530 3755 62,
560 3688 595 3735 n.
623 3692 656 3757 7,
686 3667 840 3734 diximus
856 3667 1116 3756 exemptionem
1142 3689 1218 3757 quo·

123 3754 280 3824 rendam
298 3754 478 3824 Ordinum
495 3777 569 3823 esse
582 3756 757 3825 firmatam
775 3756 912 3824 decreto
931 3779 949 3823 2
966 3771 1033 3825 oct.
1054 3757 1147 3846 1698.
1171 3756 1219 3823 Hi

127 3844 287 3913 Ordines
304 3845 448 3933 quinam
467 3845 575 3913 sunt?
602 3846 629 3913 li
656 3845 716 3934 qui
746 3860 974 3914 numerantur
998 3847 1035 3912 in
1062 3846 1103 3914 C.
1133 3845 1221 3913 Sen-

124 3934 317 4019 ctissimus,
336 3934 494 4002 eiusdem
521 3934 704 4003 Pontificis
729 3934 919 4003 Clementis
935 3935 984 4002 Vl
997 3935 1045 4021 ΙΙ,
1072 3950 1221 4025 suntque

125 4022 273 4091 indicati
298 4044 317 4091 a
345 4022 461 4111 nobis,
479 4045 513 4112 p.
533 4025 590 4111 60,
610 4047 641 4093 a.

179 4122 242 4195 IV.
267 4124 323 4191 De
339 4124 548 4192 auctoritate
560 4126 701 4215 capituli
715 4134 748 4193 et
763 4101 963 4217 Superioris
978 4125 1220 4196 Provincialis.

178 4212 215 4280 Si
248 4214 441 4301 capitulum
465 4214 676 4303 provinciale
707 4216 844 4283 decreta
874 4215 961 4282 ferre
993 4216 1221 4305 permittatur,

125 4301 241 4372 eritne
256 4303 323 4393 ipsi
338 4302 518 4393 Superiori
538 4303 750 4373 Provinciali
768 4304 950 4394 superior?
