2959 4900
79 291 191 367 [ll-79]
219 316 421 353 raincoiinioit.
436 317 457 352 s.
474 318 519 354 rii.
535 318 636 355 ruivii.
653 319 783 356 couiruiv.
799 320 916 356 innuis.
932 320 956 357 s.
972 318 1101 355 noitiittcr
1127 294 1165 356 l'l

316 474 385 561 78.
407 527 449 538 -
471 489 747 560 secretariis
770 490 928 562 stitus

186 662 406 747 INDHLWM,
424 664 484 719 EX
497 663 723 721 avaritiam
741 664 825 732 SSml,
845 666 866 721 3
882 666 956 721 wit
972 667 1054 723 1905

129 810 326 887 Prlvllegia
344 815 493 872 alterins
512 816 700 873 societatis
718 788 1024 876 communicantur
1041 833 1120 878 cnm

276 898 449 957 Societati
467 899 567 958 Imm.
587 901 689 959 conc.
709 916 732 959 a
750 902 971 961 Nomismate
1104 914 1106 919 ·

111 1054 359 1140 Archiepiscopus
377 1071 405 1116 et
428 1060 565 1133 Episcopi
588 1060 729 1117 Poloniae
750 1060 834 1119 enixe
855 1075 959 1137 rogant
981 1064 1169 1121 Sanctitatein

77 1125 184 1195 Tuam,
198 1140 233 1181 ut
247 1129 384 1187 Societati
400 1132 607 1188 Immaculatae
627 1132 832 1206 Conceptionis
846 1152 862 1189 a
875 1137 965 1192 Sacro
985 1136 1170 1194 Numismate

78 1196 195 1252 easdem
212 1200 413 1273 Indulgentias
426 1214 515 1276 atque
527 1204 629 1259 eadem
638 1203 788 1276 privilegia
800 1206 869 1261 velit
877 1207 1047 1278 concedere,
1062 1207 1169 1279 quibus

78 1267 191 1392 {inmet-
213 1271 342 1354 Societas
370 1292 387 1329 a
414 1274 565 1356 Scapulari
594 1276 801 1352 Immaculatae
828 1278 1035 1351 Conceptionis
1062 1280 1096 1336 B.
1125 1279 1167 1336 M.

104 1356 208 1478 128?qu
211 1384 344 1483 adientia
356 1428 435 1484 ssmt
447 1428 496 1484 die
507 1431 528 1485 3
540 1429 617 1485 iunii
624 1447 655 1487 a.
669 1431 755 1500 1905..

99 1504 304 1589 ‘Beatissimae
320 1512 404 1567 Pater
425 1528 532 1584 preces,
559 1530 634 1585 quae
649 1530 737 1585 supra
759 1513 940 1584 exhibentur,
957 1514 1083 1589 benigne
1094 1515 1169 1573 exci-

79 1590 171 1654 piens,
182 1589 306 1657 petitam
319 1582 442 1653 gratiam
455 1582 602 1657 impertire
615 1584 815 1657 dignatusest,
830 1602 864 1641 ea
875 1598 973 1642 tamen
986 1588 1058 1659 lege,
1072 1601 1104 1644 ut
1117 1587 1169 1662 qui

79 1663 109 1701 in
121 1647 299 1707 Societatem
313 1654 520 1713 Immaculatae
534 1656 741 1729 Conceptionis
753 1675 770 1712 a
784 1658 872 1713 Sacro
886 1659 1070 1715 Numismate
1082 1676 1169 1732 coop-

79 1728 187 1789 tantur,
204 1738 308 1777 eorum
319 1726 441 1781 nomina
455 1726 487 1782 in
500 1727 641 1799 Catalogo
653 1727 859 1784 inscribantur.

115 1804 226 1861 Datum
236 1824 252 1864 e
262 1808 421 1865 secretaria
431 1811 538 1881 Status,
553 1811 609 1881 die,
625 1828 725 1868 mense
739 1824 768 1868 et
780 1828 859 1867 anno
872 1812 1053 1885 supradictis.

694 1896 728 1951 R.
750 1896 836 1952 Card.
858 1896 968 1951 Maniai
987 1914 1041 1951 nni
1058 1896 1132 1952 Viii.

394 2179 462 2266 79.
490 2232 532 2243 -
556 2192 619 2265 ss.
643 2194 679 2262 u.
704 2194 741 2261 ii.
766 2194 861 2265 rii

443 2364 580 2420 BRBVE
598 2366 616 2420 7
634 2365 713 2420 ivit.
733 2367 816 2421 1905

84 2515 338 2604 indulgentiae
355 2530 420 2588 pto
439 2517 820 2657 oelegr⁸g⁰ffini⁵·fer'
841 2529 924 2586 ψ
942 2517 979 2574 ln
1000 2517 1173 2574 honorem

544 2644 549 2655 .
604 2615 626 2656 o
715 2615 749 2656 m

117 2761 205 2830 Cum,
219 2759 304 2816 sicuti
318 2761 493 2835 accepimus,
508 2779 525 2816 a
538 2760 674 2836 fidelibus
688 2778 721 2816 ac
731 2762 902 2834 praesertim
916 2761 1043 2818 alumnis
1056 2759 1174 2818 Ordinis

87 2832 115 2886 S.
133 2831 294 2901 Dominici,
316 2833 383 2905 piae
402 2831 622 2888 exercitationes
636 2849 671 2888 ac
685 2833 912 2906 supplicationes
933 2849 984 2904 per
1007 2832 1175 2905 quindecim

85 2901 170 2960 ferias
182 2903 284 2960 tertias
297 2903 402 2959 festum
418 2905 447 2962 S.
465 2904 557 2959 Patris
571 2903 696 2976 Legiferi
718 2904 865 2960 Dominici
881 2903 1062 2960 Confessoris
1075 2903 1175 2960 imme·

85 2974 160 3031 diate
189 2975 395 3031 antecedentes
426 2974 488 3030 fieri
520 2976 655 3045 soleant;
691 2977 763 3045 Nos,
791 2977 828 3031 acl
854 2976 1018 3048 augendam
1044 2974 1176 3029 fidelium

84 3046 260 3118 religionem
273 3046 499 3121 animarumque
514 3047 637 3102 salutem
657 3049 873 3120 procurandam
886 3045 1058 3103 caelestibus
1078 3045 1176 3101 Eccle-

86 3118 143 3173 siae
169 3118 315 3174 thesauris
342 3118 455 3186 intenti,
480 3117 617 3173 omnibus
642 3118 795 3192 utriusque
823 3134 908 3174 sexus
932 3116 1176 3173 christifidelibus

86 3205 151 3245 vere
165 3189 386 3262 paenitentibus
400 3201 428 3245 et
448 3188 597 3256 confessis,
612 3205 646 3244 ac
659 3206 740 3245 sacra
753 3188 964 3246 communione
978 3187 1101 3258 refectis,
1126 3187 1177 3260 qui

86 3260 188 3316 saltem
212 3260 304 3317 octies
324 3260 380 3386 piis
402 3261 570 3316 huiusmodi
593 3260 734 3316 exercitiis
756 3278 789 3317 ac
811 3260 1072 3343 supplicationibus
1096 3276 1177 3314 vaca·

88 3331 190 3399 verint,
220 3345 249 3388 et
274 3332 425 3388 eccesiam
447 3331 499 3387 ubi
523 3343 702 3388 memoratae
730 3332 951 3389 exercitationes
978 3331 1050 3388 fient
1075 3332 1177 3386 devote

87 3402 277 3471 visitaverint,
300 3404 400 3476 ibique
413 3420 466 3475 pro
487 3402 712 3459 christianorum
731 3404 897 3478 principum
919 3401 1086 3465 concordia,
1110 3401 1177 3457 hae·

86 3490 185 3530 restim
198 3472 415 3550 exstirpatione,
447 3486 612 3530 eccatorum
625 3476 814 3532 conversione
827 3493 860 3532 ac
871 3476 901 3533 S.
914 3475 1016 3531 Matris
1032 3472 1177 3528 Ecclesiae

86 3546 266 3603 exaltatione
284 3547 347 3621 pias
370 3547 407 3602 ad
455 3563 522 3601 eum
545 3562 644 3618 preces
668 3545 833 3616 effuderint,
856 3546 1018 3622 plenariam
1044 3544 1178 3600 omnium

87 3631 279 3687 peccatorum
293 3635 416 3674 suorum
429 3616 640 3689 indulgentiam
655 3629 682 3673 et
695 3618 896 3675 remissionem
909 3615 1133 3674 misericorditer
1147 3614 1178 3669 iri

88 3688 222 3745 Domino
242 3690 441 3748 concedimus.
458 3691 608 3743 Praeterea
623 3688 759 3745 fidelibus
773 3689 875 3746 iisdem
894 3690 981 3745 corde
995 3689 1097 3744 saltem
1110 3703 1177 3741 ron-

87 3758 172 3829 tritis,
188 3778 249 3841 qua
261 3761 324 3817 vice
336 3759 471 3833 praefatis
484 3759 627 3815 exercitiis
640 3776 761 3843 operam
773 3760 978 3833 impenderint,
1000 3760 1040 3814 de
1054 3773 1177 3837 numero

87 3833 261 3957 psoenalium
275 3833 390 3888 dierum
404 3831 435 3886 in
448 3830 543 3886 forma
557 3832 703 3888 Ecclesiae
715 3831 799 3888 solita
818 3834 959 3887 ducentos
973 3845 1176 3908 expungimus.

1251 1082 1371 1133 Oratores.

1245 1156 1379 1203 Potitum.
1457 1220 1458 1225 1

1252 1352 1311 1400 Dies
1319 1367 1362 1401 aa·

1222 1408 1323 1458 diuitiae
1333 1413 1360 1469 (3

1222 1470 1363 1575 am

1223 1588 1362 1643 turgratia.

1223 1645 1277 1693 ditm
1287 1644 1374 1693 inscri-

1223 1705 1359 1770 baniurae-

1222 1774 1298 1809 mina.

1153 1863 1157 1873 ,
1251 1818 1384 1878 Diesprac-

1223 1873 1297 1924 dicta.

1251 2787 1388 2857 ¹(invitassiti-

1227 2860 1266 2894 ms
1278 2858 1376 2893 occasio.

1259 2996 1294 3044 Et
1303 2996 1377 3042 ratio.

1258 3146 1380 3194 indultum

1230 3204 1385 3264 indulgentia·

1230 3277 1290 3312 rum.

115 3903 228 3959 andem
248 3903 390 3985 largimur
415 3902 548 3959 fidelibus
561 3902 673 3970 iisdem,
688 3914 721 3957 ut
739 3903 763 3958 si
775 3903 888 3971 malint,
904 3901 988 3957 liceat
1002 3903 1131 3976 plenaria
1145 3917 1178 3954 ac
1260 3959 1261 3962 ,

87 3974 262 4046 partialibus
274 3975 320 4030 his
332 3974 521 4047 indulgentiis
530 3973 699 4030 functorum
709 3974 767 4029 vita
776 3975 855 4030 labes
870 3989 1038 4048 poenasque
1051 3989 1085 4027 ex
1107 3970 1176 4026 iare.

91 4046 256 4102 Contrariis
269 4063 331 4102 non
346 4045 530 4102 obstantibus
543 4045 787 4117 quibuscumque.
807 4044 1009 4101 Praesentibus
1029 4043 1067 4098 ad
1097 4058 1178 4097 ecen·

88 4115 173 4173 nium
187 4129 304 4174 tanturn
316 4117 457 4175 valituris.
477 4117 625 4172 Volumus
638 4130 736 4172 autem
750 4129 782 4172 ut
800 4115 999 4190 praesentium
1017 4114 1179 4192 litterarum

88 4189 282 4261 transumptis
303 4206 354 4245 seu
373 4187 512 4262 exemplis
526 4189 614 4244 etiam
636 4187 792 4268 impressis,
817 4205 907 4242 manu
928 4185 1053 4242 alicuius
1073 4195 1179 4239 notarii

1254 4039 1300 4107 'Ad
1315 4039 1392 4086 decen-

1230 4111 1333 4202 ”lla

89 4259 203 4328 publici
229 4259 407 4334 snbffliptsst
436 4257 1010 4333 etSi&1¹10Personaeinecclesiastica
1042 4253 1185 4328 dignitate}
1233 4215 1390 4273 ‘mmmm'

1233 4273 1273 4318 etc.
