2959 4900
259 365 298 427 14
444 444 447 454 .
709 389 892 427 Monuiuntrn

258 541 380 581 servare.
403 526 500 598 Atque
521 525 688 582 innituntur
709 543 851 600 responso
872 527 901 582 in
925 527 1073 595 Patavina,
1099 528 1133 583 28
1157 526 1257 600 aprilis
1282 529 1349 583 1866

259 599 299 662 (n.
317 599 407 670 3147).
422 597 469 652 Ad
483 598 613 670 quaesita
627 597 725 654 enim:
746 617 768 654 1.
785 599 831 652 An
849 599 1006 670 Regulares
1022 598 1052 653 in
1065 597 1192 654 dioecesi
1208 599 1349 653 Patavina

258 669 394 749 degentes
413 679 567 724 teneantur
588 670 625 724 ad
648 669 795 725 recitanda
819 668 915 726 officia
938 671 974 724 ad
998 669 1170 743 petitionem
1192 687 1296 742 regum
1320 683 1349 726 et

257 739 423 814 principum
442 739 584 796 universis
611 757 715 796 eorum
741 741 911 814 regionibus
937 759 1084 808 concessa,
1118 758 1185 796 cum
1212 758 1349 815 expressa

258 810 407 868 mentione
435 810 589 884 utriusque
617 811 686 868 cleri
711 812 867 868 saecularis
893 824 921 868 et
944 812 1085 884 regularis
1094 816 1105 866 ‘l
1131 831 1167 879 2,
1185 814 1231 867 An
1260 813 1349 868 iidem

257 894 411 938 teneantur
428 882 463 936 ad
485 883 633 939 recitanda
654 882 751 940 officia
772 901 909 940 concessa
928 884 1040 941 cunctis
1062 882 1201 938 dominiis
1216 883 1278 954 regi
1297 895 1349 940 aut

258 953 351 1027 princi
374 953 381 1008 i
396 953 541 1020 subiectis,
565 954 647 1009 nulla
666 954 741 1011 facta
763 955 794 1010 in
818 955 936 1011 Indulto
951 955 1138 1011 distinctione
1151 954 1241 1011 cleril
1259 957 1284 1012 3.
1301 957 1349 1011 An

257 1027 294 1080 ad
317 1043 335 1081 o
369 1023 412 1081 cia
426 1026 543 1099 utrique
556 1025 634 1082 clero
654 1025 778 1082 alicuius
803 1026 943 1082 dioecesis
968 1027 1101 1083 indulta?
1116 1048 1133 1078 n
1147 1045 1241 1082 -res
1263 1027 1350 1082 ondit

258 1099 288 1153 S.
305 1097 398 1169 Cong.
412 1117 418 1152 :
433 1097 478 1151 Ad
496 1117 518 1154 1.
534 1117 560 1152 2.
584 1109 612 1154 et
635 1099 660 1153 3.
682 1119 698 1148 «
711 1096 902 1164 Affirmative,
918 1098 941 1153 si
956 1097 1053 1154 officia
1067 1098 1227 1171 aliquando
1241 1045 1350 1155 luerint

258 1169 294 1225 ab
307 1168 376 1240 ipsis
393 1168 586 1241 Regularibus
600 1181 766 1244 acceptata;
781 1186 873 1236 secus,
890 1169 1042 1243 Negative.
1059 1191 1075 1222 >i

236 1295 245 1314 .
294 1252 320 1308 5.
335 1254 520 1325 Responsum
531 1252 617 1322 istud,
631 1253 671 1309 sic
682 1253 731 1308 alii
746 1252 934 1322 arbitrantur,
945 1269 1006 1309 non
1021 1252 1110 1309 afficit
1122 1253 1350 1309 celebrationem

258 1323 322 1378 festi
345 1324 396 1380 sed
408 1323 539 1380 officium
552 1335 581 1380 et
601 1323 689 1381 missa
711 1325 819 1397 quibus
832 1336 876 1380 est
891 1342 907 1379 a
929 1324 1113 1397 regularibus
1128 1325 1347 1380 celebrandum.

259 1396 354 1467 Negat
377 1393 521 1468 siquidem
542 1395 731 1452 concessione
758 1413 809 1452 seu
832 1408 988 1477 praecepto
1012 1396 1180 1453 celebrandi
1205 1396 1350 1464 quaedam

258 1468 330 1522 festa
352 1466 495 1523 contineri
518 1466 686 1524 facultatem
709 1467 755 1523 vel
780 1466 988 1548 obligationem
1012 1467 1152 1524 recitandi
1177 1465 1308 1522 officium
1322 1478 1351 1522 et

258 1539 377 1594 missam
390 1538 568 1612 peculiarem
582 1538 723 1595 dioecesis
735 1538 781 1595 vel
795 1539 853 1595 loct
869 1538 893 1594 si
908 1556 998 1612 quam
1011 1538 1138 1596 habeant
1153 1537 1319 1594 distinctam
1332 1557 1350 1592 a

186 1646 189 1656 ·
259 1610 410 1664 communi
436 1610 574 1666 Breviorii
596 1610 641 1666 vel
668 1609 796 1666 Missalis
817 1610 943 1666 romani.
967 1611 1055 1678 Quod
1081 1610 1270 1685 principium,
1292 1609 1351 1664 iam

72 3145 206 3193 Memorato

48 3203 135 3268 decreto
146 3205 207 3251 Per·

47 3274 148 3319 pensts,
163 3277 206 3321 quo

47 3318 165 3377 simplicia

48 3381 102 3423 rota
122 3376 191 3424 indu·

47 3439 130 3482 cuntur
145 3434 207 3495 apud

47 3494 77 3540 M
79 3492 178 3547 oniales.

48 3556 115 3609 alque
133 3552 207 3611 expli-

48 3610 138 3657 catione
149 3617 180 3657 28

49 3665 104 3713 iulii
113 3685 177 3727 1902.

258 1681 397 1736 traditum
411 1700 427 1736 a
441 1681 639 1755 scriptoribus,
654 1682 711 1738 hoc
733 1680 926 1737 confirmatur
939 1699 1091 1753 responso
1116 1682 1177 1738 Cfr.
1194 1698 1269 1755 opus
1284 1681 1350 1737 Vic-

259 1752 325 1808 torii
338 1771 394 1808 van
408 1754 433 1806 A
456 1754 588 1826 pelterre,
598 1765 618 1810 t.
630 1773 655 1822 2,
667 1772 696 1827 p.
711 1754 742 1809 53
756 1775 763 1821 ;
778 1764 807 1808 et
817 1753 1029 1827 Ephemerides
1044 1753 1216 1827 liturgicus,
1231 1764 1252 1808 t.
1268 1754 1348 1817 XIV,

259 1843 288 1897 p.
302 1826 365 1896 476.
381 1825 426 1881 Ab
436 1770 484 1881 iris
498 1824 682 1898 excipiuntur
695 1825 793 1880 officia
806 1836 835 1880 et
852 1824 957 1880 missae
972 1826 1091 1880 Patroni
1111 1825 1179 1895 loci,
1195 1823 1348 1892 TitulariS,

259 1908 288 1952 et
303 1897 499 1953 Dedicationis
515 1896 660 1953 Ecclesiae
675 1896 858 1965 cathedralis
874 1913 950 1969 quae
963 1909 1069 1970 putant
1083 1896 1306 1970 aRegularibus
1320 1895 1351 1950 in

259 1967 380 2041 proprio
395 1967 562 2025 dioeceseos
575 1967 651 2024 sumi
666 1985 761 2038 posse.

297 2052 465 2109 Conclusio.
486 2051 625 2108 Varietati
649 2050 696 2106 isti
718 2050 895 2124 opinionum
909 2049 999 2106 finem
1021 2051 1115 2115 faciet,
1140 2063 1173 2106 ut
1191 2049 1350 2107 verisimile

260 2135 311 2187 est,
327 2141 404 2181 nova
427 2121 670 2197 Congregationis
693 2121 861 2178 declaratio.
887 2125 1011 2192 Interea,
1036 2122 1242 2196 praeferendae
1265 2122 1351 2178 nobis

259 2196 393 2252 videntur
418 2195 578 2252 sententiae
603 2194 709 2267 quibus
740 2193 935 2250 conciliantur
966 2194 1040 2250 iura.
1068 2197 1167 2264 Quare
1199 2194 1347 2251 calculum

260 2267 402 2324 adicimus
415 2267 575 2324 sententiae
588 2284 663 2339 quae
675 2279 706 2336 40
722 2265 789 2322 loco
803 2279 845 2322 est
860 2266 1018 2340 proposita.

316 2597 356 2688 3.
377 2650 418 2661 -
441 2611 476 2683 s.
501 2610 641 2682 ronan.
665 2610 944 2682 susurronum
969 2610 1021 2679 ετ
1044 2608 1295 2679 seraranan

517 2799 725 2855 RESPONSA
746 2799 994 2855 151ANUAR11
1012 2797 1094 2853 1903

349 2962 403 3020 De
421 2964 494 3020 ritn
512 2962 746 3033 professionis
764 2961 947 3019 sollemnis
967 2962 1061 3032 apud
1080 2959 1257 3017 Martiales

297 3140 327 3193 S.
356 3134 598 3243 Congregationis
626 3136 687 3190 EE.
714 3145 743 3189 et
770 3136 830 3189 RR.
857 3135 973 3189 decreto
1000 3132 1160 3205 Perpensis
1186 3141 1352 3203 temporum

261 3208 408 3265 adiunctis
438 3250 445 3273 ,
461 3207 529 3261 dato
546 3208 559 3262 3
575 3206 644 3261 maii
663 3224 739 3279 1902,
761 3205 971 3278 praescriptum
986 3216 1037 3271 est,
1052 3216 1085 3258 ut
1100 3202 1130 3256 in
1145 3201 1352 3258 sanctimonia-

261 3281 335 3336 lium
354 3278 537 3335 monasteriis
557 3278 585 3331 in
608 3277 715 3350 quibus
735 3277 908 3333 emittuntur
927 3287 995 3331 vota
1015 3273 1179 3342 sollemnia,
1197 3273 1242 3327 his
1270 3289 1352 3345 prae-

262 3353 413 3408 mittantur
427 3368 443 3405 a
458 3348 574 3406 novitiis
588 3349 731 3423 simplicia
745 3366 865 3422 quoque
880 3361 946 3403 vota
958 3368 964 3415 ;
975 3363 1064 3419 porro
1080 3346 1211 3425 eiusdem
1225 3345 1262 3425 S,-
1273 3346 1352 3400 Con-

262 3422 437 3497 gregationis
460 3438 601 3494 responso
622 3422 689 3475 dato
715 3420 745 3475 in
768 3437 827 3475 una
851 3418 1057 3475 Bononiensi²
1080 3418 1126 3473 die
1149 3417 1352 3489 281u1111902

261 3494 439 3552 resolvitur:
465 3492 566 3549 Ritum
584 3509 635 3547 seu
657 3491 880 3557 caeremoniale,
906 3491 936 3545 in
962 3507 1145 3562 unoquoque
1170 3488 1352 3543 monasterio
1390 3528 1393 3532 -

261 3578 421 3641 receptum,
445 3564 644 3620 adhibendum
666 3580 727 3620 esse
750 3564 779 3618 in
800 3563 958 3619 emittenda
976 3562 1069 3635 prima
1090 3559 1279 3633 professione,
1297 3577 1352 3631 pro

262 3658 321 3713 qua
335 3648 491 3694 consuetae
504 3635 656 3704 formulae,
672 3634 842 3709 suppressis,
858 3634 881 3689 si
894 3633 1000 3702 adsint,
1015 3633 1109 3689 verbis
1122 3630 1352 3711 sollemnitatem

263 3711 421 3781 (votorum)
443 3706 680 3781 exprimentibus,
702 3707 844 3763 adiciatur
864 3705 1004 3761 novitiam
1018 3721 1188 3774 nuncupare
1201 3714 1267 3757 vota
1283 3720 1352 3757 srm-

262 3782 356 3855 plicia,
378 3780 458 3836 iuxta
480 3781 635 3835 Decretum
653 3796 670 3833 a
690 3780 719 3834 S.
737 3777 973 3850 Congregatione
994 3778 1056 3831 EE.
1071 3789 1098 3831 et
1113 3778 1175 3831 RR.
1191 3774 1237 3829 die
1253 3775 1267 3829 3
1281 3774 1352 3854 maii

266 3873 331 3928 ¹902
345 3853 457 3909 editum
471 3872 477 3907 :
499 3849 707 3923 professionem
721 3860 820 3905 autem
835 3850 994 3905 secundam
1012 3847 1104 3903 emitti
1118 3864 1202 3919 posse
1215 3857 1353 3919 pnvattm

262 3926 293 3982 in
315 3926 406 3981 choro
429 3940 480 3978 seu
506 3922 643 3977 Oratorio
666 3922 804 3977 interiore
828 3938 928 3975 coram
950 3918 1161 3974 communitate
1186 3918 1215 3971 in
1246 3934 1352 3971 manus

262 3995 478 4071 superiorissae,
494 3994 609 4068 praevia
623 3993 835 4067 approbatione
848 3989 996 4047 Ordinarii
1017 4007 1067 4046 seu
1089 3988 1214 4045 Praelati
1229 3988 1352 4062 Regula·

273 4154 408 4161 ———.-

293 4248 301 4281 ¹
317 4244 373 4294 Cfr.
384 4246 506 4293 nostrum
516 4245 581 4290 tom.
594 4258 617 4299 2,
630 4254 657 4289 n.
672 4238 720 4304 64,
732 4254 760 4299 p.
775 4246 826 4298 359.

291 4314 302 4349 2
315 4311 372 4361 ¹Cfr.
384 4315 508 4359 nostrum
518 4312 583 4357 tom.
595 4325 617 4366 2,
630 4321 656 4357 n.
670 4302 718 4369 65,
731 4320 758 4365 p.
772 4314 823 4354 361.
844 4304 887 4353 lbi
904 4304 1032 4353 mendose
1043 4303 1133 4364 posita
1144 4308 1185 4352 est
1196 4302 1241 4351 die
1253 4310 1279 4350 18
1291 4301 1352 4351 iulii

263 4392 313 4440 pro
323 4385 361 4428 28.
