2959 4900
137 310 224 388 [152]
241 330 401 367 ηινιικαιΑ
416 329 568 367 sscsnnor.
585 330 782 366 uucnnntsrtct
797 329 941 375 nonnanis,
960 336 987 366 ro
1002 331 1068 367 nnc.
1088 326 1144 378 1906
1170 298 1230 372 155

392 476 491 563 152.
516 528 557 539 -
579 489 642 561 ss.
666 490 702 558 n.
728 490 764 557 u.
790 490 836 558 tv
861 491 924 558 rr.
947 491 973 558 x

445 647 583 705 BRBVE
602 648 641 701 10
657 647 831 703 AUGUSTI
850 648 933 703 1906
1027 660 1029 666 ·

201 788 405 863 Privileglis
426 791 552 848 fovens
571 790 874 847 consociationem
893 812 910 842 (ι
928 790 1170 847 sacerdotalis

468 873 696 931 eucharistici
715 874 872 930 foederis
891 897 907 926 »

176 1019 377 1074 Romanorum
392 1016 569 1074 Pontificum
584 1022 779 1076 Decessotum
799 1015 979 1073 Nostrorum
991 1019 1118 1091 vestigiis
1131 1019 1231 1075 inhae-

137 1100 241 1155 rentes,
267 1089 329 1163 pias
361 1090 511 1145 societates
544 1090 581 1144 ad
611 1089 724 1161 pietatis
755 1102 783 1144 et
808 1089 934 1145 caritatis
959 1106 1047 1163 opera
1071 1091 1232 1146 exercenda

137 1160 293 1227 institutas
310 1160 506 1232 peculiaribus
525 1160 687 1215 honoribus
699 1177 733 1215 ac
746 1160 913 1233 privilegiis,
924 1160 1115 1217 cohonestare
1127 1161 1231 1234 satagi-

138 1248 214 1299 mus,
237 1244 270 1287 ut
289 1232 323 1287 iis
342 1244 445 1288 auctae
456 1232 605 1287 uberiores
625 1232 655 1285 in
675 1232 835 1289 Dominico
851 1249 923 1303 agro
941 1231 1101 1287 excolendo
1120 1232 1231 1288 fructus

137 1302 353 1358 nanciscantur.
368 1304 483 1358 Harum
494 1302 524 1356 in
537 1319 695 1357 numerum
709 1303 831 1357 minime
841 1303 905 1357 Nos
926 1302 994 1358 latet
1007 1302 1070 1359 iure
1082 1320 1116 1359 ac
1128 1304 1232 1359 merito

138 1390 199 1429 esse
212 1375 423 1429 accensendam
442 1374 522 1446 piam
540 1373 723 1429 sacerdotum
741 1374 964 1428 associationem
983 1391 1059 1441 quae
1078 1375 1133 1429 sub
1145 1375 1232 1431 titulo

138 1464 154 1495 u
175 1444 368 1500 Sacerdotalis
385 1444 576 1505 Eucharistici
588 1445 724 1499 Foederis
739 1466 755 1495 >r
770 1445 801 1498 in
813 1445 868 1498 hac
880 1445 968 1499 Aitna
980 1446 1061 1500 Urbe
1073 1446 1182 1501 Nostra
1195 1446 1231 1500 ad

78 1559 81 1563 .
139 1516 168 1570 S.
184 1514 299 1571 Claudii
313 1516 453 1571 canonice
466 1516 598 1570 instituta
612 1515 730 1581 exsistit,
747 1516 872 1587 ideoque
891 1517 988 1570 dilecti
1008 1515 1060 1569 filii
1082 1517 1231 1572 Edmundi

138 1588 296 1642 Tenaillon
313 1590 512 1643 Procuratorts
526 1587 675 1642 Generalis
689 1588 817 1642 instituti
833 1588 1025 1653 Sacerdotum
1040 1587 1112 1642 SSmi
1132 1589 1231 1643 Sacra·

138 1658 246 1713 mentis
264 1658 337 1714 votis
351 1658 430 1713 ultro
444 1658 626 1729 libenterque
638 1673 811 1716 annuentes.
826 1658 1049 1713 associationem
1063 1658 1157 1730 ipsam
1171 1672 1231 1714 tam

137 1727 319 1800 frugiferam,
334 1746 409 1801 quae
423 1729 500 1784 hisce
513 1728 698 1800 potissimum
711 1743 772 1783 tam
784 1730 921 1800 gravibus
939 1729 1130 1802 temporibus,
1152 1730 1231 1785 iuxta

137 1811 271 1855 tenorem
288 1801 399 1855 Decreti
416 1801 680 1871 a‘Congregatione
703 1802 808 1855 Sacrae
817 1800 1006 1856 Tridentinae
1019 1801 1131 1873 Synodi
1146 1802 1231 1857 inter-

137 1872 295 1943 pretationi
316 1871 489 1943 praeposita,
517 1871 564 1926 die
588 1872 644 1925 XX
663 1870 824 1926 decembris
849 1871 956 1926 mensis
981 1889 1060 1926 anno
1082 1872 1232 1943 superiore

138 1942 219 2009 editi,
236 1942 420 2009 exauspicato
442 1944 565 1997 intendit
584 1943 620 1995 ad
638 1942 863 1997 Communionis
883 1941 1043 2014 frequentis
1066 1954 1095 1998 et
1113 1944 1231 1999 cotidiaa

138 2029 195 2067 nae
217 2030 306 2068 usum
322 2014 402 2068 ¹inter
422 2012 522 2068 fideles
545 2012 775 2087 provehendum,
803 2014 1001 2083 singular1bus
1025 2014 1124 2085 gratiis
1143 2028 1232 2087 atque

138 2084 329 2155 indulgentiis
351 2086 546 2140 decorandam
571 2083 809 2139 existimavimus.
836 2085 933 2151 Quare
952 2085 987 2139 de
1014 2085 1232 2157 Omnipotentis

139 2154 196 2213 Dei
209 2156 407 2210 misericordia
419 2172 452 2209 ac
470 2156 526 2210 ΒΒ.
544 2155 619 2209 Petri
629 2168 656 2209 et
671 2156 754 2209 Pauli
764 2156 973 2222 Apostolorum
988 2156 1050 2210 eius
1061 2159 1232 2213 auctoritate

139 2226 255 2293 confisi,
269 2228 406 2281 omnibus
420 2241 448 2281 et
461 2227 583 2297 singulis
597 2244 677 2281 nunc
697 2228 768 2281 etin
782 2238 932 2297 posterum
951 2226 1105 2283 indictum
1120 2229 1232 2284 Eucha-

139 2297 273 2352 risticum
294 2298 407 2353 Foedus
436 2296 546 2351 allectis
572 2298 780 2360 sacerdotibus,
801 2311 946 2369 quatenus
968 2298 1056 2353 simili
1080 2300 1232 2372 privilegio

140 2385 202 2423 non
215 2370 370 2440 gaudeant,
387 2370 485 2423 altaris
500 2368 672 2439 privilegiati
686 2371 848 2440 personalis
861 2369 1010 2425 indultum
1022 2383 1065 2425 ter
1079 2388 1110 2424 1n
1123 2372 1232 2427 hebdo-

139 2440 237 2508 mada,
250 2440 368 2497 servatis
378 2440 533 2504 servandis,
546 2440 750 2508 concedimus;
763 2458 817 2495 nec
827 2459 888 2496 non
895 2456 928 2496 ut
938 2459 997 2496 una
1007 2456 1073 2499 ante
1084 2460 1231 2510 auroram,

139 2524 229 2584 atque
243 2529 303 2567 una
317 2524 382 2584 post
403 2511 556 2566 meridiem
569 2512 642 2573 hora
657 2512 744 2584 sacris
767 2513 892 2584 operari,
913 2524 942 2568 et
956 2513 1089 2568 similiter
1103 2532 1120 2567 a
1139 2515 1234 2585 prima

139 2596 207 2640 ante
220 2600 358 2638 auroram
376 2585 449 2639 hora
461 2583 498 2636 ad
517 2599 653 2636 occasum
667 2583 746 2649 solis,
761 2583 880 2638 Sacram
894 2585 1035 2656 Synaxim
1049 2585 1231 2653 distribuere,

140 2666 230 2726 atque
244 2654 382 2709 iniunctis
396 2656 431 2710 de
446 2670 528 2708 more
542 2655 675 2724 peractiS,
691 2657 917 2727 praecipuorum
940 2655 1008 2710 fidei
1026 2659 1234 2728 mysteriorum

140 2737 168 2780 et
181 2725 292 2780 Mariae
302 2725 382 2797 Virg.
398 2739 425 2780 et
437 2725 488 2780 SS.
503 2726 715 2797 Apostolorum
728 2724 931 2780 festivitatibus
944 2743 996 2798 per
1010 2745 1122 2781 annum
1137 2729 1234 2801 siugu-

140 2796 186 2859 lis,
202 2797 365 2869 plenariam
387 2797 599 2868 indulgentiam
618 2795 664 2852 trel
684 2795 828 2851 defunctis
848 2797 1052 2870 applicabilem
1066 2799 1191 2868 lucrari3
1206 2813 1234 2855 et

140 2867 216 2923 intra
248 2867 473 2923 celebrationem
499 2868 652 2922 triduanae
676 2867 894 2938 supplicationis
922 2868 1001 2922 iuxta
1027 2869 1067 2941 pii
1098 2870 1234 2926 Foederis

140 2939 255 2994 tabulas
276 2939 447 3005 habendae,
484 2952 551 3011 post
582 2949 731 3010 peractam
762 2939 1011 2994 Communionem
1050 2940 1233 3010 Generalem,

141 3009 310 3066 Christiano
324 3010 451 3064 adstanti
464 3009 587 3082 populo,
604 3009 735 3082 plenaria
749 3009 860 3064 adiecta
874 3009 1064 3080 indulgentia,
1081 3028 1149 3065 cum
1162 3011 1235 3066 Cru-

141 3081 228 3136 cifixo
243 3098 277 3136 ac
289 3082 344 3136 sub
357 3081 458 3136 Crucis
468 3082 557 3135 unico
570 3081 664 3152 signe,
680 3081 799 3135 servatis
811 3081 869 3135 ritu
878 3081 1064 3152 formulaque
1076 3083 1235 3155 praescrip-

140 3154 185 3218 tis,
201 3153 372 3208 benedicere
384 3152 462 3207 licite
477 3151 590 3224 possint
603 3168 636 3206 ac
647 3152 771 3207 valeant.
785 3153 908 3223 lnsuper
918 3152 1054 3223 quotiens
1068 3152 1148 3208 iuxta
1160 3153 1234 3209 fines

143 3223 282 3280 Foederis
303 3223 499 3291 sacerdotalis,
528 3222 642 3294 pietatis
661 3221 785 3294 quodvis
806 3222 865 3279 sive
893 3223 1019 3278 caritatis
1049 3241 1124 3296 opus
1143 3225 1234 3280 adim-

141 3296 250 3368 pleant,
272 3295 307 3351 de
326 3311 449 3350 numero
472 3293 643 3367 poenalium
662 3293 786 3361 dierum,
807 3294 838 3347 in
857 3292 951 3348 forma
972 3294 1118 3350 Ecclesiae
1138 3295 1232 3363 solita,

140 3367 245 3422 iisdem
257 3365 367 3421 allectis
380 3366 411 3419 in
424 3365 522 3438 ipsum
537 3366 661 3432 Foedus,
678 3381 758 3419 nunc
771 3363 841 3420 etin
854 3377 1014 3437 posterum,
1036 3367 1234 3423 sacerdotibus

140 3448 287 3492 trecentos
301 3437 505 3508 expungimus.
520 3437 654 3492 Tandem
666 3435 850 3491 confessariis
871 3437 926 3492 rite
943 3437 1070 3510 probatis
1084 3438 1189 3493 eodem
1198 3438 1233 3492 ‘in

141 3509 321 3564 Sacerdotali
349 3507 550 3564 Eucharistico
579 3507 707 3563 Foedere
735 3523 815 3562 nunc
843 3520 871 3562 et
897 3520 1045 3578 posterum
1076 3507 1232 3582 inscriptis,

141 3579 312 3638 facultatem
324 3579 513 3636 concedimus
526 3577 765 3634 communicandi
785 3579 874 3634 semel
893 3579 923 3633 in
938 3579 1124 3634 hebdomada
1135 3579 1234 3650 plena-

140 3651 215 3706 riam
232 3649 446 3723 indulgentiam
469 3649 683 3722 paenitentibus
707 3649 757 3720 qui
780 3649 884 3706 cotidie
898 3651 950 3705 ,vel
970 3649 1053 3720 quasi
1077 3650 1183 3706 cotidie
1197 3651 1234 3706 ad

142 3723 262 3778 Sacram
285 3721 426 3796 synaxim
450 3722 587 3777 accedere
612 3732 835 3776 consueverunt.
864 3721 1017 3777 Praeterea
1042 3721 1098 3788 Ap.
1126 3721 1236 3777 Nostra

140 3792 324 3849 Auctoritate
336 3793 533 3864 praesentium
555 3793 592 3858 vi,
613 3803 848 3917 perpetuumque
862 3791 893 3846 in
907 3792 1038 3857 modum,
1058 3792 1234 3848 Associatio-

142 3880 209 3920 nem
224 3876 419 3920 memoratam
432 3865 487 3919 sub
499 3864 585 3918 titulo
604 3882 620 3913 u
640 3863 796 3918 Sacerdota
811 3863 834 3918 is
855 3861 1047 3918 Eucharistici
1068 3863 1205 3919 Foederis
1218 3886 1234 3916 n

141 3935 171 3991 in
186 3936 270 3994 Urbe
284 3937 320 3990 ad
341 3936 370 3991 S.
392 3934 505 3989 Claudii
518 3933 659 3989 canonice
677 3933 841 3989 institutam
858 3933 889 3988 in
909 3933 1233 4005 Archiassociationem,

142 4007 200 4062 sive
205 4005 390 4132 (primariam,
402 4022 470 4060 cum
480 4004 572 4061 solitis
582 4003 739 4076 privilegiis
749 4004 1127 4076 erigimus.Archisodalicii
1136 4018 1235 4062 autem

143 4077 204 4134 eius
225 4094 274 4134 ern
294 4075 472 4133 Moderatori
492 4088 520 4132 et
542 4075 717 4131 officialibus
735 4075 936 4148 praesentibus
954 4087 982 4130 et
998 4076 1114 4146 futuris,
1128 4089 1162 4132 ut
1179 4076 1234 4150 ipsi

95 4200 98 4208 ,
144 4147 213 4205 alias
225 4149 356 4205 eiusdem
371 4147 498 4203 nominis
511 4145 732 4219 atqueinstituti
744 4146 895 4202 societates
904 4145 934 4201 in
944 4146 1081 4203 universo
1090 4160 1235 4204 terrarum

145 4219 214 4277 orbe
226 4220 369 4276 canonice
381 4231 489 4276 erectas
501 4217 560 4274 sive
570 4218 602 4288 in
612 4228 762 4290 posterum
774 4217 934 4290 erigendas,
944 4217 1063 4274 servatis
1076 4219 1235 4278 Clementis

147 4291 204 4348 ΡΡ.
218 4291 291 4348 Vlll
309 4289 542 4347 Praedecessoris
556 4289 656 4346 Nostri
669 4305 693 4348 r,
708 4306 749 4344 m.
770 4288 893 4360 aliisque
907 4289 1086 4361 Apostolicis
1099 4290 1233 4348 Ordinat.

1314 1036 1433 1093 Benigni-

1286 1095 1344 1139 tau's
1364 1107 1446 1142 causa.

1285 1149 1364 1255 iiim
1386 1153 1452 1210 peti*

1318 1691 1450 1738 consocia·

1286 1750 1360 1796 it'ont's
1370 1748 1422 1795 das-

1285 1806 1387 1853 crinitur

1281 1862 1350 1922 finis.

1319 2093 1408 2139 Variae
1427 2094 1450 2139 ci

1286 2150 1440 2199 conceduntur

1284 2211 1380 2267 gratiae
1400 2209 1449 2267 spi·
1468 2255 1470 2260 ,

1286 2269 1393 2314 rituales.

1317 3731 1445 3788 Erigitur·

1288 3802 1330 3847 que
1338 3791 1364 3835 in
1371 3789 1453 3834 arciri·

1288 3844 1440 3894 sodalicium.
