2959 4900
279 299 319 362 48
733 317 915 355 moruncurt

278 471 347 511 nem
368 470 452 527 posse
474 454 540 528 plus
565 453 722 508 missarum
742 469 882 525 quaerere
904 465 932 509 et
955 453 1088 526 accipere
1109 471 1199 526 quam
1221 456 1362 511 celebrare

274 525 473 600 probabiliter
484 526 578 580 valeat
591 525 666 580 intra
680 525 820 596 temporis
838 524 980 580 terminos
989 524 1111 580 inferius
1123 537 1246 582 statutos
1259 549 1285 581 ».
1302 528 1362 594 Qua

278 597 434 724 prquabitliO
437 614 505 723 iiii
511 597 534 652 si
553 596 695 665 deiciaris,
717 608 804 652 restat
827 608 860 650 ut
878 613 961 651 cures
985 609 1186 670 opportunam
1207 616 1258 671 per
1276 598 1366 653 alium

276 686 339 726 cee
361 687 414 724 rai
509 710 516 724 .

313 749 425 804 Verum
436 747 523 803 simul
539 745 696 802 moraliter
705 757 801 803 certus
810 747 848 802 sis
856 758 972 820 oportet
979 748 1080 803 missas
1088 764 1173 820 posse
1185 748 1287 805 saltem
1294 749 1365 804 infra

279 837 390 875 annum
404 831 458 875 ate
470 819 620 874 celebrari.
636 818 666 874 Si
682 819 762 873 enim
774 818 851 873 istud
860 819 1056 892 probabiliter
1066 831 1211 892 praestare
1226 838 1361 894 nequeas,

280 890 338 947 iarn
351 908 387 946 ex
400 909 429 946 n.
445 891 459 946 3
480 889 586 945 decreti
606 889 708 944 missas
723 907 870 946 assumere
889 891 1012 947 vetaris:
1029 889 1218 963 probabilitas
1232 892 1287 948 ista
1306 910 1363 948 non

280 962 396 1018 eliditur
408 961 464 1016 uisi
477 961 582 1016 morali
596 961 780 1017 certitudine.

315 1067 342 1118 4.
363 1047 394 1102 Si
406 1045 493 1101 simul
514 1062 675 1118 componas
697 1062 773 1118 quae
794 1063 824 1101 n.
840 1065 855 1100 2
869 1047 924 1101 et3
944 1047 1051 1103 decreti
1074 1046 1229 1112 habentur,
1246 1047 1286 1102 ita
1302 1046 1365 1103 effe-

277 1119 385 1175 rendae
392 1117 528 1173 videntur
539 1133 661 1172 normae
673 1117 855 1188 detemporis
865 1117 958 1190 spatio
972 1119 1051 1189 quod
1059 1119 1096 1172 ad
1106 1118 1258 1173 manuales
1267 1118 1367 1174 missas

277 1191 464 1247 celebrandas
472 1187 654 1244 conceditur:
665 1191 695 1260 a)
703 1190 785 1256 Quos
796 1187 869 1244 fines
879 1205 1012 1261 expressa
1024 1189 1119 1244 verbis
1128 1189 1174 1245 vel
1182 1189 1366 1245 factovolun-

278 1274 321 1317 tas
337 1261 463 1317 auctoris
484 1259 619 1334 stipendii
642 1259 806 1332 permiserit
817 1260 862 1315 vel
875 1261 1002 1332 exegerit
1018 1278 1068 1316 eos
1086 1260 1239 1316 admittere
1254 1279 1367 1335 semper

277 1345 374 1405 potest
386 1346 414 1388 et
425 1331 513 1386 simul
524 1331 678 1387 observare
692 1332 778 1387 debet
791 1331 950 1387 celebrans.

313 1412 341 1478 b)
362 1414 405 1468 Ex
428 1410 540 1466 maiore
561 1411 606 1466 vel
629 1410 745 1466 minore
767 1428 892 1466 numero
912 1412 1067 1467 missarum
1089 1429 1165 1485 quae
1190 1411 1227 1466 ab
1248 1425 1366 1468 auctore

278 1483 414 1558 stipendii
433 1482 608 1550 offeruntur,
628 1482 780 1538 moraliter
798 1483 942 1539 conicitur
961 1483 1087 1556 spatium
1109 1483 1186 1538 intra
1205 1485 1288 1555 quod
1311 1483 1365 1538 sint

277 1556 416 1612 dicendae
429 1555 579 1610 manuales
601 1554 716 1609 missae.
733 1552 824 1609 Cuius
842 1555 1028 1611 coniecturae
1051 1555 1183 1626 exempla
1195 1555 1364 1610 adduntur:

278 1627 327 1699 qui
342 1645 433 1682 unam
446 1625 549 1681 offerat
568 1624 688 1681 missam
697 1637 817 1699 putatur
829 1626 904 1682 velle
914 1639 946 1682 ut
954 1627 1030 1682 intra
1043 1643 1175 1683 mensem
1185 1625 1363 1694 celebretur3

278 1697 327 1770 qui
344 1709 462 1754 centum
479 1696 582 1752 offerat
600 1697 695 1752 eidem
718 1698 860 1752 sacerdoti
879 1699 982 1753 missas
1001 1709 1139 1753 semestre
1152 1697 1289 1753 concedit
1301 1715 1362 1772 spa-

225 1793 227 1798 ·
276 1771 361 1825 tium.
376 1769 454 1826 Hinc
463 1769 607 1824 dicemus:
621 1769 673 1839 qui
685 1785 793 1848 paucas
806 1770 910 1841 (rozo)
925 1769 1115 1842 postulaverit
1125 1769 1226 1823 missas
1237 1770 1364 1842 spatium

276 1841 383 1914 linquit
397 1841 504 1896 mensis
517 1839 733 1912 sesquialterrus
748 1840 793 1895 vel
807 1840 924 1896 alterius
939 1862 946 1909 ;
967 1853 1025 1896 tres
1036 1840 1082 1895 vel
1096 1852 1236 1913 quattuor
1250 1857 1364 1896 menses

277 1913 427 1984 deputabit
440 1911 653 1985 quinquaginta
667 1911 773 1979 missis,
790 1924 819 1967 et
831 1929 943 1966 annum
957 1911 1100 1967 ducentis.

314 1995 401 2063 Quod
413 2007 512 2050 tamen
524 1994 722 2067 intellegimus
730 2011 789 2068 per
799 2012 840 2051 se.
854 1996 977 2051 Manent
991 1997 1070 2052 enim
1082 1995 1240 2068 prudentes
1254 1994 1366 2052 theolo-

278 2084 383 2140 gorum
402 2067 594 2122 indicationes
618 2065 724 2138 quibus
743 2085 771 2122 v.
791 2085 834 2138 gr.
855 2067 957 2122 iubent
975 2068 1077 2123 missas
1099 2066 1288 2123 celebrandas
1306 2085 1366 2123 esse

280 2151 438 2212 antequam
452 2137 622 2194 intentionis
634 2154 720 2192 causa
734 2137 893 2208 evanuerit,
908 2151 937 2209 et
946 2139 1151 2194 maturandam
1166 2155 1228 2194 esse
1240 2139 1366 2195 rationa-

281 2211 375 2267 biliter
385 2210 611 2267 celebrationem
624 2209 647 2264 si
658 2209 693 2264 de
701 2226 802 2265 recens
813 2209 956 2265 defunctis
966 2223 1079 2282 agatur.

313 2290 456 2346 Consulto
470 2291 505 2344 de
518 2289 613 2344 missis
634 2289 791 2360 agebamus
808 2290 844 2344 ab
857 2301 979 2345 auctore
990 2290 1130 2364 stipendii
1143 2287 1259 2345 oblatis.
1275 2292 1367 2345 Nam-

277 2381 334 2435 que
344 2361 431 2416 huius
442 2373 584 2433 tanquam
593 2361 654 2417 veri
664 2361 777 2414 domini
790 2375 833 2417 est
845 2361 1025 2434 exploranda
1035 2363 1178 2429 voluntaS,
1191 2377 1253 2414 non
1265 2375 1365 2418 autem

277 2434 403 2501 alterius,
419 2443 524 2506 utputa
537 2432 642 2488 notarii
654 2431 704 2504 qui
715 2450 795 2489 mere
807 2444 1013 2490 testamentum
1023 2433 1202 2506 exsequitur,
1214 2431 1269 2488 nisi
1285 2434 1366 2507 quod

275 2518 394 2563 testator
413 2505 560 2577 putandus
580 2518 631 2573 est,
654 2504 729 2558 intra
749 2503 823 2559 fines
846 2517 945 2560 tamen
968 2507 1037 2561 satis
1063 2520 1151 2574 artos,
1167 2502 1299 2576 aliquam
1320 2507 1366 2562 de·

276 2576 406 2635 clarandi
419 2576 508 2631 dubia
522 2576 691 2631 facultatem
706 2576 870 2631 exsecutori
882 2578 1044 2649 reliquisse.

313 2660 391 2713 lnter
414 2656 515 2711 missas
541 2670 641 2711 autem
667 2656 819 2711 manuales
845 2669 874 2711 et
902 2674 977 2728 quae
1001 2658 1038 2713 ad
1065 2658 1156 2713 instar
1181 2658 1365 2713 manualium

275 2731 420 2786 habentur
434 2728 507 2783 illud
518 2746 547 2783 n.
560 2727 705 2800 7⁰decreti
719 2727 839 2799 ponitur
849 2728 1015 2797 discrimen,
1030 2730 1111 2803 quod
1122 2730 1312 2785 manualibus
1326 2742 1366 2784 est

275 2802 356 2877 prius
369 2800 607 2857 satislaciendum
620 2817 712 2872 quam
725 2799 801 2855 aliis

311 2888 338 2954 c)
353 2882 417 2941 Nisi
431 2898 530 2940 tamen
542 2886 587 2940 vel
601 2884 662 2956 isse
680 2884 803 2939 traditus
821 2901 962 2940 numerus
975 2884 1026 2956 qui
1039 2885 1148 2941 nimius
1162 2884 1198 2940 sit
1221 2903 1315 2956 quarn
1334 2898 1366 2938 ut

275 2960 350 3014 intra
370 2974 483 3013 annum
501 2956 610 3028 expleri
628 2956 729 3031 possit,
750 2955 795 3010 vel
814 2973 948 3029 expressa
970 2956 1082 3011 domini
1105 2957 1241 3012 voluntas
1268 2957 1364 3012 maius

277 3031 417 3086 concedat
429 3028 564 3101 spatium,
578 3028 683 3082 missae
696 3026 771 3081 infra
781 3044 903 3093 annum,
914 3038 1055 3100 tanquam
1065 3028 1227 3083 maximum
1239 3028 1367 3100 spatium

278 3102 366 3157 etiam
384 3100 485 3155 multis
497 3116 679 3168 concessum,
694 3111 762 3154 sunt
782 3098 932 3154 dicendae.
948 3102 1068 3171 ltaque:
1090 3102 1116 3172 a)
1132 3099 1189 3169 Qui
1201 3111 1366 3154 tercentum

278 3172 420 3246 acceperit
432 3172 543 3240 missas,
559 3188 607 3226 eas
621 3170 696 3226 intra
711 3187 824 3224 annum
837 3170 983 3225 celebrare
1001 3172 1087 3226 debet
1099 3171 1174 3227 sicut
1186 3170 1236 3242 qui
1258 3171 1366 3226 ducen-

275 3256 337 3313 tas;
383 3247 389 3316 )
411 3242 469 3311 Qui
489 3242 547 3297 iam
566 3260 583 3296 a
602 3243 680 3297 Titio
701 3242 840 3296 ducentas
859 3242 1001 3315 acceperit
1019 3242 1122 3297 missas
1135 3243 1281 3298 dicendas.
1303 3259 1364 3296 non

275 3326 371 3399 potest
385 3333 401 3370 a
417 3314 488 3369 Caio
502 3312 572 3368 alias
585 3314 725 3369 ducentas
738 3313 876 3385 recipere,
887 3313 943 3368 nisi
955 3313 1034 3369 hunc
1047 3313 1152 3369 diserte
1166 3312 1314 3369 monuerit
1328 3314 1365 3366 de

275 3385 447 3459 impotentia
457 3403 515 3456 qua
525 3384 682 3457 impeditur
692 3384 853 3456 quominus
862 3402 910 3439 eas
917 3402 970 3457 per
982 3402 1012 3440 se
1022 3384 1097 3440 intra
1105 3403 1218 3440 annum
1226 3384 1362 3439 celebret.

312 3466 337 3522 5.
363 3467 407 3520 Ex
425 3463 538 3519 collatis
561 3463 636 3519 inter
658 3480 688 3519 se
710 3462 840 3519 numeris
867 3482 889 3530 1,
916 3464 941 3531 3,
968 3465 993 3530 5,
1013 3464 1070 3519 et8
1092 3464 1210 3531 decreti,
1231 3475 1362 3536 apparet,

275 3538 307 3611 a)
324 3535 493 3593 Sacerdotes
501 3553 558 3608 per
570 3552 602 3590 se
620 3534 771 3607 prohiberi
793 3552 840 3603 ne,
860 3535 897 3589 ad
916 3534 1019 3591 missas
1032 3535 1096 3590 aliis
1109 3536 1275 3603 tradendas,
1292 3550 1361 3589 con-

276 3608 353 3664 sulto
380 3620 529 3664 assumant
553 3606 709 3660 missarum
736 3606 795 3662 obli
818 3606 930 3661 ationes
955 3605 1072 3678 quibus,
1101 3606 1178 3662 intra
1197 3623 1363 3678 congruum

276 3680 412 3753 spatium,
430 3676 484 3752 ipsi
493 3695 549 3751 per
563 3694 595 3732 se
607 3676 655 3732 rel
688 3694 721 3732 er
739 3624 869 3733 subitos
884 3677 1047 3733 satisfacere
1069 3691 1236 3750 nequeant;
1250 3678 1284 3749 b)
1301 3678 1363 3732 Nec

275 3751 381 3807 nimias
394 3765 518 3805 numero
532 3749 634 3803 missas
647 3696 686 3803 ab
697 3749 766 3821 ipsis
778 3750 853 3804 tradi
873 3766 957 3822 posse
976 3749 1032 3804 nisi
1046 3748 1100 3805 sibi
1115 3749 1192 3804 notis
1206 3748 1362 3805 sacerdoti·

275 3824 330 3879 bus
343 3822 394 3895 qui
410 3838 457 3876 eas
471 3831 613 3893 quaerant
625 3821 749 3875 taxative
762 3832 796 3875 ut
809 3838 857 3875 eas
872 3821 1030 3876 celebrent.

310 3900 496 3956 Arbitramur
520 3913 629 3967 tamen,
661 3916 728 3954 cum
752 3901 787 3954 R.
812 3902 844 3955 P.
872 3901 938 3954 Van
967 3901 1130 3955 Ruruaaxa
1152 3900 1263 3967 (Now.
1290 3901 1360 3955 Rev.

275 3972 387 4029 Tition.
408 3990 484 4045 1904,
499 3988 527 4040 p.
543 3972 605 4043 527)
627 3973 664 4028 ab
683 3970 874 4027 offerentibus
887 3971 1087 4043 eleemosynas
1102 3971 1287 4043 exceptiones
1300 3989 1362 4051 per-

275 4044 351 4100 mitti
372 4060 468 4116 posse.
493 4043 601 4110 Quare,
626 4042 649 4097 si
662 4042 810 4123 positivus
829 4042 980 4098 accesserit
998 4060 1159 4098 consensus
1173 4040 1361 4097 offerentium

275 4116 427 4188 stipendia,
444 4132 504 4170 non
527 4113 719 4169 committitur
739 4113 771 4167 in
791 4114 885 4184 legem
897 4114 1063 4185 colligendo
1077 4113 1220 4186 stipendia
1234 4115 1271 4168 ad
1285 4132 1319 4170 ea
1332 4115 1361 4171 iu

274 4186 421 4260 proprias
443 4186 503 4241 ecie
516 4199 545 4241 et
564 4184 626 4240 siue
639 4183 843 4241 deminutione
863 4185 1005 4241 tradenda
1020 4205 1048 4242 v.
1066 4204 1110 4257 gr.
1135 4184 1360 4253 missionnariis,

274 4260 319 4314 vel
334 4204 531 4314 saceriotibus
544 4256 671 4329 regionis
685 4256 833 4330 pauperis.
