2959 4900
428 364 465 398 ure
479 362 669 399 courrurtrorur
683 362 834 399 corrmarm
1133 340 1171 403 8l

132 497 350 565 Affirmative
361 495 404 564 ad
417 496 607 565 secundam
617 510 764 581 partem,
779 495 942 586 quotiens
959 494 1175 564 rationabilis

91 609 192 654 causa
208 608 282 656 non
297 586 424 655 obstet.
441 589 477 672 (4
493 585 629 675 augusti
652 585 764 671 1888.)

135 683 250 752 Porro
273 682 456 771 disciplina
478 682 605 750 decreti
625 682 919 763 Quemadmodum
941 706 978 773 17
995 683 1069 751 dec.
1094 681 1176 772 1890

90 773 143 841 his
159 773 280 863 paucis
296 772 410 841 verbis
426 772 677 861 comprehendi
694 785 807 861 potest
826 798 834 842 :

133 876 167 955 a)
185 870 239 939 Ad
258 869 520 939 Confessarium
544 869 764 941 ordinarium
786 872 841 938 vel
865 868 1176 939 extraordinarium

90 961 263 1027 exclusive
279 958 427 1048 pertinet
438 959 587 1047 singulis
599 958 789 1027 concedere
805 958 1095 1028 communionem
1111 958 1176 1026 fre-

91 1048 258 1138 quentius
273 1069 380 1137 quarn
396 1048 462 1116 fert
475 1049 595 1137 regula
611 1048 665 1115 vel
681 1069 778 1116 usus.

133 1146 171 1230 b)
200 1146 255 1213 De
280 1145 430 1235 generali
459 1159 577 1213 tamen
604 1145 742 1214 licentia
764 1145 893 1215 debent
915 1144 1046 1214 subditi
1071 1147 1178 1213 semel

91 1255 236 1303 monere
261 1232 487 1323 Superiorem
512 1234 574 1324 qui
590 1234 712 1323 possit,
731 1234 759 1302 si
776 1235 870 1322 velit,
888 1235 1075 1303 contrarias
1099 1254 1179 1302 suas

82 1325 243 1392 'rationes
266 1322 477 1392 confessario
501 1344 710 1413 proponere.
731 1322 900 1411 Superior
916 1325 980 1393 iste
997 1339 1048 1392 est
1063 1344 1126 1412 per
1142 1344 1184 1391 se·

90 1414 223 1481 localis,
244 1412 282 1483 Si
295 1412 379 1502 quid
395 1427 513 1481 tamen
525 1414 651 1501 obstet,
664 1412 801 1482 videtur
814 1414 895 1483 satis
907 1434 981 1482 esse
994 1414 1022 1482 si
1037 1433 1178 1481 monea-

90 1522 145 1571 tur
163 1502 337 1571 mediatus
354 1502 534 1592 Superior.

135 1604 169 1686 c)
202 1600 321 1669 Omne
347 1600 492 1668 vetitum
523 1602 570 1668 ne
595 1599 746 1689 religiosi
771 1600 987 1688 frequentius
1017 1599 1180 1668 accedant

91 1712 201 1778 quam
218 1690 338 1779 regula
352 1688 530 1769 iubentur,
548 1702 599 1757 est
614 1691 805 1759 sublatum.
829 1690 947 1757 Immo
968 1710 1032 1757 nec
1048 1688 1180 1777 privata

91 1779 333 1868 prohibitione
355 1792 502 1869 possunt
520 1777 727 1869 Superiores
743 1779 846 1847 alicui
863 1799 882 1846 e
904 1778 1053 1847 subditis
1075 1779 1179 1847 inter·

91 1869 209 1936 dicere
221 1889 316 1936 sacra
328 1868 592 1954 communione,
606 1867 675 1936 nisi
692 1894 705 1931 t
722 1882 800 1956 post
812 1868 974 1936 ultimam
987 1888 1180 1955 sacramen·

90 1961 199 2026 talem
228 1955 484 2028 confessionem
514 1957 757 2025 communitati
785 1957 949 2026 scandalo
971 1956 1092 2038 fuerit,
1122 1971 1181 2024 aut

91 2067 237 2136 gravem
253 2048 337 2131 (lato
353 2051 472 2131 sensu)
489 2049 666 2114 externam
689 2047 829 2134 culpam
853 2047 1050 2135 patraverit,
1068 2044 1181 2113 donec

91 2137 135 2205 ad
157 2135 394 2204 Paenitentiae
409 2151 665 2204 sacramentum
681 2156 802 2203 rursus
819 2134 1009 2203 accesserit.
1032 2160 1045 2198 r

136 2236 214 2323 Age
230 2254 312 2301 vero
328 2234 466 2301 decreto
481 2234 548 2301 isto
567 2231 862 2312 Quemadmodum
879 2246 1046 2323 reguntur
1062 2231 1182 2301 omnia

94 2323 263 2390 Instituta
293 2322 484 2390 mulierum
519 2336 551 2390 et
572 2363 574 2366 -
592 2322 892 2412 Congregationes
930 2323 1086 2391 virorum
1120 2322 1181 2411 qui

93 2410 314 2502 professione
330 2426 363 2480 et
378 2412 586 2482 condicione
601 2416 741 2500 penitus
758 2427 839 2480 sunt
856 2411 946 2481 laici.

140 2503 197 2570 De
229 2522 378 2570 numero
405 2518 522 2570 autem
553 2501 840 2570 communionem
874 2501 1184 2570 communitatibus

92 2590 368 2679 praestituendo.
386 2590 522 2660 videtur
537 2592 581 2659 ad
597 2590 807 2661 mentem'S.
828 2589 929 2660 Sedis
949 2591 1118 2679 quadrare
1139 2590 1182 2677 si,

93 2695 231 2768 praeter
242 2681 502 2766 dominicalem,
520 2679 611 2747 duae
626 2680 716 2747 intra
732 2679 990 2754 hebdomadam
1007 2679 1184 2748 Constitu·

93 2769 255 2838 tionibus
281 2769 559 2854 praescribantur
581 2769 771 2845 faciendae.
797 2767 881 2836 citra
903 2782 1020 2837 tamen
1041 2789 1184 2837 ornnem

94 2859 184 2949 legis
225 2857 487 2948 obligationem.
529 2858 580 2927 lta
615 2878 655 2925 ex
689 2857 793 2925 variis
828 2856 1188 2926 animadversionibus

97 2947 134 3016 S.
156 2946 449 3037 Congregationis
465 2947 503 3014 in
520 2946 807 3015 Constitutiones.

143 3037 199 3104 Ex
223 3037 319 3104 brevi
335 3037 402 3103 isto
418 3051 606 3125 conspectu
623 3035 704 3103 satis
720 3049 874 3124 apparet,
899 3033 1120 3124 disciplinam
1145 3035 1187 3102 de

96 3125 413 3193 communionibus
428 3125 518 3193 sicut
533 3125 576 3191 de
592 3123 752 3211 pluribus
768 3124 845 3192 aliis
861 3126 1000 3212 punctis
1022 3124 1185 3194 variasse.

99 3215 248 3304 Ubique
260 3231 389 3297 tamen,
404 3230 436 3281 et
447 3217 514 3281 tale
531 3231 579 3282 est
596 3214 688 3281 istud
701 3227 740 3280 ut
752 3213 1019 3282 admirationem
1033 3228 1189 3282 nostram

96 3320 250 3390 moveat,
265 3303 428 3371 laudibus
443 3302 591 3386 afficitur
605 3323 689 3370 usus
701 3303 964 3375 communionis
979 3302 1186 3370 cotidianae.
1247 3379 1248 3386 ἵ

100 3394 154 3460 lta
171 3395 243 3460 iarn
254 3391 347 3480 apud
364 3392 611 3460 Innocentium
623 3391 691 3478 Xl,
705 3391 742 3458 in
756 3391 893 3459 decreto
910 3389 1000 3458 Cum
1013 3390 1059 3459 ad
1070 3413 1187 3460 aures,

149 3521 190 3588 B.
215 3519 346 3588 Placita
361 3520 620 3610 theologorum.
689 3537 692 3540 ’

145 3610 347 3698 Tamquam
360 3618 587 3677 communem
599 3608 793 3676 doctrinam
806 3610 895 3677 hanc
907 3609 1009 3676 refert
1024 3609 1187 3677 Lacroix:

98 3700 137 3784 (l.
158 3703 192 3783 6,
213 3720 247 3786 p.
274 3722 300 3780 t,
319 3721 355 3767 n.
374 3699 468 3785 652.)
489 3725 503 3763 t
523 3698 695 3786 Quamvis
711 3699 901 3787 unicuique
928 3697 1084 3786 expediat
1107 3699 1190 3766 coti·

96 3790 206 3856 diana
223 3789 439 3874 communio,
458 3788 486 3856 si
503 3788 590 3856 adsit
606 3803 714 3855 status
728 3788 870 3877 gratiae,
895 3788 1037 3856 actualis
1052 3787 1190 3855 devotio

97 3893 133 3945 et
159 3878 277 3944 debita
300 3877 503 3964 reverentia,
520 3892 651 3964 tamen,
669 3876 752 3964 quia
776 3875 917 3945 difficile
933 3891 984 3943 est
999 3891 1038 3944 ut
1053 3897 1189 3962 omnes,

96 3966 308 4056 praesertim
324 3968 528 4053 saeculareS,
546 3967 593 4034 ita
605 3965 732 4049 cotidie
745 3967 907 4052 habeant,
922 3966 1003 4033 hinc
1019 3965 1193 4034 cotidiana

97 4055 312 4125 communio
344 4054 503 4123 absolute
533 4055 711 4141 loquendo
750 4076 824 4122 non
863 4053 998 4143 expedit
1028 4055 1194 4123 omnibus

96 4145 357 4232 indifferenter,
371 4144 430 4212 sed
445 4145 512 4212 hoc
525 4143 796 4233 relinquendum
808 4157 860 4212 est
871 4142 1001 4212 iudicio
1015 4144 1196 4233 prudentis
1282 4201 1284 4208 ,

98 4234 332 4304 Confessarii.
355 4260 368 4297 »

150 4324 263 4410 Hinc,
282 4345 346 4412 pro
362 4322 454 4389 varia
471 4321 601 4410 indole,
620 4321 677 4390 alii
695 4322 809 4412 potius
826 4320 1038 4390 inclinarunt
1055 4321 1097 4390 ad
1115 4321 1197 4392 coti·
