2959 4900
342 290 401 353 llll
794 313 975 353 uouuururra

376 448 485 521 Aliqua
497 449 649 503 dumtaxat
663 459 755 504 exstat
776 447 917 505 dissensio
935 449 1012 508 inter
1029 452 1163 508 doctores
1184 453 1214 508 in
1228 454 1422 524 praefiniendo

325 520 480 595 ‘temporis
499 522 593 593 spatio
613 520 693 591 quod
713 519 891 575 intercedere
905 522 1023 577 deberet
1041 524 1077 578 ad
1096 524 1154 579 hoc
1174 537 1208 580 ut
1226 524 1344 581 infirmo
1356 526 1420 597 peri·

339 594 451 657 culoso,
475 594 550 647 intra
578 592 701 647 eandem
720 590 931 653 infirmitatem.
951 594 1060 650 iterum
1078 595 1140 649 dari
1162 596 1255 670 possit
1272 596 1419 654 Viaticum.

340 666 414 721 Sunt
428 665 505 720 enim
520 665 569 736 qui
586 679 654 717 cum
669 664 812 729 Navarro,
832 676 938 731 putant
955 665 1085 721 multum
1098 668 1240 736 temporis
1251 668 1327 724 inter
1340 685 1422 723 unam

339 736 495 793 alteramve
510 733 760 791 Communionem
774 733 951 792 intercedere
963 736 1069 793 debere
1080 757 1088 804 3
1108 737 1158 793 alii
1170 757 1267 794 unum
1279 755 1419 803 mensem,

339 809 389 865 alii
414 811 524 866 decem.
545 819 611 863 octo
624 818 681 861 -aut
694 805 783 861 etiam
801 817 859 863 tres
872 808 952 863 dies:
973 807 1022 862 alii
1041 808 1169 880 denique
1187 827 1256 865 cunt
1279 812 1421 882 Laymann

327 882 475 950 Δ(διιηιφη,
491 880 541 936 lib.
555 880 581 939 5,
599 887 685 933 tract.
699 894 727 947 4,
741 894 807 951 cap.
830 881 857 943 ό,
874 897 902 935 n.
921 879 968 948 20)
988 878 1094 936 totiens
1108 882 1250 953 'quotiens
1268 881 1383 939 devotio
1399 895 1421 936 et

339 954 490 1017 dispositio
518 950 692 1017 paenitentis
717 952 776 1005 boc
798 951 929 1014 suadeat,
956 967 989 1005 ac
1014 952 1139 1018 proinde
1162 953 1288 1025 srngulis
1314 970 1422 1026 quoque

339 1025 450 1081 diebus.
467 1024 527 1079 Cir.
543 1024 573 1079 S.
591 1020 750 1094 Aphonsus
763 1022 839 1089 (aa,
854 1024 899 1080 85.
914 1022 943 1079 d.
958 1025 997 1093 Ι),
1011 1023 1139 1078 Ferraris
1151 1024 1243 1087 (verb.
1260 1023 1419 1086 infirmitas,

339 1115 367 1155 n.
391 1099 447 1169 21),
467 1098 508 1151 De
532 1096 615 1165 Lugo
635 1092 695 1163 (De
712 1096 799 1149 Sacr.
823 1092 929 1159 Erech,
953 1093 1029 1167 disp.
1048 1093 1095 1152 15.
1109 1105 1178 1151 sect.
1198 1098 1226 1161 3,
1248 1114 1277 1151 n.
1300 1098 1357 1167 64),
1375 1110 1422 1150 etc.

341 1170 469 1224 P-ractice
487 1178 585 1221 autem
599 1180 675 1236 quae
693 1181 770 1229 vera,
785 1181 862 1236 quae
876 1165 934 1230 pia,
950 1182 1026 1236 quae
1038 1164 1115 1220 iusta
1133 1166 1171 1221 sit
1184 1167 1331 1236 doctrina,
1346 1167 1422 1221 tradit

340 1240 512 1295 Benedictus
535 1236 606 1293 XlV
631 1236 690 1307 (De
707 1236 925 1309 Syn..‚Dioec.,
946 1235 997 1296 lib.
1020 1249 1047 1306 7,
1067 1253 1133 1309 cap.
1153 1254 1198 1303 12,
1219 1257 1248 1293 n.
1269 1243 1301 1308 4)
1318 1258 1326 1294 ε
1353 1238 1424 1292 «Ne

339 1310 493 1384 «parochi
515 1322 641 1365 renuant
659 1307 872 1363 sanctissimam
897 1307 1111 1363 Eucharistiam
1131 1308 1235 1376 iterato
1261 1309 1374 1365 deferre
1393 1309 1423 1361 ad

152 1391 285 1451 alleganda
339 1404 355 1433 u
374 1396 517 1445 aearotos,
538 1380 589 1451 qui
614 1379 703 1435 etiam
722 1393 924 1445 perseverante
948 1380 1054 1437 eodem
1072 1380 1167 1438 morbi
1187 1381 1333 1452 periculo,
1352 1380 1424 1434 illam

124 1455 267 1519 contrario·
339 1476 355 1505 a
374 1454 489 1527 saepius
508 1470 559 1523 per
581 1452 704 1506 modum
722 1450 838 1519 Viatici,
854 1468 922 1507 cum
935 1451 1069 1507 naturale
1089 1450 1234 1508 ieiunium
1256 1469 1372 1509 servare
1383 1468 1424 1506 ne-

124 1521 177 1555 vam
192 1508 283 1569 amill-
340 1546 356 1577 a
374 1537 497 1597 queunt,
512 1523 661 1597 percipere
673 1523 797 1594 cupiunt
811 1544 838 1576 ».
1405 1555 1408 1560 >

130 1663 135 1671 Β
156 1605 190 1650 οι
200 1603 258 1651 aliis
375 1598 431 1652 Sed
446 1597 533 1651 missa
548 1595 719 1667 quaestione
733 1594 769 1648 de
782 1591 906 1649 infirmis
920 1593 1045 1674 graviter
1066 1594 1322 1662 decumbentibus,
1339 1595 1363 1649 si
1377 1592 1424 1647 dis·

124 1660 239 1731 '‘fi''l‘lt
339 1670 434 1725 cussio
456 1666 506 1721 fiat
525 1667 560 1721 de
575 1663 699 1720 infirmis
719 1664 866 1720 chronicis
886 1664 1011 1736 aliisque
1029 1664 1171 1720 diuturno
1191 1668 1303 1722 vmorbo
1323 1667 1426 1736 absque

123 1719 252 1823 {ltmll‘lw
339 1740 506 1795 discrimine
524 1735 735 1801 laborantibus,
753 1752 790 1791 ne
802 1748 886 1791 vetus
897 1735 1052 1808 disciplina
1063 1749 1204 1801 mutetur,
1217 1750 1274 1793 stat
1289 1739 1321 1793 in
1334 1736 1425 1811 primis

148 1790 197 1824 ’Μ
209 1792 240 1825 '⁵'
339 1811 491 1884 dispositio
508 1809 631 1865 Ritualis
647 1807 782 1869 Romani,
798 1824 874 1880 quae
887 1806 929 1862 ita
940 1820 1046 1863 sonat:
1067 1808 1211 1863 «Ceteris
1232 1809 1361 1865 infirmis
1382 1806 1425 1879 qui

340 1904 356 1933 κ
374 1884 413 1938 ob
431 1882 616 1937 devotionem
634 1879 664 1933 in
685 1879 869 1951 aegritudine
891 1878 1121 1948 communicant,
1141 1881 1238 1935 danda
1258 1894 1305 1937 est
1321 1881 1425 1937 Eucha-

339 1974 355 2005 (ι
375 1953 455 2009 ristia
468 1965 536 2009 aare
547 1968 667 2009 ornnem
681 1952 781 2005 cibum
793 1964 822 2007 et
836 1963 942 2022 potum
953 1972 980 2005 p.

153 2044 285 2092 Persarum
309 2050 311 2057 ,
375 2025 493 2081 Accedit
505 2026 585 2097 quod
606 2024 630 2079 si
642 2040 659 2077 a
671 2023 734 2093 lege
748 2022 875 2094 generali
891 2021 991 2076 ieiunii
1009 2038 1077 2077 cum
1098 2019 1226 2077 infirmis
1235 2037 1321 2079 extra
1334 2026 1425 2081 mortis

123 2101 216 2152 abun.
339 2096 501 2170 periculum
516 2097 741 2169 dispensaretur,
757 2111 817 2148 non
833 2094 918 2165 pauci
931 2094 1041 2148 abusus
1052 2093 1196 2165 obrepere
1207 2109 1340 2166 possent.

152 2183 284 2232 Imm.
377 2167 584 2223 Praetermisso
603 2166 682 2221 enim
703 2165 901 2237 parochorum
920 2164 1119 2227 incommodo,
1147 2166 1229 2236 quod
1252 2184 1344 2237 grave
1370 2168 1424 2221 lieri

123 2241 155 2307 dp
161 2240 270 2308 frequen·
338 2252 437 2307 posset
448 2240 471 2294 si
481 2237 651 2311 praesertim
661 2236 760 2309 plures
774 2234 884 2290 infirmi
897 2234 1027 2289 chronici
1041 2237 1070 2289 in
1086 2236 1223 2290 Paroecia
1235 2237 1423 2303 haberentur;
1463 2263 1464 2266 ¹

124 2302 194 2398 {imi
205 2299 267 2346 dela·
339 2311 584 2366 considerandum
597 2308 715 2380 insuper
728 2320 780 2374 est,
796 2307 876 2361 iuxta
894 2306 1007 2362 Rituale
1022 2309 1191 2361 Romanum
1204 2307 1272 2374 (loc,
1288 2311 1352 2375 cit,
1364 2328 1391 2364 n.
1402 2312 1423 2370 ό.

123 2369 198 2460 ,ἵζῗ
215 2358 267 2462 {w
339 2394 398 2452 γει
416 2385 454 2453 8),
476 2382 578 2437 sgnum
596 2381 819 2435 Sacramentum
838 2376 964 2433 infirmis
982 2377 1173 2433 deserendum
1194 2396 1257 2435 esse
1280 2382 1426 2436 manifeste
1463 2371 1465 2428 l

120 2420 222 2530 plateosl
339 2466 425 2526 atque
444 2450 614 2511 honorifice.
632 2453 669 2507 Et
688 2450 777 2506 Sacra
792 2450 912 2505 Rituum
925 2449 1120 2520 Congregatio
1140 2450 1171 2505 in
1185 2452 1361 2509 Mantuano
1377 2455 1425 2508 diei

338 2525 506 2582 6-iebruarii
529 2525 605 2597 1875.
630 2541 658 2577 n.
681 2523 760 2593 3337,
781 2523 824 2575 uti
838 2521 965 2576 abusum
977 2521 1192 2577 eliminandum
1210 2523 1353 2593 decrevit,
1366 2542 1425 2580 con-
1462 2530 1463 2589 l

339 2596 523 2653 suetudinem
553 2597 589 2650 ad
616 2592 751 2648 infirmos
782 2593 929 2649 Viaticum
956 2591 1105 2648 deferendi
1133 2608 1254 2657 secreto,
1282 2596 1348 2652 sine
1371 2595 1425 2651 ullo
1462 2606 1463 2611 ’

339 2669 485 2724 exterioris
497 2667 592 2722 cultus
605 2667 699 2737 signo,
716 2663 773 2718 nisi
787 2663 883 2718 adsint
896 2665 993 2734 gravia
1008 2663 1117 2718 motiva
1129 2665 1171 2720 sic
1185 2667 1302 2736 agendi.
1462 2678 1464 2735 1

374 2743 426 2794 Ast
447 2739 471 2793 si
490 2736 620 2794 chronici
641 2737 678 2790 ad
703 2734 955 2790 communionem
973 2735 1166 2791 admittantur
1190 2753 1252 2792 non
1275 2738 1377 2801 ieiuni,
1402 2748 1424 2792 et

339 2811 499 2865 excitentur
518 2810 555 2863 ad
569 2809 598 2862 S.
614 2807 755 2878 Synaxim
775 2806 940 2878 frequenter
960 2807 1184 2878 suscipiendam,
1205 2809 1318 2864 delatio
1343 2810 1424 2864 88¹¹·ae

340 2881 547 2943 Eucharistiae,
555 2879 641 2934 etiam
652 2879 742 2949 paulo
753 2876 933 2950 frequentius
943 2877 1061 2949 pervias
1071 2889 1099 2932 et
1108 2877 1137 2934 in
1148 2878 1340 2935 infirmorum
1348 2881 1424 2935 aedes
1461 2918 1462 2937 1

338 2952 442 3007 deferri
455 2962 601 3025 oporteret
613 2971 619 3018 ;
642 2963 669 3005 et
688 2950 717 3002 id
732 2952 779 3003 vix
792 2962 843 3004 aut
855 2966 891 3004 ne
903 2949 950 3003 vix
964 2950 1084 3020 quidem
1098 2965 1166 3004 cum
1185 2951 1282 3006 debita
1300 2966 1423 3008 reveren·
1461 2966 1463 2987 =

338 3025 377 3079 tia
390 3022 453 3078 fieri
467 3035 574 3096 posset.
1461 3002 1463 3041 Ι

151 3117 219 3164 gap,
226 3123 267 3177 p„
375 3096 472 3150 Firma
484 3107 583 3148 autem
596 3094 659 3163 lege
670 3091 824 3162 hucusque
838 3090 963 3160 vigente,
983 3103 1012 3145 et
1030 3091 1178 3146 devotioni
1191 3108 1225 3146 ac
1237 3093 1339 3164 pietati
1353 3091 1423 3146 infir-

123 3175 215 3222 indulta
227 3181 285 3235 pro·
338 3183 455 3222 morum
477 3163 674 3220 succurrendo
690 3179 739 3232 per
752 3174 920 3234 opportuna
932 3161 1055 3223 indulta,
1070 3163 1265 3219 incommodis
1278 3165 1424 3233 hucusque

123 3232 222 3280 videar.
337 3237 474 3310 expositis
484 3237 579 3291 aditus
590 3248 721 3290 maneret
730 3233 908 3313 praeclusus.
918 3234 1005 3288 Unde
1014 3234 1422 3292 nilinnovandum-rideretur.

151 3330 283 3388 alleganda
375 3310 418 3364 Ex
432 3308 521 3363 altera
542 3323 611 3360 vero
624 3317 704 3384 parte
724 3304 871 3358 observari
891 3317 985 3377 potest
1004 3304 1098 3375 legem
1117 3305 1342 3361 ecclesiasticam
1362 3306 1423 3359 ieiu-
1460 3300 1462 3345 l

122 3393 265 3446 prorantes·
338 3379 423 3434 nium
442 3380 575 3433 naturale
593 3390 680 3431 ettam
699 3375 825 3446 aegrotis
846 3375 1100 3445 praescribentem,
1121 3391 1280 3448 antequam
1300 3379 1331 3433 S3
1347 3379 1422 3432 Corn·

122 3447 194 3512 stom:
209 3445 283 3512 Ratio
338 3453 511 3505 munionem
534 3449 587 3519 ipsi
611 3459 738 3510 sumant,
759 3446 858 3500 datam
877 3463 938 3501 esse
957 3461 1021 3501 tum
1038 3448 1075 3502 ad
1095 3450 1311 3517 praecavendos
1324 3450 1423 3504 abusus

118 3503 267 3605 miglfft‘g:
338 3522 525 3594 quorundam
543 3520 594 3591 qui
616 3531 687 3590 potu
710 3530 738 3572 et
757 3519 829 3573 escis
848 3517 960 3588 repleti,
975 3520 1012 3572 ad
1026 3519 1057 3574 S.
1072 3519 1206 3574 Mensam
1219 3520 1357 3576 accedere
1370 3533 1423 3572 non
1459 3548 1460 3551 =

122 3559 236 3676 ffiffl?
257 3575 284 3608 ”⁸
337 3593 521 3657 verebantur,
542 3604 606 3644 tum
625 3590 661 3644 ad
680 3589 871 3645 reverentiam
891 3589 1080 3644 excolendam
1098 3607 1167 3658 erga
1190 3591 1422 3662 augustissimum
1459 3636 1461 3651 ,

338 3665 570 3720 Sacramentum.
587 3660 678 3732 Atqui
688 3678 757 3715 cum
770 3659 894 3714 infirmis
904 3659 1049 3716 chronicis
1062 3660 1182 3732 praefati
1196 3663 1304 3717 abusus
1316 3661 1422 3717 contin-

337 3752 404 3806 gere
429 3751 491 3788 non
514 3744 656 3806 possunt,
678 3748 732 3786 nec
752 3731 913 3786 reverentia
931 3749 999 3803 erga
1019 3733 1242 3786 Sacramentum
1264 3734 1304 3787 ob
1327 3727 1421 3787 ieiunii

337 3805 482 3860 defectum
507 3805 536 3858 in
563 3822 633 3859 casu
656 3801 845 3868 infirmitatis,
872 3803 1052 3871 detrahitur;
1079 3820 1150 3857 nam
1174 3820 1262 3858 causa
1287 3815 1421 3858 excusans
1458 3802 1459 3807 ’

337 3876 497 4001 ἰηῐεὲεεάἰῐ.
517 3878 595 3947 Ergo
609 3875 722 3929 videtur
737 3875 837 3929 adesse
850 3875 925 3929 ratio
944 3875 980 3928 ad
1000 3875 1070 3946 legis
1089 3874 1325 3930 moderationem
1346 3874 1421 3928 indu·
1458 3926 1460 3957 i

337 3965 388 4003 cen
413 3965 470 4002 am.

150 4028 252 4094 Carpus·
371 4019 507 4081 Aliunde,
528 4035 597 4073 curn
618 4019 758 4074 omnibus
778 4015 1032 4072 indiscriminatim
1051 4014 1299 4071 Christifidelibus
1322 4029 1419 4090 consu·
1457 4060 1458 4075 ,

119 4100 195 4138 matrs
215 4086 280 4152 mda'·
335 4090 412 4144 latur
434 4090 590 4156 cotidiana,
614 4091 659 4143 vel
681 4091 784 4144 saltem
804 4089 940 4160 frequens
955 4087 1144 4152 Commnnio,
1159 4088 1243 4142 nulla
1256 4088 1339 4142 adest
1352 4098 1418 4141 rano
1457 4086 1458 4161 l

117 4149 170 4244 {22⁸⁸
178 4145 258 4243 tl'ssl‘·
335 4178 387 4215 cur
410 4160 534 4216 infirmis
547 4162 598 4231 qui
613 4161 757 4215 ieiunium
769 4177 883 4215 servare
896 4175 956 4214 non
970 4170 1101 4228 possunt,
1116 4159 1174 4213 hoc
1187 4158 1368 4230 prohibitum
1377 4154 1416 4209 sit.

120 4215 202 4301 „55ss
240 4215 278 4247 ‘³⁶'
337 4233 427 4303 ldque
441 4249 476 4286 eo
485 4232 530 4286 vel
543 4233 645 4311 magis,
658 4233 737 4304 quod
752 4231 806 4304 ipsi
818 4230 921 4285 maiori
932 4229 1099 4285 detinentur
1112 4229 1282 4286 necessitate
1293 4223 1415 4285 vescendi
1457 4233 1459 4263 ¹

335 4303 465 4373 Corpore
479 4303 599 4360 Christi.

1386 1524 1403 1532 x.
