<?xml version="1.0" encoding="UTF-8"?>
<!DOCTYPE html PUBLIC "-//W3C//DTD XHTML 1.0 Transitional//EN"
    "http://www.w3.org/TR/xhtml1/DTD/xhtml1-transitional.dtd">
<html xmlns="http://www.w3.org/1999/xhtml" xml:lang="en" lang="en">
 <head>
  <title>
</title>
<meta http-equiv="Content-Type" content="text/html;charset=utf-8" />
  <meta name='ocr-system' content='tesseract 3.04.00' />
  <meta name='ocr-capabilities' content='ocr_page ocr_carea ocr_par ocr_line ocrx_word'/>
</head>
<body>
  <div class='ocr_page' id='page_1' title='image "./dereligiosisins01vermgoog_0022.png"; bbox 0 0 2959 4900; ppageno 0'>
   <div class='ocr_carea' id='block_1_1' title="bbox 223 354 858 416">
    <p class='ocr_par' dir='ltr' id='par_1_1' title="bbox 223 354 858 416">
     <span class='ocr_line' id='line_1_1' title="bbox 223 354 858 416; baseline -0.009 -1"><span class='ocrx_word' id='word_1_1' title='bbox 223 354 257 416; x_wconf 71' lang='lat'><em>1⁰3</em></span> <span class='ocrx_word' id='word_1_2' title='bbox 676 374 858 410; x_wconf 68' lang='lat' dir='ltr'><em>aasumensi</em></span> 
     </span>
    </p>
   </div>
   <div class='ocr_carea' id='block_1_2' title="bbox 7 506 1372 940">
    <p class='ocr_par' dir='ltr' id='par_1_2' title="bbox 7 506 1372 940">
     <span class='ocr_line' id='line_1_2' title="bbox 7 506 1312 582; baseline 0 -20"><span class='ocrx_word' id='word_1_3' title='bbox 7 520 163 570; x_wconf 72' lang='lat' dir='ltr'><em>Responsa.</em></span> <span class='ocrx_word' id='word_1_4' title='bbox 253 509 313 564; x_wconf 89' lang='lat' dir='ltr'><em>Ad.</em></span> <span class='ocrx_word' id='word_1_5' title='bbox 334 525 360 563; x_wconf 84' lang='lat' dir='ltr'><em>r.</em></span> <span class='ocrx_word' id='word_1_6' title='bbox 381 507 549 582; x_wconf 84' lang='lat' dir='ltr'><em>Negatiue;</em></span> <span class='ocrx_word' id='word_1_7' title='bbox 572 525 623 564; x_wconf 88' lang='lat' dir='ltr'><em>seu</em></span> <span class='ocrx_word' id='word_1_8' title='bbox 643 507 700 563; x_wconf 89' lang='lat' dir='ltr'><em>soli</em></span> <span class='ocrx_word' id='word_1_9' title='bbox 723 508 786 563; x_wconf 73' lang='lat' dir='ltr'><em>Rmo</em></span> <span class='ocrx_word' id='word_1_10' title='bbox 809 509 846 563; x_wconf 90' lang='lat' dir='ltr'><em>P.</em></span> <span class='ocrx_word' id='word_1_11' title='bbox 858 507 1014 581; x_wconf 88' lang='lat' dir='ltr'><em>Magistro</em></span> <span class='ocrx_word' id='word_1_12' title='bbox 1025 506 1168 582; x_wconf 89' lang='lat' dir='ltr'><em>generali</em></span> <span class='ocrx_word' id='word_1_13' title='bbox 1186 507 1312 562; x_wconf 85' lang='lat' dir='ltr'><em>Ordinis</em></span> 
     </span>
     <span class='ocr_line' id='line_1_3' title="bbox 218 578 1372 652; baseline -0.002 -18"><span class='ocrx_word' id='word_1_14' title='bbox 218 580 466 635; x_wconf 88' lang='lat' dir='ltr'><em>Praedicatorum</em></span> <span class='ocrx_word' id='word_1_15' title='bbox 490 579 537 635; x_wconf 86' lang='lat' dir='ltr'><em>vel</em></span> <span class='ocrx_word' id='word_1_16' title='bbox 555 580 617 636; x_wconf 91' lang='lat' dir='ltr'><em>eius</em></span> <span class='ocrx_word' id='word_1_17' title='bbox 637 579 842 652; x_wconf 88' lang='lat' dir='ltr'><em>Vicesgerenti</em></span> <span class='ocrx_word' id='word_1_18' title='bbox 855 590 1021 652; x_wconf 79' lang='lat' dir='ltr'><em>competere</em></span> <span class='ocrx_word' id='word_1_19' title='bbox 1042 579 1219 635; x_wconf 84' lang='lat' dir='ltr'><em>erectionem</em></span> <span class='ocrx_word' id='word_1_20' title='bbox 1236 578 1312 633; x_wconf 91' lang='lat' dir='ltr'><em>Con·</em></span> <span class='ocrx_word' id='word_1_21' title='bbox 1369 598 1372 604; x_wconf 95' lang='lat'>·</span> 
     </span>
     <span class='ocr_line' id='line_1_4' title="bbox 214 650 1312 724; baseline -0.001 -20"><span class='ocrx_word' id='word_1_22' title='bbox 214 651 449 721; x_wconf 78' lang='lat' dir='ltr'><em>fraternitatum,</em></span> <span class='ocrx_word' id='word_1_23' title='bbox 464 650 510 707; x_wconf 85' lang='lat' dir='ltr'><em>uel</em></span> <span class='ocrx_word' id='word_1_24' title='bbox 522 653 612 707; x_wconf 86' lang='lat' dir='ltr'><em>etiam</em></span> <span class='ocrx_word' id='word_1_25' title='bbox 623 651 745 724; x_wconf 88' lang='lat' dir='ltr'><em>piarum</em></span> <span class='ocrx_word' id='word_1_26' title='bbox 765 651 915 707; x_wconf 89' lang='lat' dir='ltr'><em>Unionum</em></span> <span class='ocrx_word' id='word_1_27' title='bbox 941 669 960 706; x_wconf 94' lang='lat' dir='ltr'><em>a</em></span> <span class='ocrx_word' id='word_1_28' title='bbox 981 652 1037 707; x_wconf 86' lang='lat' dir='ltr'><em>SS.</em></span> <span class='ocrx_word' id='word_1_29' title='bbox 1053 650 1186 706; x_wconf 86' lang='lat' dir='ltr'><em>Rosario</em></span> <span class='ocrx_word' id='word_1_30' title='bbox 1203 667 1312 704; x_wconf 92' lang='lat' dir='ltr'><em>nuncu-</em></span> 
     </span>
     <span class='ocr_line' id='line_1_5' title="bbox 212 721 1312 796; baseline 0 -20"><span class='ocrx_word' id='word_1_31' title='bbox 212 733 366 796; x_wconf 81' lang='lat' dir='ltr'><em>patorum,</em></span> <span class='ocrx_word' id='word_1_32' title='bbox 382 723 446 778; x_wconf 90' lang='lat' dir='ltr'><em>ideo</em></span> <span class='ocrx_word' id='word_1_33' title='bbox 469 739 504 778; x_wconf 90' lang='lat' dir='ltr'><em>ue</em></span> <span class='ocrx_word' id='word_1_34' title='bbox 517 741 535 778; x_wconf 93' lang='lat' dir='ltr'><em>a</em></span> <span class='ocrx_word' id='word_1_35' title='bbox 550 722 631 777; x_wconf 87' lang='lat' dir='ltr'><em>nullo</em></span> <span class='ocrx_word' id='word_1_36' title='bbox 644 722 706 778; x_wconf 86' lang='lat' dir='ltr'><em>alio</em></span> <span class='ocrx_word' id='word_1_37' title='bbox 726 722 826 778; x_wconf 79' lang='lat' dir='ltr'><em>valide</em></span> <span class='ocrx_word' id='word_1_38' title='bbox 845 722 892 776; x_wconf 89' lang='lat' dir='ltr'><em>eri</em></span> <span class='ocrx_word' id='word_1_39' title='bbox 916 722 927 774; x_wconf 91' lang='lat' dir='ltr'><em>i</em></span> <span class='ocrx_word' id='word_1_40' title='bbox 936 722 1027 794; x_wconf 83' lang='lat' dir='ltr'><em>possi,</em></span> <span class='ocrx_word' id='word_1_41' title='bbox 1052 722 1142 778; x_wconf 91' lang='lat' dir='ltr'><em>etiam</em></span> <span class='ocrx_word' id='word_1_42' title='bbox 1158 739 1224 776; x_wconf 90' lang='lat' dir='ltr'><em>cum</em></span> <span class='ocrx_word' id='word_1_43' title='bbox 1238 721 1312 776; x_wconf 87' lang='lat' dir='ltr'><em>solis</em></span> 
     </span>
     <span class='ocr_line' id='line_1_6' title="bbox 218 793 1310 868; baseline 0 -21"><span class='ocrx_word' id='word_1_44' title='bbox 218 793 411 868; x_wconf 81' lang='lat' dir='ltr'><em>indulgentiis</em></span> <span class='ocrx_word' id='word_1_45' title='bbox 458 795 732 866; x_wconf 74' lang='lat' dir='ltr'><em>onfraternitatibus</em></span> <span class='ocrx_word' id='word_1_46' title='bbox 753 794 800 850; x_wconf 86' lang='lat' dir='ltr'><em>uel</em></span> <span class='ocrx_word' id='word_1_47' title='bbox 815 794 875 867; x_wconf 88' lang='lat' dir='ltr'><em>piis</em></span> <span class='ocrx_word' id='word_1_48' title='bbox 923 793 1058 849; x_wconf 88' lang='lat' dir='ltr'><em>nionibus</em></span> <span class='ocrx_word' id='word_1_49' title='bbox 1074 794 1103 848; x_wconf 91' lang='lat' dir='ltr'><em>in</em></span> <span class='ocrx_word' id='word_1_50' title='bbox 1118 810 1232 868; x_wconf 82' lang='lat' dir='ltr'><em>genere</em></span> <span class='ocrx_word' id='word_1_51' title='bbox 1247 810 1266 848; x_wconf 92' lang='lat' dir='ltr'><em>a</em></span> <span class='ocrx_word' id='word_1_52' title='bbox 1277 793 1310 848; x_wconf 90' lang='lat' dir='ltr'><em>S.</em></span> 
     </span>
     <span class='ocr_line' id='line_1_7' title="bbox 217 863 1203 940; baseline -0.006 -14"><span class='ocrx_word' id='word_1_53' title='bbox 217 863 294 926; x_wconf 84' lang='lat' dir='ltr'><em>Sede</em></span> <span class='ocrx_word' id='word_1_54' title='bbox 303 866 457 935; x_wconf 64' lang='lat' dir='ltr'><em>concessis</em></span> <span class='ocrx_word' id='word_1_55' title='bbox 472 866 519 921; x_wconf 85' lang='lat' dir='ltr'><em>rel</em></span> <span class='ocrx_word' id='word_1_56' title='bbox 533 866 653 921; x_wconf 89' lang='lat' dir='ltr'><em>concedi</em></span> <span class='ocrx_word' id='word_1_57' title='bbox 662 865 768 922; x_wconf 85' lang='lat' dir='ltr'><em>solitis.</em></span> <span class='ocrx_word' id='word_1_58' title='bbox 784 866 824 920; x_wconf 88' lang='lat' dir='ltr'><em>Et</em></span> <span class='ocrx_word' id='word_1_59' title='bbox 836 865 1033 940; x_wconf 88' lang='lat' dir='ltr'><em>corrigantur</em></span> <span class='ocrx_word' id='word_1_60' title='bbox 1038 864 1203 939; x_wconf 75' lang='lat' dir='ltr'><em>formulae.</em></span> 
     </span>
    </p>
   </div>
   <div class='ocr_carea' id='block_1_3' title="bbox 253 949 723 1022">
    <p class='ocr_par' dir='ltr' id='par_1_3' title="bbox 253 949 723 1022">
     <span class='ocr_line' id='line_1_8' title="bbox 253 949 723 1022; baseline -0.006 -15"><span class='ocrx_word' id='word_1_61' title='bbox 253 950 313 1007; x_wconf 90' lang='lat' dir='ltr'><em>Ad.</em></span> <span class='ocrx_word' id='word_1_62' title='bbox 333 949 375 1006; x_wconf 88' lang='lat' dir='ltr'><em>ll.</em></span> <span class='ocrx_word' id='word_1_63' title='bbox 397 949 556 1006; x_wconf 80' lang='lat' dir='ltr'><em>Provisum</em></span> <span class='ocrx_word' id='word_1_64' title='bbox 571 949 601 1003; x_wconf 90' lang='lat' dir='ltr'><em>in</em></span> <span class='ocrx_word' id='word_1_65' title='bbox 612 949 723 1022; x_wconf 85' lang='lat' dir='ltr'><em>prima.</em></span> 
     </span>
    </p>
   </div>
   <div class='ocr_carea' id='block_1_4' title="bbox 5 1031 1313 1248">
    <p class='ocr_par' dir='ltr' id='par_1_4' title="bbox 5 1031 1313 1248">
     <span class='ocr_line' id='line_1_9' title="bbox 7 1031 1313 1135; baseline -0.003 -43"><span class='ocrx_word' id='word_1_66' title='bbox 7 1033 156 1135; x_wconf 37' lang='lat' dir='ltr'><em>sdlltvla·</em></span> <span class='ocrx_word' id='word_1_67' title='bbox 254 1031 392 1113; x_wconf 80' lang='lat' dir='ltr'><em>Sequenti</em></span> <span class='ocrx_word' id='word_1_68' title='bbox 406 1049 473 1089; x_wconf 86' lang='lat' dir='ltr'><em>vero</em></span> <span class='ocrx_word' id='word_1_69' title='bbox 487 1033 557 1088; x_wconf 89' lang='lat' dir='ltr'><em>feria</em></span> <span class='ocrx_word' id='word_1_70' title='bbox 570 1033 621 1099; x_wconf 83' lang='lat' dir='ltr'><em>Vl,</em></span> <span class='ocrx_word' id='word_1_71' title='bbox 636 1033 682 1113; x_wconf 83' lang='lat' dir='ltr'><em>die</em></span> <span class='ocrx_word' id='word_1_72' title='bbox 706 1050 737 1113; x_wconf 89' lang='lat'><em>¹.⁰</em></span> <span class='ocrx_word' id='word_1_73' title='bbox 751 1032 881 1088; x_wconf 89' lang='lat' dir='ltr'><em>eiusdem</em></span> <span class='ocrx_word' id='word_1_74' title='bbox 896 1033 1005 1088; x_wconf 86' lang='lat' dir='ltr'><em>mensis</em></span> <span class='ocrx_word' id='word_1_75' title='bbox 1028 1044 1056 1088; x_wconf 87' lang='lat' dir='ltr'><em>et</em></span> <span class='ocrx_word' id='word_1_76' title='bbox 1079 1033 1159 1101; x_wconf 90' lang='lat' dir='ltr'><em>anni,</em></span> <span class='ocrx_word' id='word_1_77' title='bbox 1181 1033 1211 1088; x_wconf 92' lang='lat' dir='ltr'><em>in</em></span> <span class='ocrx_word' id='word_1_78' title='bbox 1226 1031 1313 1088; x_wconf 85' lang='lat' dir='ltr'><em>solita</em></span> 
     </span>
     <span class='ocr_line' id='line_1_10' title="bbox 5 1089 1311 1195; baseline 0.001 -36"><span class='ocrx_word' id='word_1_79' title='bbox 5 1105 39 1195; x_wconf 62' lang='lat' dir='ltr'><em>gg</em></span> <span class='ocrx_word' id='word_1_80' title='bbox 60 1089 164 1195; x_wconf 46' lang='lat' dir='ltr'><em>‘’gygg</em></span> <span class='ocrx_word' id='word_1_81' title='bbox 218 1105 365 1186; x_wconf 67' lang='lat' dir='ltr'><em>annania</em></span> <span class='ocrx_word' id='word_1_82' title='bbox 380 1105 430 1160; x_wconf 89' lang='lat' dir='ltr'><em>ss.</em></span> <span class='ocrx_word' id='word_1_83' title='bbox 449 1106 482 1160; x_wconf 87' lang='lat' dir='ltr'><em>n.</em></span> <span class='ocrx_word' id='word_1_84' title='bbox 507 1107 543 1160; x_wconf 84' lang='lat' dir='ltr'><em>u.</em></span> <span class='ocrx_word' id='word_1_85' title='bbox 563 1105 670 1184; x_wconf 65' lang='lat' dir='ltr'><em>neoris</em></span> <span class='ocrx_word' id='word_1_86' title='bbox 689 1106 751 1159; x_wconf 64' lang='lat' dir='ltr'><em>niv.</em></span> <span class='ocrx_word' id='word_1_87' title='bbox 770 1107 855 1159; x_wconf 70' lang='lat' dir='ltr'>psov.</span> <span class='ocrx_word' id='word_1_88' title='bbox 873 1106 925 1175; x_wconf 76' lang='lat' dir='ltr'><em>ep.</em></span> <span class='ocrx_word' id='word_1_89' title='bbox 940 1105 1013 1162; x_wconf 87' lang='lat' dir='ltr'><em>xm</em></span> <span class='ocrx_word' id='word_1_90' title='bbox 1029 1122 1046 1158; x_wconf 83' lang='lat' dir='ltr'><em>a</em></span> <span class='ocrx_word' id='word_1_91' title='bbox 1061 1106 1147 1184; x_wconf 68' lang='lat' dir='ltr'><em>aa.</em></span> <span class='ocrx_word' id='word_1_92' title='bbox 1161 1107 1196 1161; x_wconf 87' lang='lat' dir='ltr'><em>n.</em></span> <span class='ocrx_word' id='word_1_93' title='bbox 1212 1105 1311 1161; x_wconf 80' lang='lat' dir='ltr'><em>asses-</em></span> 
     </span>
     <span class='ocr_line' id='line_1_11' title="bbox 43 1175 1131 1248; baseline -0.001 -16"><span class='ocrx_word' id='word_1_94' title='bbox 43 1184 48 1203; x_wconf 89' lang='lat'><strong>’</strong></span> <span class='ocrx_word' id='word_1_95' title='bbox 218 1193 283 1233; x_wconf 88' lang='lat' dir='ltr'><em>sore</em></span> <span class='ocrx_word' id='word_1_96' title='bbox 297 1175 404 1244; x_wconf 81' lang='lat' dir='ltr'><em>habita,</em></span> <span class='ocrx_word' id='word_1_97' title='bbox 420 1177 509 1232; x_wconf 66' lang='lat' dir='ltr'><em>§smus</em></span> <span class='ocrx_word' id='word_1_98' title='bbox 522 1175 732 1231; x_wconf 86' lang='lat' dir='ltr'><em>resolunonem</em></span> <span class='ocrx_word' id='word_1_99' title='bbox 747 1177 809 1230; x_wconf 91' lang='lat' dir='ltr'><em>EE.</em></span> <span class='ocrx_word' id='word_1_100' title='bbox 824 1192 858 1229; x_wconf 88' lang='lat' dir='ltr'><em>ac</em></span> <span class='ocrx_word' id='word_1_101' title='bbox 873 1177 934 1231; x_wconf 86' lang='lat' dir='ltr'><em>RR.</em></span> <span class='ocrx_word' id='word_1_102' title='bbox 950 1176 1131 1248; x_wconf 76' lang='lat' dir='ltr'><em>adprobant.</em></span> 
     </span>
    </p>
   </div>
   <div class='ocr_carea' id='block_1_5' title="bbox 6 1219 1273 1333">
    <p class='ocr_par' dir='ltr' id='par_1_5' title="bbox 6 1219 1273 1333">
     <span class='ocr_line' id='line_1_12' title="bbox 6 1219 1273 1333; baseline 0.023 -43"><span class='ocrx_word' id='word_1_103' title='bbox 6 1219 65 1252; x_wconf 60' lang='lat' dir='ltr'><em>&#39;&#39;m‘&#39;</em></span> <span class='ocrx_word' id='word_1_104' title='bbox 77 1223 142 1265; x_wconf 77' lang='lat'><em>¹⁹⁰¹&#39;</em></span> <span class='ocrx_word' id='word_1_105' title='bbox 484 1261 510 1317; x_wconf 94' lang='lat' dir='ltr'><em>I.</em></span> <span class='ocrx_word' id='word_1_106' title='bbox 526 1253 603 1318; x_wconf 86' lang='lat' dir='ltr'><em>Can.</em></span> <span class='ocrx_word' id='word_1_107' title='bbox 619 1259 758 1315; x_wconf 84' lang='lat' dir='ltr'><em>Mancini</em></span> <span class='ocrx_word' id='word_1_108' title='bbox 770 1261 802 1315; x_wconf 81' lang='lat' dir='ltr'><em>S.</em></span> <span class='ocrx_word' id='word_1_109' title='bbox 817 1261 854 1316; x_wconf 94' lang='lat' dir='ltr'><em>R.</em></span> <span class='ocrx_word' id='word_1_110' title='bbox 869 1271 897 1315; x_wconf 89' lang='lat' dir='ltr'><em>et</em></span> <span class='ocrx_word' id='word_1_111' title='bbox 913 1261 950 1315; x_wconf 86' lang='lat' dir='ltr'><em>U.</em></span> <span class='ocrx_word' id='word_1_112' title='bbox 967 1261 1102 1333; x_wconf 86' lang='lat' dir='ltr'><em>Inquisit.</em></span> <span class='ocrx_word' id='word_1_113' title='bbox 1118 1261 1273 1319; x_wconf 88' lang='lat' dir='ltr'><em>Notarius.</em></span> 
     </span>
    </p>
   </div>
   <div class='ocr_carea' id='block_1_6' title="bbox 284 1565 1245 1812">
    <p class='ocr_par' dir='ltr' id='par_1_6' title="bbox 284 1565 1245 1812">
     <span class='ocr_line' id='line_1_13' title="bbox 415 1565 1112 1652; baseline 0.003 -4"><span class='ocrx_word' id='word_1_114' title='bbox 415 1565 453 1651; x_wconf 83' lang='lat'><em>2.</em></span> <span class='ocrx_word' id='word_1_115' title='bbox 476 1618 516 1628; x_wconf 92' lang='lat'><em>-</em></span> <span class='ocrx_word' id='word_1_116' title='bbox 538 1581 574 1650; x_wconf 83' lang='lat'><em>8.</em></span> <span class='ocrx_word' id='word_1_117' title='bbox 596 1580 743 1652; x_wconf 82' lang='lat' dir='ltr'><em>sttuun</em></span> <span class='ocrx_word' id='word_1_118' title='bbox 767 1579 1112 1652; x_wconf 67' lang='lat' dir='ltr'><em>contumulatus</em></span> 
     </span>
     <span class='ocr_line' id='line_1_14' title="bbox 284 1752 1245 1812; baseline -0.003 -2"><span class='ocrx_word' id='word_1_119' title='bbox 284 1753 493 1810; x_wconf 73' lang='lat' dir='ltr'><em>ausaausa</em></span> <span class='ocrx_word' id='word_1_120' title='bbox 514 1755 523 1790; x_wconf 82' lang='lat'><em>1</em></span> <span class='ocrx_word' id='word_1_121' title='bbox 543 1754 562 1810; x_wconf 84' lang='lat' dir='ltr'><em>o</em></span> <span class='ocrx_word' id='word_1_122' title='bbox 580 1756 816 1812; x_wconf 79' lang='lat' dir='ltr'><em>ornaments</em></span> <span class='ocrx_word' id='word_1_123' title='bbox 835 1756 918 1810; x_wconf 87' lang='lat'><strong><em>1902</em></strong></span> <span class='ocrx_word' id='word_1_124' title='bbox 935 1757 991 1811; x_wconf 81' lang='lat' dir='ltr'><em>ar</em></span> <span class='ocrx_word' id='word_1_125' title='bbox 1008 1755 1029 1809; x_wconf 86' lang='lat' dir='ltr'><em>a</em></span> <span class='ocrx_word' id='word_1_126' title='bbox 1047 1754 1144 1809; x_wconf 81' lang='lat' dir='ltr'><em>narr</em></span> <span class='ocrx_word' id='word_1_127' title='bbox 1162 1752 1245 1808; x_wconf 79' lang='lat' dir='ltr'><em>asoa</em></span> 
     </span>
    </p>
   </div>
   <div class='ocr_carea' id='block_1_7' title="bbox 306 1904 1220 1980">
    <p class='ocr_par' dir='ltr' id='par_1_7' title="bbox 306 1904 1220 1980">
     <span class='ocr_line' id='line_1_15' title="bbox 306 1904 1220 1980; baseline 0.001 -19"><span class='ocrx_word' id='word_1_128' title='bbox 306 1904 360 1961; x_wconf 86' lang='lat' dir='ltr'><em>De</em></span> <span class='ocrx_word' id='word_1_129' title='bbox 378 1905 588 1965; x_wconf 79' lang='lat' dir='ltr'><em>calendario</em></span> <span class='ocrx_word' id='word_1_130' title='bbox 607 1908 858 1980; x_wconf 81' lang='lat' dir='ltr'><em>religiosorum</em></span> <span class='ocrx_word' id='word_1_131' title='bbox 878 1911 917 1966; x_wconf 83' lang='lat' dir='ltr'><em>et</em></span> <span class='ocrx_word' id='word_1_132' title='bbox 937 1907 1090 1965; x_wconf 73' lang='lat' dir='ltr'><em>‘titulari</em></span> <span class='ocrx_word' id='word_1_133' title='bbox 1112 1906 1220 1963; x_wconf 81' lang='lat' dir='ltr'><em>dubio</em></span> 
     </span>
    </p>
   </div>
   <div class='ocr_carea' id='block_1_8' title="bbox 256 2081 783 2154">
    <p class='ocr_par' dir='ltr' id='par_1_8' title="bbox 256 2081 783 2154">
     <span class='ocr_line' id='line_1_16' title="bbox 256 2081 783 2154; baseline 0.008 -20"><span class='ocrx_word' id='word_1_134' title='bbox 256 2082 278 2135; x_wconf 88' lang='grc' dir='ltr'><em>Ι.</em></span> <span class='ocrx_word' id='word_1_135' title='bbox 300 2081 480 2154; x_wconf 83' lang='lat' dir='ltr'><em>Responsum</em></span> <span class='ocrx_word' id='word_1_136' title='bbox 494 2083 513 2136; x_wconf 79' lang='grc'><em>6</em></span> <span class='ocrx_word' id='word_1_137' title='bbox 525 2082 689 2138; x_wconf 85' lang='lat' dir='ltr'><em>decembris</em></span> <span class='ocrx_word' id='word_1_138' title='bbox 702 2099 783 2153; x_wconf 76' lang='lat'><em>1902.</em></span> 
     </span>
    </p>
   </div>
   <div class='ocr_carea' id='block_1_9' title="bbox 33 2160 1311 2520">
    <p class='ocr_par' dir='ltr' id='par_1_9' title="bbox 33 2160 1311 2520">
     <span class='ocr_line' id='line_1_17' title="bbox 36 2160 1311 2240; baseline -0.006 -17"><span class='ocrx_word' id='word_1_139' title='bbox 36 2193 133 2239; x_wconf 50' lang='lat' dir='ltr'><em>omi„</em></span> <span class='ocrx_word' id='word_1_140' title='bbox 256 2165 290 2219; x_wconf 92' lang='lat' dir='ltr'><em>R.</em></span> <span class='ocrx_word' id='word_1_141' title='bbox 321 2165 353 2218; x_wconf 85' lang='lat' dir='ltr'><em>P.</em></span> <span class='ocrx_word' id='word_1_142' title='bbox 381 2164 501 2234; x_wconf 82' lang='lat' dir='ltr'><em>Elogius</em></span> <span class='ocrx_word' id='word_1_143' title='bbox 527 2165 714 2230; x_wconf 86' lang='lat' dir='ltr'><em>Villalranca,</em></span> <span class='ocrx_word' id='word_1_144' title='bbox 740 2168 892 2240; x_wconf 83' lang='lat' dir='ltr'><em>Presbyter</em></span> <span class='ocrx_word' id='word_1_145' title='bbox 923 2168 1018 2235; x_wconf 82' lang='lat' dir='ltr'><em>Cong.</em></span> <span class='ocrx_word' id='word_1_146' title='bbox 1049 2160 1311 2220; x_wconf 87' lang='lat' dir='ltr'><em>Missionariorum</em></span> 
     </span>
     <span class='ocr_line' id='line_1_18' title="bbox 196 2233 1308 2308; baseline -0.003 -19"><span class='ocrx_word' id='word_1_147' title='bbox 196 2285 198 2289; x_wconf 89' lang='lat'><em>.</em></span> <span class='ocrx_word' id='word_1_148' title='bbox 220 2233 363 2290; x_wconf 88' lang='lat' dir='ltr'><em>Filiorum</em></span> <span class='ocrx_word' id='word_1_149' title='bbox 390 2237 571 2291; x_wconf 81' lang='lat' dir='ltr'><em>immaculati</em></span> <span class='ocrx_word' id='word_1_150' title='bbox 597 2239 701 2294; x_wconf 86' lang='lat' dir='ltr'><em>Cordis</em></span> <span class='ocrx_word' id='word_1_151' title='bbox 727 2240 760 2292; x_wconf 87' lang='grc' dir='ltr'><em>Β.</em></span> <span class='ocrx_word' id='word_1_152' title='bbox 778 2239 819 2294; x_wconf 87' lang='lat' dir='ltr'><em>M.</em></span> <span class='ocrx_word' id='word_1_153' title='bbox 835 2240 870 2294; x_wconf 94' lang='lat' dir='ltr'><em>V.</em></span> <span class='ocrx_word' id='word_1_154' title='bbox 896 2249 924 2294; x_wconf 90' lang='lat' dir='ltr'><em>et</em></span> <span class='ocrx_word' id='word_1_155' title='bbox 947 2235 1113 2308; x_wconf 85' lang='lat' dir='ltr'><em>Calendarii</em></span> <span class='ocrx_word' id='word_1_156' title='bbox 1143 2233 1308 2298; x_wconf 88' lang='lat' dir='ltr'><em>ordinator,</em></span> 
     </span>
     <span class='ocr_line' id='line_1_19' title="bbox 219 2303 1310 2382; baseline -0.002 -22"><span class='ocrx_word' id='word_1_157' title='bbox 219 2307 254 2361; x_wconf 93' lang='lat' dir='ltr'><em>de</em></span> <span class='ocrx_word' id='word_1_158' title='bbox 275 2323 420 2363; x_wconf 89' lang='lat' dir='ltr'><em>consensu</em></span> <span class='ocrx_word' id='word_1_159' title='bbox 444 2308 488 2362; x_wconf 87' lang='lat' dir='ltr'><em>sui</em></span> <span class='ocrx_word' id='word_1_160' title='bbox 514 2309 578 2363; x_wconf 78' lang='lat' dir='ltr'><em>Rmi.</em></span> <span class='ocrx_word' id='word_1_161' title='bbox 608 2311 639 2364; x_wconf 88' lang='lat' dir='ltr'><em>P.</em></span> <span class='ocrx_word' id='word_1_162' title='bbox 666 2309 833 2382; x_wconf 87' lang='lat' dir='ltr'><em>Superioris</em></span> <span class='ocrx_word' id='word_1_163' title='bbox 856 2309 1018 2374; x_wconf 84' lang='lat' dir='ltr'><em>Generalis,</em></span> <span class='ocrx_word' id='word_1_164' title='bbox 1040 2305 1195 2380; x_wconf 85' lang='lat' dir='ltr'><em>sequentia</em></span> <span class='ocrx_word' id='word_1_165' title='bbox 1218 2303 1310 2359; x_wconf 89' lang='lat' dir='ltr'><em>dubia</em></span> 
     </span>
     <span class='ocr_line' id='line_1_20' title="bbox 33 2375 1308 2462; baseline -0.006 -24"><span class='ocrx_word' id='word_1_166' title='bbox 33 2417 126 2462; x_wconf 55' lang='lat' dir='ltr'><em>„uma</em></span> <span class='ocrx_word' id='word_1_167' title='bbox 219 2379 326 2459; x_wconf 77' lang='lat' dir='ltr'><em>Sacrae</em></span> <span class='ocrx_word' id='word_1_168' title='bbox 338 2378 458 2460; x_wconf 81' lang='lat' dir='ltr'><em>Rituum</em></span> <span class='ocrx_word' id='word_1_169' title='bbox 477 2380 703 2453; x_wconf 86' lang='lat' dir='ltr'><em>Congregationi</em></span> <span class='ocrx_word' id='word_1_170' title='bbox 727 2398 781 2455; x_wconf 87' lang='lat' dir='ltr'><em>pro</em></span> <span class='ocrx_word' id='word_1_171' title='bbox 795 2393 962 2456; x_wconf 88' lang='lat' dir='ltr'><em>opportuna</em></span> <span class='ocrx_word' id='word_1_172' title='bbox 976 2379 1126 2436; x_wconf 86' lang='lat' dir='ltr'><em>solutione</em></span> <span class='ocrx_word' id='word_1_173' title='bbox 1142 2375 1308 2432; x_wconf 87' lang='lat' dir='ltr'><em>humillime</em></span> 
     </span>
     <span class='ocr_line' id='line_1_21' title="bbox 35 2450 526 2520; baseline -0.006 -10"><span class='ocrx_word' id='word_1_174' title='bbox 35 2490 57 2519; x_wconf 75' lang='lat'><em>1,</em></span> <span class='ocrx_word' id='word_1_175' title='bbox 71 2473 165 2520; x_wconf 59' lang='lat' dir='ltr'><em>eomes.</em></span> <span class='ocrx_word' id='word_1_176' title='bbox 219 2450 349 2515; x_wconf 73' lang='lat' dir='ltr'><em>subrent,</em></span> <span class='ocrx_word' id='word_1_177' title='bbox 365 2452 505 2507; x_wconf 82' lang='lat' dir='ltr'><em>nimirum</em></span> <span class='ocrx_word' id='word_1_178' title='bbox 521 2474 526 2507; x_wconf 95' lang='lat'><strong>:</strong></span> 
     </span>
    </p>
   </div>
   <div class='ocr_carea' id='block_1_10' title="bbox 6 2532 1310 2822">
    <p class='ocr_par' dir='ltr' id='par_1_10' title="bbox 6 2532 1310 2822">
     <span class='ocr_line' id='line_1_22' title="bbox 7 2532 1309 2633; baseline 0.001 -46"><span class='ocrx_word' id='word_1_179' title='bbox 7 2544 32 2575; x_wconf 73' lang='lat'><em>³0</em></span> <span class='ocrx_word' id='word_1_180' title='bbox 44 2532 138 2633; x_wconf 55' lang='lat' dir='ltr'><em>ltgltt&#39;ft</em></span> <span class='ocrx_word' id='word_1_181' title='bbox 256 2534 278 2587; x_wconf 87' lang='grc' dir='ltr'><em>Ι.</em></span> <span class='ocrx_word' id='word_1_182' title='bbox 293 2536 340 2588; x_wconf 89' lang='lat' dir='ltr'><em>An</em></span> <span class='ocrx_word' id='word_1_183' title='bbox 352 2532 473 2589; x_wconf 87' lang='lat' dir='ltr'><em>Alumni</em></span> <span class='ocrx_word' id='word_1_184' title='bbox 488 2535 580 2592; x_wconf 92' lang='lat' dir='ltr'><em>dictae</em></span> <span class='ocrx_word' id='word_1_185' title='bbox 596 2537 849 2610; x_wconf 78' lang='lat' dir='ltr'><em>CongregationiS,</em></span> <span class='ocrx_word' id='word_1_186' title='bbox 867 2550 932 2611; x_wconf 91' lang='lat' dir='ltr'><em>post</em></span> <span class='ocrx_word' id='word_1_187' title='bbox 957 2536 1189 2593; x_wconf 86' lang='lat' dir='ltr'><em>recentissimam</em></span> <span class='ocrx_word' id='word_1_188' title='bbox 1205 2532 1309 2589; x_wconf 86' lang='lat' dir='ltr'><em>Calen-</em></span> 
     </span>
     <span class='ocr_line' id='line_1_23' title="bbox 6 2586 1307 2693; baseline -0.002 -33"><span class='ocrx_word' id='word_1_189' title='bbox 6 2586 165 2693; x_wconf 53' lang='lat' dir='ltr'><em>ffiimlmw&#39;g·</em></span> <span class='ocrx_word' id='word_1_190' title='bbox 184 2626 185 2629; x_wconf 42' lang='lat'>¹</span> <span class='ocrx_word' id='word_1_191' title='bbox 219 2604 290 2660; x_wconf 88' lang='lat' dir='ltr'><em>darii</em></span> <span class='ocrx_word' id='word_1_192' title='bbox 304 2604 412 2679; x_wconf 89' lang='lat' dir='ltr'><em>proprii</em></span> <span class='ocrx_word' id='word_1_193' title='bbox 428 2608 657 2673; x_wconf 84' lang='lat' dir='ltr'><em>concessionem,</em></span> <span class='ocrx_word' id='word_1_194' title='bbox 680 2622 844 2675; x_wconf 85' lang='lat' dir='ltr'><em>teneantur,</em></span> <span class='ocrx_word' id='word_1_195' title='bbox 860 2627 928 2665; x_wconf 87' lang='lat' dir='ltr'><em>exce</em></span> <span class='ocrx_word' id='word_1_196' title='bbox 951 2608 988 2663; x_wconf 87' lang='lat' dir='ltr'><em>tis</em></span> <span class='ocrx_word' id='word_1_197' title='bbox 1003 2607 1097 2664; x_wconf 88' lang='lat' dir='ltr'><em>Festis</em></span> <span class='ocrx_word' id='word_1_198' title='bbox 1117 2604 1307 2667; x_wconf 77' lang='lat' dir='ltr'><em>Titularium,</em></span> 
     </span>
     <span class='ocr_line' id='line_1_24' title="bbox 7 2628 1310 2761; baseline 0.001 -31"><span class='ocrx_word' id='word_1_199' title='bbox 7 2661 165 2761; x_wconf 52' lang='lat' dir='ltr'><em>,ffic‘ia&#39;ssc‘gf</em></span> <span class='ocrx_word' id='word_1_200' title='bbox 222 2678 418 2732; x_wconf 70' lang='lat' dir='ltr'><em>patronorum</em></span> <span class='ocrx_word' id='word_1_201' title='bbox 436 2690 463 2732; x_wconf 92' lang='lat' dir='ltr'><em>et</em></span> <span class='ocrx_word' id='word_1_202' title='bbox 490 2679 687 2736; x_wconf 88' lang='lat' dir='ltr'><em>Dedicationis</em></span> <span class='ocrx_word' id='word_1_203' title='bbox 709 2680 855 2736; x_wconf 88' lang='lat' dir='ltr'><em>Ecclesiae</em></span> <span class='ocrx_word' id='word_1_204' title='bbox 879 2628 1073 2747; x_wconf 58' lang='lat' dir='ltr'><em>Catbedralis,</em></span> <span class='ocrx_word' id='word_1_205' title='bbox 1100 2679 1136 2734; x_wconf 90' lang='lat' dir='ltr'><em>ad</em></span> <span class='ocrx_word' id='word_1_206' title='bbox 1161 2676 1258 2733; x_wconf 87' lang='lat' dir='ltr'><em>officia</em></span> <span class='ocrx_word' id='word_1_207' title='bbox 1279 2690 1310 2731; x_wconf 93' lang='lat' dir='ltr'><em>et</em></span> 
     </span>
     <span class='ocr_line' id='line_1_25' title="bbox 6 2747 1306 2822; baseline 0.005 -23"><span class='ocrx_word' id='word_1_208' title='bbox 6 2761 164 2820; x_wconf 71' lang='lat' dir='ltr'><em>tinnuerunt-</em></span> <span class='ocrx_word' id='word_1_209' title='bbox 220 2748 324 2804; x_wconf 89' lang='lat' dir='ltr'><em>Missas</em></span> <span class='ocrx_word' id='word_1_210' title='bbox 337 2747 424 2804; x_wconf 87' lang='lat' dir='ltr'><em>alicui</em></span> <span class='ocrx_word' id='word_1_211' title='bbox 440 2752 541 2822; x_wconf 88' lang='lat' dir='ltr'><em>Regno</em></span> <span class='ocrx_word' id='word_1_212' title='bbox 555 2752 600 2807; x_wconf 93' lang='lat' dir='ltr'><em>vel</em></span> <span class='ocrx_word' id='word_1_213' title='bbox 622 2752 755 2808; x_wconf 89' lang='lat' dir='ltr'><em>Dioecesi</em></span> <span class='ocrx_word' id='word_1_214' title='bbox 769 2770 905 2808; x_wconf 89' lang='lat' dir='ltr'><em>concessa</em></span> <span class='ocrx_word' id='word_1_215' title='bbox 927 2770 995 2808; x_wconf 92' lang='lat' dir='ltr'><em>cum</em></span> <span class='ocrx_word' id='word_1_216' title='bbox 1011 2750 1145 2807; x_wconf 85' lang='lat' dir='ltr'><em>clausula</em></span> <span class='ocrx_word' id='word_1_217' title='bbox 1171 2765 1306 2822; x_wconf 88' lang='lat' dir='ltr'><em>praecep-</em></span> 
     </span>
    </p>
   </div>
   <div class='ocr_carea' id='block_1_11' title="bbox 7 2819 953 2896">
    <p class='ocr_par' dir='ltr' id='par_1_11' title="bbox 7 2819 953 2896">
     <span class='ocr_line' id='line_1_26' title="bbox 7 2819 953 2896; baseline 0.015 -33"><span class='ocrx_word' id='word_1_218' title='bbox 7 2833 71 2867; x_wconf 80' lang='lat' dir='ltr'><em>iurso</em></span> <span class='ocrx_word' id='word_1_219' title='bbox 86 2822 153 2876; x_wconf 78' lang='lat' dir='ltr'><em>rtem,</em></span> <span class='ocrx_word' id='word_1_220' title='bbox 219 2819 277 2875; x_wconf 89' lang='lat' dir='ltr'><em>tiva</em></span> <span class='ocrx_word' id='word_1_221' title='bbox 290 2837 344 2893; x_wconf 91' lang='lat' dir='ltr'><em>pro</em></span> <span class='ocrx_word' id='word_1_222' title='bbox 357 2820 492 2876; x_wconf 86' lang='lat' dir='ltr'><em>universo</em></span> <span class='ocrx_word' id='word_1_223' title='bbox 504 2822 590 2879; x_wconf 89' lang='lat' dir='ltr'><em>Clero</em></span> <span class='ocrx_word' id='word_1_224' title='bbox 605 2824 745 2879; x_wconf 88' lang='lat' dir='ltr'><em>saeculari</em></span> <span class='ocrx_word' id='word_1_225' title='bbox 761 2836 789 2880; x_wconf 87' lang='lat' dir='ltr'><em>et</em></span> <span class='ocrx_word' id='word_1_226' title='bbox 801 2824 929 2896; x_wconf 90' lang='lat' dir='ltr'><em>regulari</em></span> <span class='ocrx_word' id='word_1_227' title='bbox 943 2827 953 2878; x_wconf 82' lang='lat' dir='ltr'><em>l</em></span> 
     </span>
    </p>
   </div>
   <div class='ocr_carea' id='block_1_12' title="bbox 4 2878 1309 3268">
    <p class='ocr_par' dir='ltr' id='par_1_12' title="bbox 4 2878 1309 3195">
     <span class='ocr_line' id='line_1_27' title="bbox 6 2878 1309 2991; baseline 0.006 -39"><span class='ocrx_word' id='word_1_228' title='bbox 6 2878 120 2991; x_wconf 54' lang='lat' dir='ltr'><em>{ffg‘fffl‘</em></span> <span class='ocrx_word' id='word_1_229' title='bbox 143 2884 164 2925; x_wconf 50' lang='grc' dir='ltr'><em>ἰ</em></span> <span class='ocrx_word' id='word_1_230' title='bbox 256 2904 294 2958; x_wconf 90' lang='grc' dir='ltr'><em>ΙΙ.</em></span> <span class='ocrx_word' id='word_1_231' title='bbox 310 2905 386 2958; x_wconf 90' lang='lat' dir='ltr'><em>Cum</em></span> <span class='ocrx_word' id='word_1_232' title='bbox 395 2921 429 2959; x_wconf 89' lang='lat' dir='ltr'><em>ex</em></span> <span class='ocrx_word' id='word_1_233' title='bbox 439 2906 622 2961; x_wconf 88' lang='lat' dir='ltr'><em>documentis</em></span> <span class='ocrx_word' id='word_1_234' title='bbox 638 2908 751 2981; x_wconf 90' lang='lat' dir='ltr'><em>scriptis</em></span> <span class='ocrx_word' id='word_1_235' title='bbox 767 2925 827 2963; x_wconf 90' lang='lat' dir='ltr'><em>non</em></span> <span class='ocrx_word' id='word_1_236' title='bbox 844 2920 956 2964; x_wconf 90' lang='lat' dir='ltr'><em>constet</em></span> <span class='ocrx_word' id='word_1_237' title='bbox 966 2908 1106 2981; x_wconf 89' lang='lat' dir='ltr'><em>quisnam</em></span> <span class='ocrx_word' id='word_1_238' title='bbox 1120 2905 1155 2961; x_wconf 91' lang='lat' dir='ltr'><em>sit</em></span> <span class='ocrx_word' id='word_1_239' title='bbox 1169 2904 1309 2961; x_wconf 88' lang='lat' dir='ltr'><em>Titularis</em></span> 
     </span>
     <span class='ocr_line' id='line_1_28' title="bbox 6 2974 1309 3053; baseline 0.003 -26"><span class='ocrx_word' id='word_1_240' title='bbox 6 2999 60 3039; x_wconf 88' lang='lat' dir='ltr'><em>sunt</em></span> <span class='ocrx_word' id='word_1_241' title='bbox 72 2974 163 3053; x_wconf 51' lang='lat' dir='ltr'><em>paim.</em></span> <span class='ocrx_word' id='word_1_242' title='bbox 220 2974 365 3031; x_wconf 85' lang='lat' dir='ltr'><em>Ecclesiae</em></span> <span class='ocrx_word' id='word_1_243' title='bbox 378 2977 519 3033; x_wconf 89' lang='lat' dir='ltr'><em>coenobio</em></span> <span class='ocrx_word' id='word_1_244' title='bbox 532 2980 661 3033; x_wconf 85' lang='lat' dir='ltr'><em>adnexae</em></span> <span class='ocrx_word' id='word_1_245' title='bbox 674 2990 703 3034; x_wconf 92' lang='lat' dir='ltr'><em>et</em></span> <span class='ocrx_word' id='word_1_246' title='bbox 716 2978 746 3034; x_wconf 88' lang='lat' dir='ltr'><em>in</em></span> <span class='ocrx_word' id='word_1_247' title='bbox 761 2979 828 3035; x_wconf 88' lang='lat' dir='ltr'><em>loco</em></span> <span class='ocrx_word' id='word_1_248' title='bbox 851 2980 950 3036; x_wconf 86' lang='lat' dir='ltr'><em>Sancti</em></span> <span class='ocrx_word' id='word_1_249' title='bbox 976 2978 1122 3035; x_wconf 85' lang='lat' dir='ltr'><em>Dominici</em></span> <span class='ocrx_word' id='word_1_250' title='bbox 1139 2988 1309 3049; x_wconf 91' lang='lat' dir='ltr'><em>nuncupato</em></span> 
     </span>
     <span class='ocr_line' id='line_1_29' title="bbox 4 3048 1309 3121; baseline 0.005 -25"><span class='ocrx_word' id='word_1_251' title='bbox 4 3052 66 3109; x_wconf 77' lang='lat' dir='ltr'><em>ptine</em></span> <span class='ocrx_word' id='word_1_252' title='bbox 80 3066 135 3100; x_wconf 82' lang='lat' dir='ltr'><em>con·</em></span> <span class='ocrx_word' id='word_1_253' title='bbox 219 3058 340 3114; x_wconf 87' lang='lat' dir='ltr'><em>erectae,</em></span> <span class='ocrx_word' id='word_1_254' title='bbox 352 3065 442 3119; x_wconf 91' lang='lat' dir='ltr'><em>quam</em></span> <span class='ocrx_word' id='word_1_255' title='bbox 457 3049 577 3104; x_wconf 88' lang='lat' dir='ltr'><em>nomine</em></span> <span class='ocrx_word' id='word_1_256' title='bbox 593 3052 622 3105; x_wconf 86' lang='lat' dir='ltr'><em>S.</em></span> <span class='ocrx_word' id='word_1_257' title='bbox 640 3051 785 3107; x_wconf 90' lang='lat' dir='ltr'><em>Francisci</em></span> <span class='ocrx_word' id='word_1_258' title='bbox 800 3050 970 3107; x_wconf 87' lang='lat' dir='ltr'><em>Assisiensis</em></span> <span class='ocrx_word' id='word_1_259' title='bbox 985 3050 1086 3106; x_wconf 87' lang='lat' dir='ltr'><em>fideles</em></span> <span class='ocrx_word' id='word_1_260' title='bbox 1102 3049 1198 3105; x_wconf 90' lang='lat' dir='ltr'><em>solent</em></span> <span class='ocrx_word' id='word_1_261' title='bbox 1211 3048 1309 3121; x_wconf 87' lang='lat' dir='ltr'><em>appel-</em></span> 
     </span>
     <span class='ocr_line' id='line_1_30' title="bbox 6 3110 1307 3195; baseline 0.005 -28"><span class='ocrx_word' id='word_1_262' title='bbox 6 3110 90 3155; x_wconf 64' lang='lat' dir='ltr'><em>lem-³</em></span> <span class='ocrx_word' id='word_1_263' title='bbox 197 3176 199 3181; x_wconf 57' lang='grc'>,</span> <span class='ocrx_word' id='word_1_264' title='bbox 218 3116 295 3186; x_wconf 90' lang='lat' dir='ltr'><em>lare;</em></span> <span class='ocrx_word' id='word_1_265' title='bbox 309 3134 435 3191; x_wconf 86' lang='lat' dir='ltr'><em>cumque</em></span> <span class='ocrx_word' id='word_1_266' title='bbox 456 3119 486 3173; x_wconf 92' lang='lat' dir='ltr'><em>in</em></span> <span class='ocrx_word' id='word_1_267' title='bbox 509 3119 592 3176; x_wconf 88' lang='lat' dir='ltr'><em>altari</em></span> <span class='ocrx_word' id='word_1_268' title='bbox 605 3132 669 3175; x_wconf 84' lang='lat' dir='ltr'><em>turn</em></span> <span class='ocrx_word' id='word_1_269' title='bbox 686 3124 775 3178; x_wconf 85' lang='lat' dir='ltr'><em>Beata</em></span> <span class='ocrx_word' id='word_1_270' title='bbox 790 3122 882 3179; x_wconf 89' lang='lat' dir='ltr'><em>Maria</em></span> <span class='ocrx_word' id='word_1_271' title='bbox 895 3123 986 3195; x_wconf 88' lang='lat' dir='ltr'><em>Virgo</em></span> <span class='ocrx_word' id='word_1_272' title='bbox 1005 3123 1042 3178; x_wconf 87' lang='lat' dir='ltr'><em>de</em></span> <span class='ocrx_word' id='word_1_273' title='bbox 1057 3120 1179 3194; x_wconf 87' lang='lat' dir='ltr'><em>Angelis</em></span> <span class='ocrx_word' id='word_1_274' title='bbox 1194 3131 1307 3184; x_wconf 91' lang='lat' dir='ltr'><em>vocata,</em></span> 
     </span>
    </p>

    <p class='ocr_par' dir='ltr' id='par_1_13' title="bbox 34 3190 1307 3268">
     <span class='ocr_line' id='line_1_31' title="bbox 34 3190 1307 3268; baseline 0.006 -30"><span class='ocrx_word' id='word_1_275' title='bbox 34 3192 129 3238; x_wconf 70' lang='lat' dir='ltr'><em>attur</em></span> <span class='ocrx_word' id='word_1_276' title='bbox 218 3201 281 3243; x_wconf 88' lang='lat' dir='ltr'><em>tum</em></span> <span class='ocrx_word' id='word_1_277' title='bbox 306 3190 335 3245; x_wconf 91' lang='lat' dir='ltr'><em>S.</em></span> <span class='ocrx_word' id='word_1_278' title='bbox 367 3190 536 3247; x_wconf 89' lang='lat' dir='ltr'><em>Franciscus</em></span> <span class='ocrx_word' id='word_1_279' title='bbox 560 3192 590 3246; x_wconf 91' lang='lat' dir='ltr'><em>in</em></span> <span class='ocrx_word' id='word_1_280' title='bbox 616 3208 682 3248; x_wconf 87' lang='lat' dir='ltr'><em>actu</em></span> <span class='ocrx_word' id='word_1_281' title='bbox 708 3194 908 3268; x_wconf 85' lang='lat' dir='ltr'><em>impressionis</em></span> <span class='ocrx_word' id='word_1_282' title='bbox 943 3196 1101 3249; x_wconf 86' lang='lat' dir='ltr'><em>Sacrorum</em></span> <span class='ocrx_word' id='word_1_283' title='bbox 1135 3192 1307 3264; x_wconf 79' lang='lat' dir='ltr'><em>stigmatum</em></span> 
     </span>
    </p>
   </div>
   <div class='ocr_carea' id='block_1_13' title="bbox 5 3247 1192 3364">
    <p class='ocr_par' dir='ltr' id='par_1_14' title="bbox 5 3247 1192 3364">
     <span class='ocr_line' id='line_1_32' title="bbox 5 3247 1192 3364; baseline 0.002 -47"><span class='ocrx_word' id='word_1_284' title='bbox 5 3247 145 3364; x_wconf 45' lang='grc' dir='ltr'><em>ῧξξὲἴζῆιῇθ</em></span> <span class='ocrx_word' id='word_1_285' title='bbox 217 3273 485 3332; x_wconf 87' lang='lat' dir='ltr'><em>repraesententur:</em></span> <span class='ocrx_word' id='word_1_286' title='bbox 501 3263 650 3343; x_wconf 86' lang='lat' dir='ltr'><em>quaeritur</em></span> <span class='ocrx_word' id='word_1_287' title='bbox 665 3264 802 3338; x_wconf 90' lang='lat' dir='ltr'><em>quisnam</em></span> <span class='ocrx_word' id='word_1_288' title='bbox 815 3266 851 3321; x_wconf 88' lang='lat' dir='ltr'><em>sit</em></span> <span class='ocrx_word' id='word_1_289' title='bbox 865 3266 1006 3321; x_wconf 89' lang='lat' dir='ltr'><em>Titularis</em></span> <span class='ocrx_word' id='word_1_290' title='bbox 1022 3264 1192 3321; x_wconf 82' lang='lat' dir='ltr'><em>Ecclesiael</em></span> 
     </span>
    </p>
   </div>
   <div class='ocr_carea' id='block_1_14' title="bbox 5 3346 1305 3423">
    <p class='ocr_par' dir='ltr' id='par_1_15' title="bbox 5 3346 1305 3423">
     <span class='ocr_line' id='line_1_33' title="bbox 5 3346 1305 3423; baseline 0 -23"><span class='ocrx_word' id='word_1_291' title='bbox 5 3365 99 3412; x_wconf 79' lang='lat' dir='ltr'><em>tuntum</em></span> <span class='ocrx_word' id='word_1_292' title='bbox 123 3368 164 3413; x_wconf 59' lang='lat' dir='ltr'><em>aa.</em></span> <span class='ocrx_word' id='word_1_293' title='bbox 255 3347 293 3400; x_wconf 90' lang='lat' dir='ltr'><em>Et</em></span> <span class='ocrx_word' id='word_1_294' title='bbox 305 3346 391 3401; x_wconf 88' lang='lat' dir='ltr'><em>Sacra</em></span> <span class='ocrx_word' id='word_1_295' title='bbox 407 3348 507 3402; x_wconf 88' lang='lat' dir='ltr'><em>eadem</em></span> <span class='ocrx_word' id='word_1_296' title='bbox 521 3349 725 3421; x_wconf 80' lang='lat' dir='ltr'><em>CongregatiO,</em></span> <span class='ocrx_word' id='word_1_297' title='bbox 738 3351 775 3405; x_wconf 84' lang='lat' dir='ltr'><em>ad</em></span> <span class='ocrx_word' id='word_1_298' title='bbox 788 3350 962 3405; x_wconf 89' lang='lat' dir='ltr'><em>relationem</em></span> <span class='ocrx_word' id='word_1_299' title='bbox 975 3348 1129 3423; x_wconf 90' lang='lat' dir='ltr'><em>subscripti</em></span> <span class='ocrx_word' id='word_1_300' title='bbox 1141 3346 1305 3414; x_wconf 87' lang='lat' dir='ltr'><em>Secretarii‚</em></span> 
     </span>
    </p>
   </div>
   <div class='ocr_carea' id='block_1_15' title="bbox 1 3416 1307 3545">
    <p class='ocr_par' dir='ltr' id='par_1_16' title="bbox 1 3416 1307 3545">
     <span class='ocr_line' id='line_1_34' title="bbox 1 3416 1307 3539; baseline 0.002 -68"><span class='ocrx_word' id='word_1_301' title='bbox 1 3422 164 3539; x_wconf 60' lang='lat' dir='ltr'><em>iiiiiiuliifl</em></span> <span class='ocrx_word' id='word_1_302' title='bbox 218 3416 362 3497; x_wconf 79' lang='lat' dir='ltr'><em>exquisito</em></span> <span class='ocrx_word' id='word_1_303' title='bbox 394 3418 481 3473; x_wconf 87' lang='lat' dir='ltr'><em>etiarn</em></span> <span class='ocrx_word' id='word_1_304' title='bbox 512 3433 581 3475; x_wconf 87' lang='lat' dir='ltr'><em>voto</em></span> <span class='ocrx_word' id='word_1_305' title='bbox 615 3422 839 3477; x_wconf 87' lang='lat' dir='ltr'><em>Commissionis</em></span> <span class='ocrx_word' id='word_1_306' title='bbox 873 3421 1050 3494; x_wconf 87' lang='lat' dir='ltr'><em>Liturgicae,</em></span> <span class='ocrx_word' id='word_1_307' title='bbox 1083 3420 1307 3478; x_wconf 87' lang='lat' dir='ltr'><em>rescribendum</em></span> 
     </span>
     <span class='ocr_line' id='line_1_35' title="bbox 109 3502 350 3545; baseline 0.008 -2"><span class='ocrx_word' id='word_1_308' title='bbox 109 3503 115 3529; x_wconf 74' lang='lat'>⁴</span> <span class='ocrx_word' id='word_1_309' title='bbox 151 3518 157 3530; x_wconf 85' lang='lat'><strong>·</strong></span> <span class='ocrx_word' id='word_1_310' title='bbox 219 3502 350 3545; x_wconf 83' lang='lat' dir='ltr'><em>censurt:</em></span> 
     </span>
    </p>
   </div>
   <div class='ocr_carea' id='block_1_16' title="bbox 2 3574 1306 3773">
    <p class='ocr_par' dir='ltr' id='par_1_17' title="bbox 2 3574 1306 3773">
     <span class='ocr_line' id='line_1_36' title="bbox 5 3574 1305 3654; baseline -0.005 -19"><span class='ocrx_word' id='word_1_311' title='bbox 5 3595 161 3645; x_wconf 67' lang='lat' dir='ltr'><em>Responsa,</em></span> <span class='ocrx_word' id='word_1_312' title='bbox 253 3574 336 3654; x_wconf 28' lang='lat' dir='ltr'><em>Adll.</em></span> <span class='ocrx_word' id='word_1_313' title='bbox 361 3574 501 3653; x_wconf 81' lang='lat' dir='ltr'><em>Negative</em></span> <span class='ocrx_word' id='word_1_314' title='bbox 522 3588 549 3630; x_wconf 90' lang='lat' dir='ltr'><em>et</em></span> <span class='ocrx_word' id='word_1_315' title='bbox 569 3576 605 3630; x_wconf 91' lang='lat' dir='ltr'><em>ad</em></span> <span class='ocrx_word' id='word_1_316' title='bbox 624 3588 763 3634; x_wconf 87' lang='lat' dir='ltr'><em>mentem.</em></span> <span class='ocrx_word' id='word_1_317' title='bbox 782 3580 866 3634; x_wconf 89' lang='lat' dir='ltr'><em>Mens</em></span> <span class='ocrx_word' id='word_1_318' title='bbox 888 3591 987 3635; x_wconf 88' lang='lat' dir='ltr'><em>autem</em></span> <span class='ocrx_word' id='word_1_319' title='bbox 1009 3590 1051 3634; x_wconf 91' lang='lat' dir='ltr'><em>est</em></span> <span class='ocrx_word' id='word_1_320' title='bbox 1074 3577 1220 3648; x_wconf 88' lang='lat' dir='ltr'><em>regulares</em></span> <span class='ocrx_word' id='word_1_321' title='bbox 1244 3592 1305 3631; x_wconf 91' lang='lat' dir='ltr'><em>non</em></span> 
     </span>
     <span class='ocr_line' id='line_1_37' title="bbox 18 3645 1306 3723; baseline 0.005 -28"><span class='ocrx_word' id='word_1_322' title='bbox 18 3648 163 3714; x_wconf 62' lang='lat' dir='ltr'><em>Adamas</em></span> <span class='ocrx_word' id='word_1_323' title='bbox 217 3657 308 3700; x_wconf 81' lang='lat' dir='ltr'><em>teneri</em></span> <span class='ocrx_word' id='word_1_324' title='bbox 323 3647 359 3700; x_wconf 90' lang='lat' dir='ltr'><em>ad</em></span> <span class='ocrx_word' id='word_1_325' title='bbox 370 3645 473 3700; x_wconf 80' lang='lat' dir='ltr'><em>Officia</em></span> <span class='ocrx_word' id='word_1_326' title='bbox 485 3646 541 3703; x_wconf 92' lang='lat' dir='ltr'><em>loci</em></span> <span class='ocrx_word' id='word_1_327' title='bbox 555 3665 615 3719; x_wconf 91' lang='lat' dir='ltr'><em>quo</em></span> <span class='ocrx_word' id='word_1_328' title='bbox 626 3650 744 3721; x_wconf 87' lang='lat' dir='ltr'><em>degunt,</em></span> <span class='ocrx_word' id='word_1_329' title='bbox 760 3650 816 3705; x_wconf 90' lang='lat' dir='ltr'><em>nisi</em></span> <span class='ocrx_word' id='word_1_330' title='bbox 830 3663 973 3723; x_wconf 87' lang='lat' dir='ltr'><em>quatenus</em></span> <span class='ocrx_word' id='word_1_331' title='bbox 987 3650 1118 3706; x_wconf 89' lang='lat' dir='ltr'><em>eiusdem</em></span> <span class='ocrx_word' id='word_1_332' title='bbox 1132 3648 1190 3705; x_wconf 88' lang='lat' dir='ltr'><em>loci</em></span> <span class='ocrx_word' id='word_1_333' title='bbox 1202 3647 1306 3703; x_wconf 90' lang='lat' dir='ltr'><em>Calen-</em></span> 
     </span>
     <span class='ocr_line' id='line_1_38' title="bbox 2 3706 445 3773; baseline -0.002 0"><span class='ocrx_word' id='word_1_334' title='bbox 2 3706 119 3763; x_wconf 57' lang='lat' dir='ltr'><em>gin‘mlss</em></span> <span class='ocrx_word' id='word_1_335' title='bbox 217 3716 299 3771; x_wconf 90' lang='lat' dir='ltr'><em>dario</em></span> <span class='ocrx_word' id='word_1_336' title='bbox 313 3730 445 3773; x_wconf 75' lang='lat' dir='ltr'><em>utantur:</em></span> 
     </span>
    </p>
   </div>
   <div class='ocr_carea' id='block_1_17' title="bbox 33 3801 1307 3945">
    <p class='ocr_par' dir='ltr' id='par_1_18' title="bbox 33 3801 1307 3945">
     <span class='ocr_line' id='line_1_39' title="bbox 33 3801 1307 3878; baseline 0.002 -22"><span class='ocrx_word' id='word_1_337' title='bbox 33 3816 107 3864; x_wconf 68' lang='lat' dir='ltr'><em>Ata.</em></span> <span class='ocrx_word' id='word_1_338' title='bbox 193 3866 196 3873; x_wconf 43' lang='grc'>,</span> <span class='ocrx_word' id='word_1_339' title='bbox 252 3801 298 3856; x_wconf 94' lang='lat' dir='ltr'><em>Ad</em></span> <span class='ocrx_word' id='word_1_340' title='bbox 319 3802 357 3857; x_wconf 88' lang='lat' dir='ltr'><em>ll.</em></span> <span class='ocrx_word' id='word_1_341' title='bbox 383 3802 416 3855; x_wconf 88' lang='lat' dir='ltr'><em>l&#39;n</em></span> <span class='ocrx_word' id='word_1_342' title='bbox 440 3818 508 3855; x_wconf 88' lang='lat' dir='ltr'><em>casu</em></span> <span class='ocrx_word' id='word_1_343' title='bbox 533 3802 695 3858; x_wconf 84' lang='lat' dir='ltr'><em>habeantur</em></span> <span class='ocrx_word' id='word_1_344' title='bbox 720 3805 763 3860; x_wconf 92' lang='lat' dir='ltr'><em>uti</em></span> <span class='ocrx_word' id='word_1_345' title='bbox 789 3806 988 3862; x_wconf 89' lang='lat' dir='ltr'><em>Contitulares</em></span> <span class='ocrx_word' id='word_1_346' title='bbox 1008 3822 1101 3878; x_wconf 85' lang='lat' dir='ltr'><em>aeque</em></span> <span class='ocrx_word' id='word_1_347' title='bbox 1129 3803 1307 3877; x_wconf 88' lang='lat' dir='ltr'><em>principales</em></span> 
     </span>
     <span class='ocr_line' id='line_1_40' title="bbox 219 3872 1117 3945; baseline 0.003 -17"><span class='ocrx_word' id='word_1_348' title='bbox 219 3875 252 3929; x_wconf 88' lang='lat' dir='ltr'><em>B.</em></span> <span class='ocrx_word' id='word_1_349' title='bbox 269 3872 362 3928; x_wconf 88' lang='lat' dir='ltr'><em>Maria</em></span> <span class='ocrx_word' id='word_1_350' title='bbox 374 3873 463 3945; x_wconf 90' lang='lat' dir='ltr'><em>Virgo</em></span> <span class='ocrx_word' id='word_1_351' title='bbox 477 3874 512 3927; x_wconf 92' lang='lat' dir='ltr'><em>de</em></span> <span class='ocrx_word' id='word_1_352' title='bbox 526 3874 646 3945; x_wconf 89' lang='lat' dir='ltr'><em>Angelis</em></span> <span class='ocrx_word' id='word_1_353' title='bbox 660 3889 687 3930; x_wconf 92' lang='lat' dir='ltr'><em>et</em></span> <span class='ocrx_word' id='word_1_354' title='bbox 701 3878 731 3932; x_wconf 85' lang='lat' dir='ltr'><em>S.</em></span> <span class='ocrx_word' id='word_1_355' title='bbox 750 3878 921 3934; x_wconf 90' lang='lat' dir='ltr'><em>Franciscus</em></span> <span class='ocrx_word' id='word_1_356' title='bbox 937 3876 1117 3933; x_wconf 78' lang='lat' dir='ltr'><em>Assisiensis</em></span> 
     </span>
    </p>
   </div>
   <div class='ocr_carea' id='block_1_18' title="bbox 4 3946 1257 4201">
    <p class='ocr_par' dir='ltr' id='par_1_19' title="bbox 4 3946 1257 4201">
     <span class='ocr_line' id='line_1_41' title="bbox 4 3946 944 4063; baseline 0.002 -49"><span class='ocrx_word' id='word_1_357' title='bbox 4 3946 143 4063; x_wconf 49' lang='lat' dir='ltr'><em>defffgolg.</em></span> <span class='ocrx_word' id='word_1_358' title='bbox 252 3959 349 4030; x_wconf 90' lang='lat' dir='ltr'><em>Atque</em></span> <span class='ocrx_word' id='word_1_359' title='bbox 363 3956 402 4011; x_wconf 87' lang='lat' dir='ltr'><em>ita</em></span> <span class='ocrx_word' id='word_1_360' title='bbox 415 3956 568 4030; x_wconf 88' lang='lat' dir='ltr'><em>rescripsit.</em></span> <span class='ocrx_word' id='word_1_361' title='bbox 589 3957 638 4013; x_wconf 87' lang='lat' dir='ltr'><em>Die</em></span> <span class='ocrx_word' id='word_1_362' title='bbox 653 3961 669 4015; x_wconf 82' lang='lat'><strong>6</strong></span> <span class='ocrx_word' id='word_1_363' title='bbox 684 3960 849 4016; x_wconf 90' lang='lat' dir='ltr'><em>decembris</em></span> <span class='ocrx_word' id='word_1_364' title='bbox 868 3980 944 4033; x_wconf 85' lang='lat'>1902.</span> 
     </span>
     <span class='ocr_line' id='line_1_42' title="bbox 738 4042 1164 4114; baseline -0.009 -14"><span class='ocrx_word' id='word_1_365' title='bbox 738 4046 773 4100; x_wconf 90' lang='lat' dir='ltr'><em>D.</em></span> <span class='ocrx_word' id='word_1_366' title='bbox 788 4046 874 4101; x_wconf 87' lang='lat' dir='ltr'><em>Card.</em></span> <span class='ocrx_word' id='word_1_367' title='bbox 894 4046 1043 4110; x_wconf 70' lang='lat' dir='ltr'><em>sarriri,</em></span> <span class='ocrx_word' id='word_1_368' title='bbox 1058 4042 1164 4114; x_wconf 76' lang='lat' dir='ltr'><em>Praes.</em></span> 
     </span>
     <span class='ocr_line' id='line_1_43' title="bbox 642 4127 1257 4201; baseline 0 -20"><span class='ocrx_word' id='word_1_369' title='bbox 642 4127 682 4184; x_wconf 88' lang='lat' dir='ltr'><em>D.</em></span> <span class='ocrx_word' id='word_1_370' title='bbox 699 4129 818 4197; x_wconf 85' lang='lat' dir='ltr'><em>Punici,</em></span> <span class='ocrx_word' id='word_1_371' title='bbox 833 4128 976 4201; x_wconf 83' lang='lat' dir='ltr'><em>Archiep.</em></span> <span class='ocrx_word' id='word_1_372' title='bbox 991 4127 1155 4183; x_wconf 90' lang='lat' dir='ltr'><em>Laodicen.</em></span> <span class='ocrx_word' id='word_1_373' title='bbox 1172 4127 1257 4181; x_wconf 85' lang='lat' dir='ltr'><em>Scor.</em></span> 
     </span>
    </p>
   </div>
   <div class='ocr_carea' id='block_1_19' title="bbox 246 4345 944 4407">
    <p class='ocr_par' dir='ltr' id='par_1_20' title="bbox 246 4345 944 4407">
     <span class='ocr_line' id='line_1_44' title="bbox 246 4345 944 4407; baseline 0.006 -14"><span class='ocrx_word' id='word_1_374' title='bbox 246 4347 254 4382; x_wconf 84' lang='lat'>1</span> <span class='ocrx_word' id='word_1_375' title='bbox 269 4345 390 4393; x_wconf 84' lang='lat' dir='ltr'><em>Mouttore</em></span> <span class='ocrx_word' id='word_1_376' title='bbox 399 4346 572 4404; x_wconf 77' lang='lat' dir='ltr'><em>Ecclesiastico,</em></span> <span class='ocrx_word' id='word_1_377' title='bbox 586 4352 603 4395; x_wconf 92' lang='lat' dir='ltr'><em>t.</em></span> <span class='ocrx_word' id='word_1_378' title='bbox 618 4353 644 4395; x_wconf 85' lang='lat'><em>15</em></span> <span class='ocrx_word' id='word_1_379' title='bbox 654 4351 739 4407; x_wconf 79' lang='lat'><em>(1903),</em></span> <span class='ocrx_word' id='word_1_380' title='bbox 758 4363 785 4407; x_wconf 84' lang='lat' dir='ltr'><em>p.</em></span> <span class='ocrx_word' id='word_1_381' title='bbox 801 4356 843 4406; x_wconf 83' lang='lat'><em>342</em></span> <span class='ocrx_word' id='word_1_382' title='bbox 855 4354 882 4397; x_wconf 89' lang='lat' dir='ltr'><em>et</em></span> <span class='ocrx_word' id='word_1_383' title='bbox 891 4355 944 4398; x_wconf 83' lang='lat'>205.</span> 
     </span>
    </p>
   </div>
   <div class='ocr_carea' id='block_1_20' title="bbox 0 0 1484 4900">
    <p class='ocr_par' dir='ltr' id='par_1_21' title="bbox 0 0 1484 4900">
     <span class='ocr_line' id='line_1_45' title="bbox 0 0 1484 4900; baseline 0 2"><span class='ocrx_word' id='word_1_384' title='bbox 0 0 1484 4900; x_wconf 95' lang='lat' dir='ltr'><em> </em></span> 
     </span>
    </p>
   </div>
  </div>
 </body>
</html>
