2959 4900
285 296 344 359 170
735 314 915 353 atouuuanax

319 450 413 509 Simul
438 461 536 507 tamen
560 449 590 505 S.
618 448 813 521 Congregatio
839 450 1002 507 remedium
1026 450 1156 508 insinuat
1175 464 1278 524 aptum
1292 466 1361 523 quo,

283 537 395 580 servato
412 521 522 579 Decreti
536 532 647 585 tenore,
668 521 755 576 etiam
768 519 830 576 eius
846 521 1010 577 consulitur
1030 523 1121 579 menti
1140 540 1217 596 quae
1230 523 1258 578 id
1270 539 1365 579 cavere

283 594 375 652 voluit
393 611 431 649 ne
449 591 638 650 sollemnium
651 591 806 647 missarum
834 593 996 661 frequentia
1009 594 1258 653 confraternitates
1270 610 1365 667 paroe

282 666 341 723 cias
350 666 496 722 vincerent
506 664 551 721 vel
562 663 779 720 aemularentur
790 685 797 721 ι
809 664 869 720 Sua
881 665 1044 739 Episcopus
1052 679 1152 724 utatur
1161 666 1364 723 iurisdictione.

318 768 344 806 a.
371 749 471 806 Altera
495 748 634 804 resolutio
657 764 719 804 rem
745 748 872 805 declarat
899 749 1173 807 manifestissimam.
1206 752 1266 808 Cur
1291 750 1368 806 enim

282 822 381 877 minus
409 831 505 895 posset
528 818 672 891 parochus
700 819 731 875 in
757 819 831 877 alios
859 820 990 877 subditos
1014 839 1083 878 suos
1107 836 1195 896 atque
1221 823 1251 877 in
1276 821 1369 877 socios

282 892 563 959 confraternitatum,
586 892 622 946 de
641 890 748 964 quibus
763 891 832 947 solis
853 892 977 949 alicuius
990 893 1179 951 dubitationis
1191 905 1253 951 erat
1266 893 1368 949 locus?

318 978 344 1035 3.
362 974 561 1051 Dependentia
581 974 727 1047 Episcopi,
752 992 827 1049 quae
846 976 877 1031 in
895 976 979 1033 tertia
998 978 1176 1035 resolutione
1198 991 1368 1044 reservatur,

282 1049 322 1106 ita
334 1048 500 1122 accipienda
517 1046 639 1114 videtur,
654 1058 686 1102 ut
701 1047 815 1103 statutis
829 1047 889 1103 suis
902 1048 1015 1120 exigere
1033 1050 1125 1123 possit
1144 1067 1181 1105 ne
1196 1050 1259 1122 ipso
1272 1048 1369 1105 incon-

282 1120 360 1177 sulto
378 1120 531 1176 triduanae
551 1118 596 1175 vel
621 1112 819 1174 novemdiales
842 1120 1024 1177 celebrentur
1047 1121 1223 1188 devotiones,
1250 1121 1370 1193 eiusque

282 1190 447 1265 requiratur
468 1190 551 1247 venia
571 1206 624 1263 pr»
648 1189 764 1264 publica
783 1190 832 1246 SSi
855 1191 1034 1248 Sacramenti
1050 1192 1231 1267 expositione
1245 1205 1273 1250 et
1286 1193 1370 1247 bene·

282 1263 418 1321 dictione.
440 1262 487 1319 Sic
512 1261 570 1317 iam
591 1274 667 1326 ante,
692 1261 721 1315 in
747 1262 870 1317 Reatina
892 1279 988 1325 causa.
1011 1266 1199 1336 responderat
1223 1264 1254 1320 S.
1280 1264 1316 1319 C.
1337 1263 1368 1317 C.

287 1334 315 1391 13
339 1334 398 1390 iam
426 1334 512 1404 1844:
535 1354 552 1383 a
577 1351 599 1388 r.
623 1332 670 1388 An
692 1333 776 1388 liceat
797 1333 949 1405 capellano
970 1351 1108 1403 novenas,
1127 1336 1240 1391 triduos
1259 1346 1289 1391 et
1301 1334 1371 1389 alias

282 1404 445 1462 functiones
455 1420 523 1461 cum
534 1403 715 1476 expositione
728 1417 757 1459 et
767 1404 968 1461 benedictione
981 1406 1053 1462 SSmi
1064 1408 1243 1463 sacramenti
1256 1405 1371 1479 explere

281 1476 311 1532 in
335 1476 462 1532 oratorio
487 1476 516 1531 S.
541 1474 700 1545 Dominici.
726 1475 955 1547 independenter
975 1496 991 1531 a
1018 1478 1147 1550 parocho
1169 1479 1201 1533 in
1225 1478 1317 1533 casui
1340 1510 1370 1517 —

282 1566 308 1604 2.
325 1551 372 1605 An
392 1548 476 1605 liceat
499 1546 593 1603 eidem
616 1547 768 1619 capellano
788 1549 890 1603 missas
912 1548 1092 1607 sollemniter
1110 1566 1214 1606 canere
1233 1549 1303 1605 inde
1325 1565 1371 1604 en·

282 1618 412 1675 deutera
426 1618 555 1690 parocho
571 1618 601 1672 in
614 1635 683 1673 casu
696 1618 706 1672 f
721 1650 755 1657 -
769 1639 784 1668 ι(
799 1620 845 1673 Ad
864 1638 871 1673 t
893 1633 921 1675 et
935 1639 960 1680 2,
977 1618 1157 1677 Affirmative
1171 1621 1201 1675 in
1221 1567 1370 1685 omnihus,

282 1691 319 1746 ad
332 1690 459 1747 formam
472 1692 656 1747 decretorum
681 1689 770 1745 Urbis
792 1703 820 1744 ct
842 1691 929 1746 Orbis
951 1692 980 1747 S.
997 1693 1029 1746 C.
1053 1691 1174 1748 Rituum
1187 1692 1246 1748 diei
1262 1708 1299 1749 to
1311 1693 1371 1747 dec.

254 1784 257 1791 ·
287 1764 365 1835 1703,
381 1762 461 1818 salvo
475 1775 572 1819 tamen
596 1761 659 1817 iure
683 1762 821 1834 Episcopi
842 1778 929 1834 super
948 1762 1063 1819 licentia
1077 1762 1266 1820 benedicendi
1279 1780 1372 1837 popu·

282 1832 345 1890 lum
357 1834 537 1889 sollemniter
550 1849 617 1889 cum
629 1827 705 1888 SS¹³²0
719 1832 907 1888 Sacramento
923 1848 1007 1906 prout
1020 1836 1057 1890 de
1069 1834 1141 1891 iure.
1156 1856 1172 1885 n

316 1936 343 1986 4.
358 1916 499 1972 Observes
509 1914 644 2041 denipue,
654 1915 787 1986 quamvis
798 1915 944 1972 decretum
963 1919 1114 1990 1703·1704
1126 1918 1162 1974 sit
1175 1936 1192 1973 a
1206 1918 1236 1973 S.
1251 1917 1374 1973 Rituum

282 1987 513 2059 Congregatione
528 2004 581 2060 pro
595 1999 701 2053 ectum,
714 1988 750 2042 de
763 1986 826 2041 eius
835 2000 932 2043 tamen
945 1988 1185 2061 interpretatione
1199 1988 1373 2061 interrogari

281 2058 377 2129 potius
396 2058 426 2114 S.
444 2059 709 2131 Congregationem
729 2058 931 2128 Cardinalium
950 2060 1076 2117 Concilii
1097 2060 1261 2117 Tridentini
1286 2060 1372 2116 inter-

281 2144 406 2202 pretum.

669 2286 792 2293 —....-.—
798 2288 817 2291 ⁴-
825 2287 832 2292 .
844 2287 987 2293 ——-—

363 2428 462 2516 158.
484 2481 525 2490 -
546 2444 577 2508 s.
601 2394 638 2510 n.
663 2440 932 2511 tarseoauauu
956 2441 1008 2510 tt
1031 2432 1291 2511 attuttntutt
1337 2465 1353 2509 .-

487 2626 640 2682 [uniunt
660 2627 705 2680 ῙΝ
724 2627 862 2681 GAUSIS
881 2627 1170 2683 CONTENTIOSIS

653 2791 862 2848 summatim
881 2793 995 2849 relata

319 2965 341 3020 l.
362 2957 555 3020 Massilien.
577 2961 795 3036 Exemptiont's.
886 2950 890 2958 ¹

320 3046 419 3101 Exstat
445 3044 474 3098 in
501 3044 573 3099 urbe
599 3042 773 3098 Massiliensi
799 3044 905 3098 domus
924 3042 1075 3115 hospitalis
1105 3058 1196 3114 quam
1222 3042 1373 3121 possident
1456 3082 1457 3087 .

285 3117 398 3172 Fratres
423 3115 541 3172 Ordinis
563 3115 593 3169 S.
620 3114 739 3168 loannis
762 3114 798 3169 de
820 3115 891 3169 Deo.
915 3117 942 3170 A
965 3113 1065 3168 multis
1089 3112 1173 3168 annis
1190 3113 1233 3168 ibt
1252 3128 1373 3168 munere

284 3185 455 3261 Cappellani
481 3184 657 3257 fungebatur
682 3186 817 3240 sacerdos
842 3185 1007 3241 saecularis.
1037 3186 1128 3240 Hunc
1153 3197 1185 3239 ut
1210 3185 1372 3256 Episcopus
1456 3192 1458 3197 ·

283 3270 443 3314 removeret
464 3259 501 3313 ab
522 3255 630 3323 officio,
658 3272 718 3311 non
744 3257 844 3321 semel,
875 3275 926 3314 uer
948 3268 1085 3329 quattuor
1106 3271 1209 3323 annos,
1238 3255 1372 3327 precibus

282 3329 396 3386 efficere
414 3327 511 3384 conati
526 3341 593 3383 sunt
605 3325 747 3400 religiosi:
761 3328 811 3383 sed
825 3327 939 3395 frustra,
956 3344 1026 3382 cum
1038 3327 1199 3402 Episcopus
1213 3326 1258 3381 vel
1272 3343 1372 3398 quere·
1455 3368 1456 3371 η

283 3403 324 3458 las
337 3418 371 3456 ca
393 3400 511 3473 pellano
524 3399 650 3455 obiectas
665 3416 770 3471 parum
783 3398 873 3454 iustas
886 3415 947 3455 esse
959 3397 1145 3463 existimaret,
1160 3398 1204 3454 vel
1219 3396 1372 3454 difficulta-

282 3486 341 3528 tem
354 3419 491 3543 assegaret
504 3469 608 3538 eidem,
623 3470 654 3524 in
673 3471 873 3543 praesentibus
892 3469 1003 3526 Galliae
1022 3466 1174 3534 adiunctis,
1195 3468 1275 3524 aliud
1294 3485 1371 3525 com·
1455 3482 1457 3515 ι

283 3543 416 3600 mittendi
436 3541 576 3598 officium.
603 3537 739 3616 Religiosi
759 3554 829 3598 tunc
848 3559 900 3597 sua
923 3539 1046 3608 experiri
1067 3541 1131 3597 iura
1144 3553 1318 3605 statuerunt,
1333 3552 1370 3606 et,

283 3615 403 3670 dimisso
429 3612 609 3687 cappellano,
636 3612 665 3667 in
690 3613 753 3668 eius
780 3613 879 3670 locum
907 3611 1083 3669 suffecerunt
1113 3611 1224 3692 proprii
1254 3611 1372 3666 Ordinis

284 3687 461 3758 religiosum.
491 3685 517 3739 ls
543 3701 620 3752 vero,
647 3685 789 3756 Episcopo
811 3685 902 3740 invito
925 3697 953 3740 et
976 3685 1217 3756 approbationem
1236 3693 1368 3754 negante,

283 3757 407 3838 aegrotis
429 3770 457 3813 et
470 3755 634 3836 hospitibus
654 3770 843 3825 sacramenta,
862 3774 922 3812 non
940 3757 1056 3812 exclusa
1071 3755 1262 3825 Paenitentia,
1281 3753 1370 3808 admi-

283 3844 404 3886 nistrare
422 3841 528 3900 coepit.
881 3873 884 3878 .

98 3933 222 3982 cmm
318 3915 347 3968 S.
369 3910 564 3984 Congregatio
579 3910 794 3985 Episcoporum
815 3924 843 3967 et
859 3911 1058 3982 Regularium,
1079 3909 1127 3966 cui
1147 3908 1316 3966 causahaec
1329 3920 1370 3965 est
1453 3936 1454 3949 .

67 3992 195 4059 plenarius.
283 3985 377 4064 delata
392 3985 421 4038 in
435 3982 566 4062 plenario
586 3999 723 4062 consessu
737 3985 752 4038 3
768 4000 835 4055 aug.
852 3985 934 4064 1996,
949 3981 1083 4108 puamvis
1102 3980 1255 4038 consultor
1268 3991 1370 4036 votum
1410 4011 1420 4038 ι
1453 4038 1455 4059 Ι

98 4051 193 4106 Dus&
283 4057 406 4113 dedisset
418 4055 565 4111 Fratribus
579 4067 769 4122 contrarium,
785 4066 935 4126 proposito
970 4054 1058 4110 ubio:
1265 4064 1270 4076 ’

70 4122 122 4164 ‘'²⁴³''
137 4111 213 4166 ’Μ’
317 4141 357 4196 Se
371 4139 394 4194 il
405 4137 560 4211 Religioso
573 4137 605 4192 di
618 4137 680 4192 San
697 4137 849 4192 Giovanni
861 4138 892 4191 di
904 4138 973 4198 Dio,
990 4153 1075 4192 nasso
1085 4136 1138 4192 dal
1146 4153 1199 4192 suo
1210 4134 1370 4208 Superiora

99 4191 227 4232 mm
282 4228 364 4266 come
380 4209 561 4282 Cappellano
571 4205 650 4263 della
664 4211 741 4265 Casa
759 4207 946 4282 Ospedalcdi
959 4211 1021 4263 San
1037 4207 1229 4264 Bartolomeo
1240 4209 1270 4265 in
1284 4207 1369 4260 Mar·
1452 4226 1453 4247 ³

282 4282 386 4354 siglia,
414 4291 511 4335 tenuta
536 4279 617 4334 dallo
638 4290 727 4334 stesso
752 4279 781 4333 in
809 4279 931 4346 Ordine,
947 4282 1039 4353 'possa
1063 4296 1153 4353 seura
1169 4270 1291 4353 sacultd
1311 4275 1370 4332 dell
1452 4270 1454 4331 l
