2959 4900
1456 29 1463 110 i

142 289 211 368 [73]
241 311 263 346 s.
280 311 305 346 c.
323 311 349 346 c.
368 303 434 356 1905·
445 308 626 346 oesunvaunn
641 308 764 345 mouens.
782 305 984 344 ueueuosuunu
999 305 1141 342 mursano
1172 282 1231 344 179
1458 239 1463 374 1

1161 390 1165 398 ·
1461 375 1463 410 l

1461 411 1463 446 l

178 443 319 499 «Utrum
337 444 405 499 dicti
426 443 565 516 Religiosi
579 445 702 518 possint,
726 456 816 518 prout
836 444 990 516 hucusque
1013 454 1095 500 erant
1116 443 1146 497 in
1164 458 1228 504 usu,
1313 464 1355 511 Ex
1370 479 1416 523 qna
1462 447 1463 470 ¹

140 531 204 570 non
217 516 352 571 obstante
364 515 532 588 supradicto
551 519 679 573 Decreto
700 515 768 574 Rei
781 515 939 582 ordinarii,
955 515 1155 585 eleemosynas
1174 529 1229 640 pro
1285 521 1416 566 nantum.
1461 517 1463 566 l

141 585 243 641 Missis
254 585 406 642 inferiores
419 599 486 642 taxa
498 586 671 642 dioecesana
680 586 821 660 recipere,
833 603 940 658 easque
953 585 1018 641 aliis
1031 584 1173 641 sacerdoti
1195 601 1230 640 us

140 657 341 738 indigentibus
354 669 383 712 et
396 658 470 713 bene
485 657 539 713 sibi
551 657 639 727 notiS,
654 670 735 714 extra
746 670 848 713 tamen
861 656 1027 726 dioecesim,
1042 656 1229 712 celebrandas

139 740 337 784 committere.

175 832 193 862 «
208 813 246 867 Et
261 812 349 877 Deus,
366 822 420 868 etc.
435 833 462 869 n,

178 896 218 951 Et
230 895 318 950 Sacra
331 894 525 967 congregatio
537 895 677 951 omnibus
689 893 849 968 perpensis,
861 894 898 949 ad
911 892 1098 966 propositum
1106 891 1229 947 dubium
1311 903 1434 953 Respon-

139 966 383 1038 respondendum
397 965 529 1022 censuit:
1284 955 1448 1062 mm&

178 1047 297 1102 Dentur
309 1047 502 1105 resolutiones
517 1049 547 1102 in
561 1056 620 1103 unci
630 1049 733 1106 Sancti
745 1044 895 1117 Severini,
913 1048 962 1103 die
975 1049 1011 1102 16
1027 1047 1095 1102 iulii
1107 1048 1187 1116 1689,
1203 1057 1233 1102 et
1261 1059 1263 1061 ·
1284 1067 1383 1118 tunm,
1407 1087 1445 1119 su·

139 1118 172 1173 in
189 1136 250 1173 una
264 1119 416 1191 Romana,
427 1119 476 1175 die
489 1119 526 1174 15
536 1118 673 1175 ianuarii
683 1120 765 1190 1639.
1283 1129 1393 1186 perfores.

175 1201 278 1257 Tenor
292 1218 362 1258 vero
377 1202 485 1258 harum
496 1201 716 1261 resolutionum
729 1203 769 1259 ita
783 1203 932 1259 sehabet:

178 1284 284 1340 Sancti
295 1280 443 1340 Severini.
462 1318 496 1326 -—
520 1286 691 1342 Sacerdotes
715 1285 823 1342 cotidie
836 1302 866 1342 se
881 1283 1009 1342 offerunt
1028 1285 1174 1340 celebrere
1193 1286 1230 1340 ad
1314 1325 1419 1374 Resona·

135 1355 287 1412 rationem
309 1358 407 1412 tenuis
433 1356 636 1428 eleemosynae
661 1353 775 1414 dimidii
800 1357 868 1412 lulii
894 1374 949 1429 pro
968 1356 1100 1428 qualibet
1128 1356 1228 1425 Missa,
1285 1385 1372 1431 „m
1419 1342 1433 1376 ⁰

136 1426 332 1502 (Episcopus)
352 1427 662 1502 supplicatdec'larari,
677 1445 715 1484 an
735 1429 797 1500 ipse
820 1439 946 1484 statuere
967 1427 1058 1500 possit
1070 1427 1198 1483 eleemos
1220 1458 1230 1468 -
1285 1441 1378 1489 Sancti
1397 1443 1445 1492 Se·

136 1515 213 1554 nam
224 1499 393 1555 manualem
407 1499 496 1554 unius
509 1499 614 1571 integri
630 1499 696 1555 lulii
711 1517 766 1574 pro
781 1499 912 1573 qualibet
932 1500 1032 1569 Missa,
1049 1499 1190 1572 imponen
1211 1515 1230 1554 o
1285 1497 1382 1547 verini.

135 1586 270 1642 poenam
285 1569 498 1627 celebrantibus
511 1588 565 1643 pro
578 1571 693 1627 minore
707 1571 882 1644 quantitate.

178 1655 216 1709 R.
230 1655 256 1708 A
255 1646 423 1729 ffirmative
433 1655 533 1728 quoad
546 1655 769 1728 eleemosynam
781 1655 963 1712 manualem.

176 1737 330 1794 Romana.
346 1770 383 1780 -
404 1736 631 1810 Eleemosynam
653 1756 707 1812 pro
729 1738 859 1812 qualibet
881 1737 973 1795 Missa
999 1745 1051 1810 pe'r
1073 1737 1230 1810 Regulares
1312 1768 1431 1816 Mun-0

132 1809 317 1893 celebranda
329 1810 360 1865 in
381 1821 486 1893 eorum
509 1809 645 1866 Ecclesiis
667 1827 729 1867 esse
753 1810 911 1866 taxandam
934 1809 1057 1866 arbitrio
1080 1808 1229 1864 Ordinarii
1284 1827 1311 1872 in
1325 1840 1374 1873 m
1389 1827 1444 1876 Ro.

129 1896 223 1940 iuxta
234 1893 349 1938 morem
360 1896 500 1954 regioms.
1284 1895 1374 1931 mana.

171 1971 277 2040 Atque
291 1967 331 2021 ita
345 1965 500 2040 rescripsit.
519 1964 572 2021 Die
587 1967 603 2021 8
619 1965 687 2021 maii
705 1966 782 2038 1905.
1312 1977 1373 2024 Dies
1390 1981 1416 2038 (a

441 2104 444 2108 .
500 2047 681 2104 Vmcan‘rrus
696 2047 783 2104 Card.
800 2046 899 2121 Episc.
912 2046 1105 2115 Praenestin.,
1121 2045 1227 2121 Praef.
1283 2037 1346 2082 marr·
1364 2040 1443 2096 1905l·

871 2129 903 2187 C.
925 2129 972 2184 De
992 2129 1060 2195 Lai,
1083 2129 1192 2184 Secret.
