2959 4900
276 315 296 376 4
718 336 925 375 surruuuuurn

275 468 438 537 ecclesiae
468 487 595 559 genere
621 460 789 538 dicendae
806 470 876 539 sint
891 470 1099 558 saeculares,
1124 469 1364 559 potiusquam

275 579 312 627 re
333 647 340 661 ι
362 559 462 660 lares.
494 556 756 647 Perspicuitatis
779 558 901 649 gratia,
920 560 1080 629 ecclesias
1103 558 1185 629 istas
1207 558 1364 627 dicemus

244 689 248 697 ι
275 669 315 715 re
327 667 471 735 tgrosos.
1222 670 1225 677 ¹

315 874 510 922 macutus
524 875 563 921 11.
579 857 662 942 Quot
676 861 783 927 variis
801 859 908 928 nodis
923 858 1141 929 acclamabat
1156 858 1318 944 reputaris

709 974 762 1042 vel
776 973 933 1058 religiosa

284 1225 288 1229 ι
323 1140 360 1241 Ι..
378 1141 452 1241 ι.ᾼ
468 1142 664 1231 primaeua
681 1144 818 1233 origine
834 1143 976 1213 ecclesia
993 1143 1106 1235 potuit
1120 1143 1169 1241 ad
1181 1141 1363 1231 religiosos

275 1243 483 1318 pertinuisse
501 1256 509 1297 ε

319 1322 354 1403 a)
374 1318 456 1406 Ipsa
471 1319 716 1409 acdficotione,
733 1339 773 1389 ut
788 1336 839 1389 est
854 1322 998 1390 ecclesia
1013 1342 1083 1411 qua
1110 1319 1362 1389 monasterium

273 1406 378 1475 veluti
431 1408 583 1477 erficitur
614 1427 648 1477 et
673 1410 892 1497 absolvitur3
921 1412 975 1479 vel
1001 1430 1091 1500 quae
1118 1408 1361 1500 religiosorum

274 1429 474 1597 sumptibus
490 1498 527 1565 in
553 1499 632 1566 loco
654 1494 761 1568 etiam
783 1513 941 1590 separato
964 1502 1017 1568 vel
1033 1498 1183 1568 distante
1209 1498 1361 1587 legitime

274 1606 321 1652 err
350 1601 430 1653 rtur.
1098 1620 1101 1625 ·

317 1607 350 1759 bg)
369 1674 452 1762 lpsa
462 1674 687 1776 fundatione,
704 1677 733 1745 si
763 1678 923 1746 conditor
938 1677 1100 1747 ecclesiae
1123 1698 1214 1764 earn,
1233 1676 1270 1743 in
1287 1675 1359 1775 fun3

273 1763 423 1831 dationis
453 1764 589 1851 hmine,
616 1787 636 1833 a
666 1767 885 1855 regularibus
916 1769 970 1835 vel
994 1788 1014 1835 a
1041 1765 1212 1856 religiosis
1243 1765 1358 1833 haben

272 1852 433 1921 voluerit.
1011 1864 1021 1876 “·
1462 1904 1463 1941 3

319 1941 376 2007 De
398 1941 553 2031 legitima
579 1965 686 2033 porro
710 1945 883 2012 erectione
905 1945 959 2013 vel
986 1944 1191 2013 fundatione
1218 1962 1358 2033 agemus
1462 1942 1463 2001 f

297 2045 404 2098 ostea.

272 2053 294 2120 p
318 2142 348 2186 2.
371 2118 548 2208 Religiosa
560 2119 634 2187 fieri
653 2135 767 2209 potest
775 2122 1078 2212 praescriptione:
1095 2121 1129 2190 si'
1139 2120 1314 2189 bonafide
1329 2133 1359 2186 et

272 2208 391 2275 animo
422 2209 558 2276 domini
582 2214 759 2299 regulares
785 2213 840 2278 vel
871 2211 1024 2300 religiosi
1048 2211 1357 2299 ecclesiam'posse·

272 2296 386 2363 derint
417 2318 479 2386 per
505 2312 645 2386 tempus
661 2300 769 2388 quod,
789 2318 829 2367 ut
859 2300 1056 2370 existimant
1084 2299 1259 2387 doctoreS,
1288 2317 1358 2367 esse

273 2385 376 2453 debet
391 2386 622 2476 quadraginta
644 2410 833 2477 annorum,
864 2390 974 2459 immo
999 2388 1268 2478 immemoriale,
1294 2387 1357 2456 nisi

272 2490 448 2564 praeterea
464 2478 576 2544 iustus
588 2477 677 2545 adsit
693 2479 815 2547 titulus
831 2483 854 2544 ¹.

297 2637 301 2642 .
318 2564 349 2632 3.
373 2563 410 2631 U
409 2565 508 2632 nione
523 2587 585 2632 seu
613 2566 898 2659 incorporatione
903 2567 1008 2658 sacto
1025 2568 1248 2636 monasteria.
1268 2566 1356 2635 Cum

272 2652 316 2720 de
343 2654 530 2742 parochiali
548 2657 692 2724 ecclesia
716 2659 843 2746 agitur,
861 2679 981 2745 nemo,
1000 2672 1133 2748 praeter
1151 2655 1189 2726 S.
1218 2654 1355 2724 Pontifi-

271 2762 361 2830 cem,
389 2744 493 2811 talem
516 2743 697 2813 ecclesiam
725 2747 937 2815 monasterio
961 2747 1174 2836 coniungere
1204 2758 1317 2835 potest
1330 2749 1352 2810 ².

270 2831 367 2899 Alias
381 2852 464 2900 vero
491 2832 654 2901 ecclesias
685 2835 898 2906 monasterio
924 2836 1026 2904 unire
1060 2836 1259 2925 Episcopus
1288 2853 1353 2902 non

270 2919 486 3008 prohibetur.
1296 2940 1299 2948 ’

314 3008 447 3077 Verum
463 3010 651 3097 requiritur
666 3018 700 3095 a)
715 3013 818 3081 Iusta
834 3035 952 3085 causo.
981 3014 1079 3082 Haec
1094 3028 1146 3082 est
1161 3012 1352 3096 necessitas,

271 3099 324 3183 vel
356 3097 498 3165 evidens
521 3099 665 3188 utilitas,
694 3103 850 3189 quaein
881 3103 981 3171 valde
1005 3102 1218 3171 conveniens
1249 3103 1352 3171 cultus

271 3202 501 3270 augmentum
517 3188 625 3255 ferme
641 3191 772 3259 recidet
788 3192 812 3260 ³.

315 3276 347 3356 b)
363 3275 466 3344 Prius
481 3277 569 3346 facta
585 3278 730 3367 diligens
754 3301 878 3347 causae
894 3280 1102 3368 exploratio,
1121 3280 1220 3348 itaut
1241 3277 1350 3348 nullus

271 3365 356 3431 iuris
378 3365 433 3433 sui
461 3366 604 3455 accipiat
620 3370 912 3458 detrimentumf,
932 3385 964 3438 et
987 3370 1172 3439 audiantur
1188 3369 1212 3437 ii
1236 3383 1348 3436 omnes

272 3474 424 3542 quorum
443 3455 583 3523 interest
599 3457 624 3526 ⁵.

315 3545 347 3625 c)
382 3542 413 3609 C
416 3562 584 3611 onsensus
622 3546 763 3636 capituli
795 3547 949 3615 ecclesiae
978 3547 1187 3615 cathedralis
1218 3547 1243 3636 ⁶,
1287 3539 1345 3612 nisi

299 3763 306 3797 1
318 3761 375 3810 Cir.
390 3763 666 3821 Scurtnnzouuuuur,
678 3763 708 3812 in
717 3782 739 3812 1.
749 3773 772 3812 3.
782 3770 801 3813 t.
812 3772 834 3822 5,
846 3780 873 3813 n.
885 3773 962 3815 15-18.
977 3765 1131 3816 Ubitamen
1139 3767 1252 3817 ecclesia
1260 3764 1340 3814 redeat

270 3829 305 3874 ad
324 3828 495 3888 primaevum
511 3837 613 3879 statum
623 3831 752 3877 saecularis
768 3833 810 3878 vel
826 3833 951 3890 regularis,
970 3833 1028 3893 ipse
1043 3835 1120 3884 addit
1137 3834 1257 3884 sufficere
1269 3829 1338 3879 etiam

270 3895 330 3941 sine
341 3894 422 3942 titulo
431 3896 678 3956 quadragenariam
689 3898 943 3957 praescriptionem.
1028 3946 1030 3950 Α

297 3963 350 4009 2C.
363 3961 564 4019 Tridentinum,
577 3977 599 4010 s.
612 3965 694 4014 XXV,
708 3977 732 4011 c.
747 3972 783 4020 13,
796 3965 858 4012 Rei.

299 4028 382 4074 ³Vnu
394 4041 431 4075 uu
442 4029 572 4084 Burnus.
584 4031 622 4076 Dc
631 4029 739 4085 ecclesiis,
752 4043 779 4076 n.
791 4037 843 4085 ⁴⁵0·

298 4093 421 4153 ⁴Quare‚
439 4092 462 4141 si
484 4107 602 4153 quorum
620 4094 664 4142 ius
681 4092 718 4142 ob
736 4095 867 4143 unionem
886 4096 1064 4157 periclitetur,
1083 4115 1108 4147 v.
1125 4115 1149 4162 g.
1168 4105 1331 4160 patronorum.

270 4156 370 4205 debent
380 4156 408 4205 hi
419 4158 550 4206 unionem
560 4173 672 4208 assensu
680 4173 731 4208 suo
741 4160 867 4220 probare.

298 4226 309 4259 ⁵
320 4221 436 4281 Ibidem,
449 4239 477 4274 n.
488 4232 597 4284 453·4⁵⁵·

298 4291 349 4339 ⁶0.
359 4289 559 4350 Tridentinum,
569 4308 591 4342 s.
603 4294 677 4350 XXI,
690 4306 713 4341 c.
727 4299 749 4349 5,
762 4293 805 4341 De
816 4294 876 4344 Rei.
889 4310 910 4344 s.
923 4297 1021 4355 XXIV,
1032 4311 1055 4346 c.
1069 4305 1105 4356 15,
1117 4298 1150 4347 de
1158 4296 1215 4346 Rei.
1283 4313 1287 4317 ’
