2959 4900
312 299 372 361 124
763 325 945 362 uouuuaurn

339 455 392 534 'Ad
406 457 443 510 X.
463 455 643 514 Affirmative
664 459 702 514 ad
722 458 849 533 primam
863 470 996 532 partem,
1013 471 1050 529 et,
1068 458 1149 532 quod
1166 459 1202 513 ad
1224 457 1389 522 secundam,

310 536 364 579 tria
378 526 573 584 anniversaria
586 527 649 585 fieri
662 547 748 602 posse
763 530 817 586 sub
832 531 890 586 ritu
904 529 1025 604 duplici.

345 612 448 683 Atque
457 612 496 667 ita
511 614 656 688 rescripsit
667 614 715 670 die
727 633 762 688 29
775 614 839 670 iulii
856 632 933 688 ¹904·

861 712 890 767 S.
912 711 999 766 Card.
1020 711 1161 777 Camoni,
1182 709 1288 780 Praef.

721 806 763 863 D.
783 806 903 874 Punici,
924 807 1067 879 Archiep.
1088 805 1262 872 Laodicen,
1282 804 1388 858 Secret.

765 967 939 1021 Auuorarro

347 1099 507 1171 Responsio
530 1100 567 1154 ad
593 1099 664 1153 Vlll
685 1099 808 1154 dubium
828 1099 901 1154 mira
923 1098 1045 1154 iudicari
1087 1099 1167 1167 o'ssit,
1188 1114 1256 1153 curn
1282 1093 1386 1150 solutio

308 1169 487 1240 exemptioni
514 1170 703 1242 Regularium
728 1170 861 1227 videatur
887 1170 1043 1226 contraria.
1098 1187 1182 1226 erum
1207 1167 1384 1244 iamdudum,

307 1253 378 1297 teste
393 1241 522 1314 Fagnani
538 1245 559 1311 ¹,
574 1241 604 1297 S.
622 1242 819 1314 Congregatio
845 1241 979 1310 Concilii,
1006 1243 1073 1296 nixa
1097 1242 1213 1298 decreto
1225 1238 1385 1318 Tridentini

308 1312 444 1379 Concilii,
457 1330 483 1369 c.
494 1330 546 1368 un.
560 1330 583 1367 s,
595 1314 691 1380 XXII,
702 1313 752 1368 De
761 1313 951 1368 observandis
966 1323 994 1368 et
1006 1313 1134 1369 vitandis
1150 1312 1179 1367 in
1193 1310 1385 1366 celebratione
1454 1339 1455 1380 3

308 1385 477 1450 missarum,
496 1383 668 1439 existimavit
681 1401 743 1439 esse
757 1402 774 1438 a
791 1385 984 1456 Regularibus
1000 1385 1173 1459 praestanda
1186 1394 1385 1455 quaecumque

307 1456 344 1510 ab
354 1455 515 1510 Ordinariis
527 1455 673 1511 Locorum
683 1456 719 1510 de
729 1456 916 1512 observandis
930 1470 958 1512 et
971 1456 1095 1511 vitandis
1105 1455 1136 1510 in
1151 1453 1307 1510 missarum
1317 1450 1384 1524 cele·
1453 1459 1455 1524 l

307 1527 439 1582 bratione
452 1539 656 1582 statuerentur.
1454 1541 1455 1560 ³

688 1699 1007 1708 —---—---——-

251 1781 254 1784 ⁴
347 1828 415 1911 44.
439 1881 480 1890 -
502 1840 535 1912 8·
558 1841 705 1912 ttttuutt
729 1841 1070 1913 uuwttntttttuttts
1095 1841 1127 1922 (ll
1151 1856 1226 1908 nov.
1249 1837 1345 1915 1904)

293 2026 416 2092 ⁴RE'SP.
428 2028 483 2082 DE
493 2027 730 2082 PRIVILEGIO
744 2028 1025 2083 GONFRATEHN.
1038 2027 1090 2082 SS.
1101 2023 1365 2116 saudaumim
1371 2019 1382 2054 ²

748 2209 749 2214 κ
776 2180 911 2240 ,Goaria

342 2327 510 2382 Hodiernus
535 2329 607 2381 Rmut
628 2330 694 2383 Dum
712 2330 861 2384 Antonius
874 2329 1062 2385 Sebastianus
1074 2327 1206 2390 Valente,
1223 2319 1379 2394 Archiepis-

303 2417 395 2470 copus
418 2400 546 2465 Goanus,
573 2399 739 2457 Patriarcha
767 2401 917 2459 lndiarum
945 2399 1149 2463 Orientalium,
1180 2415 1196 2452 a
1226 2397 1376 2452 Sacrorum

306 2472 425 2528 Rituum
437 2471 671 2551 Congregatione
682 2474 868 2545 sequentium
882 2473 1041 2529 dubiorum
1060 2471 1240 2526 solutionem
1258 2480 1379 2521 reveren-

303 2556 347 2599 ter
360 2542 506 2616 expetivit,
522 2541 663 2598 nimirum
680 2564 686 2599 :

341 2628 363 2681 Ι,
378 2628 425 2680 An
438 2644 473 2681 ex
487 2643 522 2681 eo
537 2627 616 2698 quod
627 2626 865 2682 Confraternitati
877 2626 1060 2683 Sanctissimi
1074 2623 1254 2682 Sacramenti
1268 2634 1377 2691 compe·
1452 2648 1453 2657 κ

121 2675 246 2735 V'Slrwl·
303 2697 336 2753 tit
350 2697 406 2752 loci
422 2694 622 2769 praecedentia
644 2698 674 2753 in
694 2698 930 2780 processionibus
952 2697 1161 2764 eucharisticis,
1185 2695 1280 2751 eidem
1295 2691 1376 2747 etiam

90 2729 145 2790 legii
156 2736 249 2791 praece-

90 2787 190 2838 ΜΨ,
301 2768 503 2841 praecaeteris
524 2767 811 2825 confraternrtatibus
834 2771 877 2825 ius
891 2771 966 2825 adsit
987 2768 1149 2825 sustinendi
1169 2766 1268 2822 hastas
1286 2762 1377 2839 balda3

302 2840 381 2896 chini
394 2842 448 2896 sub
466 2858 527 2913 quo
539 2841 721 2897 Venerabilis
735 2841 918 2898 Eucharistia
931 2842 1093 2909 deducitur,
1113 2856 1231 2895 necnon
1251 2848 1349 2910 portan

302 2913 339 2967 ad
350 2925 510 2983 utrumque
521 2911 686 2967 baldachini
698 2912 774 2969 latus
789 2913 922 2969 lucernas
936 2913 1026 2969 elatas
1038 2914 1048 2967 l

116 3033 173 3080 ms
181 3048 236 3082 con·
339 2996 377 3051 ll.
395 2998 433 3051 Et
445 3007 588 3065 quatenus
599 2995 779 3065 affirmative,
796 3014 833 3052 an
847 2997 883 3051 ab
895 2995 1127 3053 Ordinariomos
1139 2991 1268 3066 permitti
1281 2984 1372 3070 possit,
1450 3036 1451 3045 ,

89 3093 187 3139 mm,
300 3066 384 3122 cuius
396 3067 424 3121 vi
437 3066 509 3121 aliae
527 3066 779 3124 confraternitates
801 3068 832 3123 in
854 3068 980 3124 titularis
1004 3066 1048 3122 sui
1070 3067 1143 3121 lesto
1165 3072 1374 3189 processionem

301 3155 369 3193 curn
390 3136 548 3193 venerabili
570 3138 752 3193 Eucharistia
774 3151 944 3213 peragentes
966 3154 1143 3195 consuevere
1187 3146 1263 3189 astas
1286 3128 1374 3186 balda·

300 3208 379 3264 chini
393 3223 421 3264 et
435 3209 583 3280 utrimque
596 3208 729 3265 lucernas
743 3211 833 3266 elatas
846 3222 972 3283 portare,
988 3212 1054 3265 data
1070 3209 1105 3264 de
1116 3221 1213 3263 cetero
1228 3204 1286 3260 loci
1301 3215 1374 3276 prae·
1449 3238 1450 3255 t

300 3279 431 3335 cedentia
444 3279 683 3336 confraternitati
697 3282 870 3337 sanctissimi
885 3280 1084 3337 Sacramentil

337 3366 374 3418 Et
386 3364 474 3418 Sacra
488 3363 591 3418 eadem
601 3365 808 3436 Congregatio,
820 3366 856 3420 ad
867 3365 1037 3421 relationem
1047 3349 1202 3434 subscripti
1216 3351 1370 3419 Secretarii,

299 3434 442 3507 exquisita
455 3435 596 3514 sententia
610 3436 833 3516 Commissionis
854 3437 1030 3509 Liturgicae,
1054 3451 1144 3507 reque
1166 3444 1299 3487 accurate
1317 3442 1373 3501 pes·

298 3523 396 3577 pensa,
412 3506 628 3561 rescribendum
641 3521 755 3563 censuit
770 3528 776 3563 ε

114 3623 155 3672 M
164 3626 180 3672 Ι
333 3590 379 3643 Ad
395 3591 416 3644 l.
433 3590 458 3643 A
457 3587 634 3662 ffirmative.
860 3645 865 3653 Ι
1120 3656 1121 3659 ¹
1166 3572 1173 3661 Ἰ

113 3705 154 3753 M
163 3663 195 3754 ᾖ
332 3674 378 3729 Ad
394 3676 433 3729 ll.
450 3672 610 3746 Negative.

112 3790 171 3838 Da,
182 3744 223 3850 p„
332 3760 430 3831 Atque
443 3757 484 3811 ita
496 3756 654 3829 rescripsit,
671 3757 717 3813 die
736 3778 762 3813 11
780 3759 948 3816 novembris
966 3779 1042 3833 1904.

84 3861 137 3896 nov.
148 3854 227 3908 1905).
822 3854 858 3908 A.
875 3854 961 3908 Card.
975 3855 1108 3922 Tamum,
1125 3854 1305 3923 Pro-Praes.

741 3949 782 4005 D.
797 3950 916 4018 Punici,
932 3951 1074 4024 Archiep.
1088 3951 1252 4006 Laodicen.
1267 3950 1367 4004 Serrei.

87 3406 244 3456 Rauenna.

322 4148 331 4181 1
347 4148 401 4193 1n1
415 4147 523 4195 Decret.
536 4152 555 4193 t.
568 4154 605 4199 ³1,
617 4149 654 4195 De
664 4148 746 4207 Officio
756 4148 848 4197 Iudicis
859 4150 999 4202 ordinarii.
1013 4165 1036 4199 c.
1051 4153 1138 4206 Grave,
1153 4169 1188 4209 19,
1201 4164 1228 4199 n.
1240 4159 1277 4207 46.

320 4214 418 4260 2Αοτικ
430 4213 456 4261 S.
475 4214 564 4271 Sams,
585 4220 604 4262 t.
625 4222 652 4269 37
669 4218 828 4276 (mot-1905),
845 4230 872 4275 p.
891 4224 941 4275 341.
964 4217 1142 4279 Privilegium
1155 4213 1364 4268 memoravimus,

292 4281 311 4325 t.
324 4278 336 4325 I
348 4279 385 4325 De
395 4278 532 4337 Religiosis,
545 4294 572 4327 n.
583 4277 643 4343 556
654 4287 681 4328 et
692 4278 760 4345 558.
