2959 4900
155 332 309 369 uncnarun
324 333 361 367 nn
374 332 527 369 ramanent
544 333 701 370 natatione
716 335 818 372 tumr.
835 334 971 370 voroauu
987 334 1077 371 srurn.
1115 314 1177 379 133

86 468 205 522 demina
234 468 310 524 circa
342 467 583 524 communionem
616 469 856 537 eucharisticam3
891 480 919 525 et
949 486 987 525 an
1017 482 1176 544 utrumque

87 540 244 594 Decretum
257 538 337 594 statis
353 538 534 611 temporibus
556 539 657 611 lingua
671 541 827 597 vernacula
840 540 871 595 in
886 541 1039 597 communi
1052 540 1174 615 legatur.

121 610 165 682 67.
181 611 262 664 Num
275 610 306 665 in
321 611 463 666 Institutis
477 610 620 666 Sororum
642 611 753 684 ubique
771 611 877 685 quovis
890 611 1019 668 triennio
1033 612 1175 690 confessa·

85 679 146 735 rius
158 681 325 736 ordinarius
338 693 478 746 mutetur,
491 681 535 737 vel
549 682 646 738 debita
658 682 831 739 auctoritate
843 682 1045 739 confirmetur.

120 752 165 807 68.
181 753 263 807 Num
288 752 530 877 praescriptiones
551 753 587 808 de
607 752 743 809 clausura
761 754 902 811 servanda
923 755 954 810 in
975 765 1056 826 parte
1069 754 1175 811 domus

87 822 237 895 Religiosis
250 836 395 879 reservata
431 822 533 880 delitet
546 824 748 881 observentur.
933 866 936 873 .

120 894 165 967 69.
182 895 264 949 Num
281 894 434 966 Religiosis
455 893 622 967 frequenter
643 896 826 967 permittatur
848 895 1027 953 locutorium
1046 896 1126 952 adire
1146 906 1175 952 et

85 982 124 1020 an
138 965 371 1021 Constitutiones
385 964 415 1019 in
430 965 527 1021 haere
541 978 701 1025 serventur.

119 1052 167 1108 70.
185 1037 266 1091 Num
284 1035 437 1107 Religiosis
460 1053 476 1093 e
498 1038 587 1093 domo
609 1038 823 1109 egredientibus
836 1054 951 1112 semper
973 1055 989 1092 a
1014 1036 1174 1111 Superiori·

88 1106 143 1161 bus
156 1106 253 1162 socius
266 1107 399 1163 addatur.

119 1196 165 1249 71.
182 1178 274 1247 Num,
291 1195 349 1251 qua
369 1178 482 1234 ratione
505 1189 532 1234 et
554 1174 660 1251 quibus
678 1180 861 1254 temporibus
883 1179 1046 1236 habeantur
1061 1178 1174 1234 institu-

84 1248 179 1304 tiones
202 1248 403 1305 catechisticae
426 1262 454 1305 et
478 1248 543 1323 piae
564 1250 780 1307 exhortationes
805 1252 841 1306 ad
867 1266 1023 1308 conversos
1044 1250 1174 1323 aliosque

84 1319 222 1376 alumnos
237 1337 362 1376 necnon
376 1321 414 1375 ad
426 1320 552 1376 famulos
562 1338 613 1377 seu
626 1322 819 1378 convictores.

119 1408 164 1462 72.
180 1393 262 1446 Num
275 1390 382 1465 scripta
402 1391 477 1447 circa
496 1392 641 1465 pietatem,
665 1392 848 1463 religionem,
865 1402 919 1450 etc.
936 1391 1025 1448 etiam
1038 1392 1075 1447 ad
1087 1409 1175 1448 usum

88 1461 216 1517 Instituti
230 1474 356 1531 tantum,
373 1464 449 1535 typis
463 1463 586 1519 edantur
599 1464 710 1535 absque
725 1463 864 1538 Episcopi
878 1462 1004 1519 licentia.

118 1533 164 1605 73.
182 1535 306 1589 Numer
321 1533 428 1606 quibus
443 1534 534 1602 libris,
551 1534 610 1591 sive
623 1534 751 1607 antiquis
770 1534 828 1591 sive
847 1534 1067 1601 recentioribus,
1087 1533 1175 1590 etiam

83 1620 175 1658 manu
199 1604 323 1677 scriptis,
347 1606 410 1661 sola
432 1605 651 1661 moderatorum
672 1606 800 1662 Instituti
821 1604 938 1662 licentia
952 1605 1046 1675 editis,
1061 1605 1175 1661 sodales

85 1686 218 1731 utantur.

190 1770 218 1842 b)
233 1770 281 1826 De
293 1770 482 1826 observantia
495 1771 685 1844 quarundam
699 1770 1002 1845 specialiumllegum.

115 1873 162 1925 74.
179 1856 263 1909 Num
282 1854 382 1911 omnia
397 1854 474 1911 circa
486 1855 655 1927 Capitulum
668 1855 809 1911 Generale
824 1855 1001 1929 praescripta
1021 1853 1073 1909 dili
1093 1867 1173 1911 enter
1232 1879 1235 1883 ·

82 1925 237 1981 observata
250 1924 357 1981 fuerint
370 1946 375 1981 :
392 1930 422 1997 a)
433 1926 531 1999 quoad
541 1926 651 1982 litteras
660 1926 879 1982 convocatorias
890 1945 898 1994 ;
909 1926 937 1997 b)
948 1928 1047 1999 quoad
1060 1871 1174 1982 eiectio-

80 2013 150 2053 nem
170 1997 374 2069 delegatorum
387 2018 393 2065 ;
417 2001 444 2068 c)
459 1998 559 2069 quood
571 1997 745 2053 electionem
760 2009 955 2053 scrutatorum
967 2010 996 2054 et
1009 1998 1171 2067 secretarii;

79 2068 109 2137 d)
124 2068 229 2140 quoad
242 2067 416 2123 electionem
438 2068 633 2124 Moderatoris
651 2068 812 2141 generalis3
835 2075 861 2139 a)
881 2068 980 2141 quoad
1001 2068 1174 2125 electionem

81 2138 341 2204 Consiliariorum,
359 2140 523 2195 Oeconomi
538 2151 566 2196 et
578 2139 729 2195 Secretarii
741 2139 931 2211 generalium.

115 2210 164 2282 75.
180 2212 262 2265 Num
282 2210 407 2265 omnino
430 2210 557 2267 liberum
579 2210 665 2265 fuerit
688 2211 837 2267 sodalibus
857 2211 977 2279 litteras,
992 2228 1068 2282 quae
1080 2211 1117 2267 ab
1131 2211 1174 2267 in·

79 2280 234 2353 spectione
249 2282 442 2353 superiorum
456 2295 606 2355 exemptae
620 2294 698 2351 sunt,
715 2282 776 2337 sive
789 2282 913 2339 scribere
927 2281 986 2338 sive
1001 2283 1136 2354 recipere.

114 2353 163 2423 76.
179 2352 262 2407 Num
284 2353 331 2409 lex
351 2353 387 2408 de
409 2352 557 2409 mutandis
572 2352 788 2425 Superioribus
809 2366 876 2426 post
899 2364 1038 2409 statutum
1059 2367 1119 2410 tem
1140 2370 1174 2409 us

78 2421 209 2479 fideliter
221 2424 398 2480 observetur.
423 2425 514 2494 Num,
535 2437 609 2498 quot
623 2424 854 2498 dispensationes
866 2436 923 2495 eta
942 2442 1003 2498 quo
1015 2441 1101 2500 super
1119 2372 1174 2482 hac

78 2495 144 2567 lege
160 2495 331 2566 impetratae
344 2495 460 2551 fuerint.

113 2585 163 2638 77.
180 2568 265 2622 Num
278 2567 447 2623 Moderator
469 2565 617 2623 Generalis
638 2578 666 2622 et
687 2567 857 2640 Superiores
873 2567 1173 2641 -Provinciates-prae-

79 2637 222 2763 scriptam
235 2638 393 2693 domorum
408 2637 603 2694 visitationem
618 2638 672 2694 rite
684 2638 858 2711 peregerint.

113 2727 130 2780 7
156 2709 261 2763 ,Num
283 2708 452 2765 Moderator
476 2708 624 2764 Generalis
648 2721 676 2764 et
699 2710 741 2764 Su
763 2709 871 2765 eriores
894 2709 954 2765 sive
978 2709 1173 2766 Provinciales

79 2778 140 2834 sive
155 2778 265 2834 locales
277 2779 439 2852 praefinitis
459 2779 640 2849 temporibus
662 2727 845 2836 consihmios
867 2797 934 2836 suos
952 2795 1124 2844 convocent,
1141 2796 1173 2836 ut

78 2866 151 2904 cum
170 2850 206 2904 iis
219 2864 307 2922 agant
320 2853 356 2906 de
370 2851 493 2923 negotiis
506 2852 563 2907 sive
578 2850 705 2907 Instituti
720 2851 781 2906 sive
799 2851 968 2907 Provinciae
987 2851 1046 2906 sive
1058 2852 1171 2908 domus.

80 2940 162 3046 ᾐι79..
179 2924 262 2976 Num
286 2921 316 2976 in
338 2921 597 2979 deliberationibus
618 2922 714 2978 debita
738 2922 855 2979 libertas
874 2921 1047 2978 consiliariis
1062 2935 1172 2978 servata

113 3005 180 3048 erit.

114 3064 164 3119 80.
181 3065 264 3118 Num
278 3062 308 3117 in
322 3063 454 3120 Consilio
475 3064 609 3120 Generali
629 3064 787 3121 electiones
806 3064 896 3120 libere
917 3075 946 3120 et
960 3065 1040 3120 iuxta
1053 3081 1173 3120 normas

81 3135 276 3206 praescriptas
291 3133 383 3190 factae
397 3134 514 3190 fuerint.

114 3207 163 3261 81.
181 3206 290 3260 Utrum
300 3206 439 3261 omnibus
448 3205 596 3261 sodalibus
606 3206 777 3276 necessaria,
789 3207 943 3278 praecipue
953 3208 1050 3278 quoad
1062 3207 1171 3263 victum

78 3290 107 3332 et
119 3277 269 3342 vestitum,
285 3294 302 3331 a
317 3277 523 3349 Superioribus
545 3292 578 3331 ea
591 3293 650 3349 qua
664 3277 747 3334 decet
768 3277 886 3333 caritate
904 3291 1025 3351 paterna
1038 3280 1172 3351 suppedi-

78 3359 189 3415 tentur,
201 3361 229 3402 et
242 3365 279 3402 an
293 3345 368 3402 forte
381 3347 438 3403 sint
451 3350 501 3421 qui
515 3348 587 3402 haec
599 3347 653 3402 sibi
669 3349 706 3404 ab
721 3349 865 3405 extraneis
877 3363 1044 3420 procurent.

114 3420 164 3475 82.
177 3419 224 3473 An
240 3417 347 3473 alicubi
370 3420 483 3475 sodales
503 3419 561 3474 sint
585 3435 710 3474 numero
735 3418 952 3486 insufficientes,
968 3420 1007 3476 ita
1030 3433 1063 3476 ut
1084 3420 1172 3477 nimis

80 3503 240 3561 graventur
254 3489 405 3545 laboribus
418 3506 486 3545 cum
500 3489 579 3562 gravi
593 3490 767 3546 valetudinis
781 3491 957 3546 discrimine.
1120 3536 1123 3546 .

114 3561 162 3617 83.
181 3563 262 3616 Num
275 3561 461 3634 provideatur
475 3578 512 3617 ne
525 3560 596 3634 quid
609 3561 682 3616 desit
700 3561 825 3618 infirmis
846 3578 881 3617 ex
902 3562 946 3622 iis.
972 3561 1080 3634 quibus
1093 3564 1171 3619 iuxta

78 3631 230 3704 propriam
244 3633 388 3704 cuiusque
401 3633 606 3688 condicionem
620 3633 760 3704 indigent,
775 3648 864 3706 atque
877 3645 909 3688 ut
927 3633 958 3688 in
971 3634 1171 3704 corporalibus
1200 3695 1205 3708 .

77 3719 106 3758 et
120 3702 324 3776 spiritualibus
339 3704 557 3759 necessitatibus
571 3720 630 3776 qua
643 3721 694 3774 par
707 3717 750 3760 est
761 3709 880 3760 caritate
892 3705 1087 3764 subleventur.

113 3777 162 3844 84.
177 3773 223 3842 (In
235 3774 380 3830 Institutis
396 3773 603 3847 Clericorum).
628 3776 707 3842 Quot
728 3778 813 3831 annis
835 3775 930 3830 clerici
953 3787 1054 3831 vacent
1068 3776 1171 3832 studiis

76 3850 108 3917 a)
123 3844 290 3900 litterarum
304 3845 524 3914 humaniorum,
539 3845 566 3916 h)
581 3845 793 3919 philosophiae,
808 3858 837 3902 et
847 3850 874 3919 c)
888 3846 987 3901 theolo
1008 3847 1061 3902 iae.

113 3917 271 3984 Quatenus
285 3929 384 3972 autent
407 3917 502 3972 studia
523 3917 603 3972 dorni
624 3930 810 3990 peragantur,
833 3931 906 3990 quot
924 3934 978 3991 pro
991 3934 1102 3973 essores
1113 3917 1170 3973 sin·

75 3987 157 4058 gulis
171 3987 334 4060 disciplinis
347 3988 494 4044 tradendis
507 3988 564 4044 sint
575 3988 690 4044 addicti.

113 4059 160 4114 85.
176 4060 260 4114 Num
272 4075 376 4114 omnes
389 4060 537 4116 studentes
552 4079 558 4115 :

152 4131 182 4202 a)
199 4129 348 4210 integrum
359 4147 478 4185 cursum
490 4130 653 4186 studiorum
671 4129 844 4204 perfecerint
866 4142 1025 4203 antequam
1044 4148 1061 4188 e
1079 4132 1169 4188 domo

77 4200 186 4256 studiis
198 4201 343 4256 destinata
356 4200 478 4257 exierint
492 4222 499 4270 ;

152 4271 180 4344 b)
193 4286 261 4328 ante
272 4272 489 4346 promotionem
507 4273 544 4327 ad
558 4289 655 4328 sacros
670 4273 795 4328 Ordines
810 4272 906 4328 studia
918 4290 971 4345 per
984 4272 1169 4346 pontificium
