2959 4900
469 304 556 341 runax
569 302 780 341 1661166116116
1150 288 1207 350 191

81 446 237 511 visibilem,
248 446 324 509 quod
341 445 377 495 ad
396 444 568 498 electionem,

79 525 256 575 mutationem
266 523 434 576 confessarii,
448 522 490 580 26,
506 523 548 574 21.

52 602 151 657 lenite
161 603 283 670 religiosi
297 603 331 652 de
347 601 516 664 defectibus,
531 601 574 653 64.

53 684 159 748 161666,
173 697 258 732 causa
268 680 444 738 dimissionis,
455 681 498 730 84.

53 762 225 826 16166666τί6
242 762 277 811 de
292 760 400 810 musica
417 774 507 820 sacra,
526 760 570 825 24,

82 840 120 896 36,
135 840 194 890 168.
206 867 239 878 -
247 840 282 889 66
294 838 433 890 Ursulinis
442 838 472 887 in
484 853 571 888 unum

83 934 180 983 corpus
197 919 339 985 cogendis,
351 917 406 970 157.

54 999 144 1050 Hesion
155 1010 243 1062 sacra,
264 997 349 1054 110116,
370 997 412 1048 26.
435 1024 469 1035 -
488 998 574 1055 60166,

83 1079 119 1128 26.
127 1105 159 1118 -
170 1079 264 1127 Motus
275 1076 404 1143 proprius
414 1076 458 1126 Pii
471 1078 528 1130 ΡΡ.
538 1079 575 1135 X,

82 1158 121 1209 23.
141 1185 175 1194 -
197 1157 379 1206 instrumenta
400 1154 471 1204 inter
483 1170 573 1217 sacra,

84 1236 137 1286 155.
151 1262 183 1275 -
195 1235 303 1285 edenda
318 1234 400 1299 typis,
415 1233 471 1291 168,
486 1233 544 1287 174.

55 1315 172 1366 1166116661
186 1314 266 1366 161611
291 1314 393 1366 666161.
412 1312 455 1362 Pii
477 1314 524 1369 IX,
545 1312 576 1362 19

82 1391 301 1449 111611.1857,57.

56 1472 169 1524 melotus
178 1471 237 1521 alio
254 1469 458 1532 transferendus
477 1471 505 1518 in
522 1469 577 1519 dis·

83 1551 216 1614 persione,
249 1548 290 1603 17.
313 1576 347 1586 -
368 1550 444 1613 quod
469 1550 505 1598 ad
528 1549 576 1599 ad·

85 1629 250 1686 missionem,
289 1628 331 1679 86.
365 1656 399 1665 -
428 1620 504 1692 qu'od
541 1629 577 1677 ad

84 1708 276 1757 admissionem
295 1707 324 1755 in
348 1706 437 1761 ltalia,
463 1706 521 1759 125.
544 1733 578 1744 -

83 1787 265 1836 admittendus
274 1786 303 1834 ln
313 1786 444 1835 Ordinem
452 1786 500 1835 SS.
512 1785 576 1834 Tri-

84 1866 182 1920 nitatis,
211 1864 270 1917 126.
295 1891 328 1902 -
347 1864 525 1915 dimittendus
543 1879 577 1914 ex

85 1944 183 1994 Ordine
194 1944 246 1994 SS.
256 1943 408 2001 Trinitatis,
423 1943 482 1996 126.

59 2020 203 2075 iniciatus.
223 2025 322 2071 Annus
338 2020 494 2085 requiritur,
508 2035 576 2085 quo·

85 2102 159 2152 modo
176 2102 381 2165 computandus
398 2100 427 2149 in
444 2114 519 2149 anno
535 2098 577 2148 bl·

87 2180 180 2238 sextili,
190 2183 218 2230 4.

58 2258 181 2313 6611116666
189 2258 417 2310 Canonizationis
426 2259 521 2315 Festa,
532 2259 577 2306 In·

86 2338 194 2389 structio
208 2343 238 2387 et
248 2337 403 2403 privilegia,
417 2336 477 2387 126.

59 2414 171 2470 61161661.
192 2418 281 2468 Varia
302 2416 397 2471 dubia,
411 2414 584 2467 165167-1

83 2503 179 2558 parvum
199 2499 234 2550 Β.
255 2499 295 2547 Μ.
315 2499 349 2545 V.
367 2501 395 2546 et
414 2509 579 2545 commemo·

85 2575 149 2626 ratio
160 2579 194 2626 Β.
209 2579 251 2627 M.
264 2579 299 2625 V.
309 2575 338 2624 in
350 2573 499 2639 suffragiis,
513 2573 576 2631 165;

87 2654 139 2704 166.
151 2682 183 2692 -
194 2658 302 2704 votivum
310 2652 506 2704 Immaculatae
515 2651 578 2700 Vir-

86 2733 162 2796 ginis,
176 2734 238 2788 151.

62 2812 192 2870 [alodum
215 2812 354 2878 privatum
374 2815 449 2878 quod
460 2815 497 2866 ad
515 2815 578 2866 mis·

88 2905 139 2940 sam
156 2891 278 2942 votivam
296 2894 409 2942 Immac.
431 2895 576 2960 concept„

89 2970 138 3020 151.
170 2998 206 3008 -
236 2971 427 3036 tertiariorum,
458 2973 515 3023 152.
547 3001 580 3010 -

62 3047 188 3102 6611661661
216 3050 357 3100 internum
375 3051 450 3116 quod
479 3052 516 3102 ad
536 3068 580 3103 ca·

89 3129 248 3191 lendarium,
270 3130 329 3180 123.
351 3157 382 3168 -
404 3131 576 3190 monialium,

89 3209 276 3260 Eucharistiae
286 3209 445 3267 asservatio,
459 3211 517 3261 145.

63 3286 192 3342 &diutius
208 3289 286 3353 quod
297 3289 334 3338 ad
350 3289 448 3339 missas
466 3289 503 3339 ab
514 3290 577 3341 aliis

90 3366 273 3418 sacerdotibus
281 3365 470 3424 celebrandas,
484 3369 524 3429 45,
534 3367 576 3418 49.

63 3443 177 3505 Ordinatio
194 3446 272 3496 iacta
282 3444 320 3496 ab
336 3444 445 3496 Abbate
461 3445 578 3505 titulari,

91 3523 134 3586 183
160 3523 286 3591 religiosi
313 3523 428 3588 professi
452 3530 576 3574 votorum

90 3602 260 3668 simplicium,
274 3600 316 3660 20,
329 3602 355 3652 4.

63 3677 155 3734 Ordines
177 3681 301 3747 religiosi
324 3679 432 3747 excepti
460 3681 578 3732 decretis

90 3759 235 3811 Clementis
246 3762 329 3817 VIII,
343 3759 368 3809 9.

64 3836 119 3891 6166
144 3840 189 3893 88.
219 3839 360 3892 1116116116.
388 3839 527 3890 Α66116616
552 3846 580 3890 61

91 3914 226 3978 D'imissio,
237 3919 296 3974 126.
309 3922 352 3971 De
362 3920 456 3972 Tertio
466 3920 578 3977 Ordine,

66 4073 203 4132 Ptmoete.
229 4082 359 4143 Hymnus
385 4080 480 4129 Vexilla
503 4079 577 4144 apud

92 4157 321 4219 Camaldulenses,
334 4158 391 4216 165.
405 4158 462 4210 167.

67 4233 162 4290 leat!
173 4236 219 4288 ius
229 4237 259 4287 in
271 4237 389 4288 ecclesia
398 4237 577 4304 regularium,

94 4315 145 4365 142.

683 442 821 507 saunitas
841 460 874 494 ex
893 452 956 496 voto
976 448 1149 511 temporarie,
1167 448 1209 499 66.

689 570 695 579 ,
714 549 750 559 -
766 522 795 571 in
813 526 911 592 Belgio
927 533 955 576 et
972 526 1132 583 Hellandia,
1152 527 1210 576 117.

714 631 750 641 -
759 604 901 655 abdicatio
911 606 1052 655 redituum
1069 613 1132 657 ante
1146 605 1211 655 sim·

717 682 819 747 plicam
830 684 1037 748 professionem,
1053 686 1111 736 122.

684 761 844 826 paupertatis
855 769 948 813 votum
965 765 1074 827 simplex,
1089 763 1118 811 in
1131 762 1211 813 Ordi-

716 840 800 890 nibus
812 842 933 892 virorum
946 848 972 892 et
984 842 1157 899 Meuianum,
1176 842 1192 891 5
1205 858 1212 903 ;
1277 856 1280 863 ’

717 918 889 971 inInstitutis
899 928 1024 971 votorum
1035 920 1209 985 simplicium,

717 998 743 1047 6.
772 1002 805 1048 In
832 1000 955 1065 utrisque
982 1000 1128 1056 Institutis‚
1151 1000 1208 1050 122.

717 1076 795 1141 Quid
815 1079 849 1128 de
866 1080 1015 1145 Episcopo,
1033 1096 1066 1129 ex
1086 1077 1212 1128 Professo

718 1157 821 1222 Congr.
835 1158 916 1223 relig.
928 1158 953 1208 7.
1212 1156 1217 1165 ’

685 1235 814 1287 Personae
827 1236 933 1289 16616116
945 1237 1025 1295 ratio,
1038 1238 1079 1287 77.

685 1314 840 1379 Perpensls:
862 1317 945 1367 Decr.
964 1316 1065 1366 Leonis
1087 1316 1168 1372 XIII,
1196 1315 1211 1363 3

717 1393 784 1443 maii
807 1393 879 1445 1902.
899 1397 941 1444 De
961 1395 1130 1461 professione
1150 1393 1213 1442 sim-

716 1471 783 1537 plici
795 1473 871 1537 apud
892 1474 1037 1528 Moniales,
1054 1473 1150 1531 14,15,
1168 1472 1210 1525 58,

718 1550 811 1600 177-
820 1552 895 1615 quod
903 1552 939 1601 ad
947 1551 1211 1615 effectusiuridicos,

718 1629 759 1693 58,
769 1630 809 1682 59.

685 1710 770 1762 Poena
787 1709 910 1759 indebite
929 1710 1028 1760 missas
1049 1708 1212 1775 colligentis,

718 1788 761 1838 45.
1074 1797 1078 1805 ’

684 1867 821 1920 Possessio
833 1868 1000 1922 monostemi,
1013 1867 1056 1917 73.

684 1946 843 1999 Praedicalio
856 1946 1036 2013 Regularium
1049 1952 1075 1995 et
1092 1946 1209 1995 aliorum

717 2026 746 2074 in
760 2025 846 2083 Urbe,
860 2042 883 2074 v.
897 2028 1035 2076 Contr'ones.

685 2103 820 2169 privileeta
832 2104 1039 2153 Benedictinorum
1057 2104 1086 2152 in
1098 2102 1213 2152 Hollan·

719 2182 776 2239 dia,
797 2184 853 2234 144.
1079 2182 1081 2186 ’

685 2264 844 2329 Pelvileplum
864 2264 967 2315 Missae
985 2264 1092 2313 votivae
1111 2262 1153 2311 vel
1167 2261 1214 2312 01-

717 2342 997 2393 6611661161111111166.
1011 2344 1107 2399 Cone,
1122 2341 1178 2391 151.

685 2422 826 2476 Potesne.
848 2424 933 2473 Aetas
961 2421 1093 2488 requisita
1122 2420 1158 2471 ad
1182 2447 1215 2457 -

719 2515 786 2567 6661,
804 2502 944 2567 quomodo
961 2501 1155 2566 computanda,
1170 2499 1212 2549 45.

717 2578 810 2632 -nis
830 2579 943 2628 effectus
958 2579 994 2626 in
1013 2578 1214 2643 possessionem

718 2657 925 2715 beneficiorum,
946 2656 986 2714 19,
1005 2657 1053 2720 26;
1074 2655 1212 2706 abdicatio

716 2736 856 2786 redituum
868 2741 932 2786 ante
944 2735 1097 2800 simplicem
1109 2734 1212 2800 profes-

718 2815 832 2873 sionem,
856 2817 913 2868 122.
936 2841 969 2852 -
988 2816 1087 2878 simplex
1102 2819 1213 2878 perpetua

717 2895 749 2944 in
760 2894 891 2944 Instituto
901 2900 1027 2945 votorum
1038 2892 1214 2958 simplicium,

717 2974 793 3038 quod
816 2974 852 3024 ad
873 2974 1045 3024 vacationem
1068 2971 1214 3022 beneficio·

718 3067 790 3117 rum,
810 3051 851 3110 18,
871 3051 911 3101 19.
931 3078 964 3089 -
983 3049 1098 3115 simplex
1117 3056 1144 3099 61
1161 3048 1215 3098 suf·

718 3131 808 3198 fragia
820 3131 849 3180 in
862 3129 1007 3195 Capitulis,
1023 3129 1082 3180 176.

688 3209 791 3262 neritus
808 3208 958 3260 abdicandi
977 3213 1041 3258 ante
1060 3207 1212 3272 simplicem

720 3288 927 3354 professionem,
945 3289 1001 3340 122.

686 3367 819 3432 1166616616
842 3367 1027 3417 admittendus
1040 3366 1068 3414 in
1082 3364 1212 3414 Ordinem

718 3447 768 3497 SS.
781 3446 935 3504 Trinitatis,
947 3446 1004 3496 126.
1018 3443 1212 3495 Calendarium

719 3525 749 3574 in
760 3524 878 3574 ecclesia
901 3539 1028 3589 possessa
1048 3539 1066 3573 a
1083 3522 1215 3589 regulari-

718 3604 783 3670 bus,
805 3603 863 3654 138.
883 3603 1053 3653 —debetne
1075 3599 1213 3650 celebrare

720 3683 920 3733 dedicationem
937 3682 1079 3737 ecclesiae,
1106 3679 1161 3731 154.
1182 3706 1215 3716 -

720 3757 1214 3819 dimittendusnDimissie-dimit·

719 3841 818 3891 tendus
839 3855 872 3890 ex
888 3840 978 3892 Ordine
994 3842 1043 3890 SS.
1067 3839 1212 3893 Trinitatis,

720 3920 778 3971 126.
802 3947 835 3957 —
866 3919 1044 3969 dimittendus
1067 3917 1096 3966 in
1121 3914 1212 3981 Italia,

720 3999 778 4050 125.
791 4027 825 4036 -
836 3998 989 4055 discedens,
1003 3998 1169 4046 6111666666.
1183 4021 1216 4030 -

719 4078 866 4128 observare
884 4076 965 4126 debet
977 4075 1167 4125 dioecesanam
1175 4073 1216 4122 in-

720 4157 887 4206 dicationem
908 4156 983 4220 quod
1011 4155 1047 4204 ad
1079 4152 1216 4217 stIpendia

720 4235 876 4290 missarum,
891 4235 947 4285 178.
965 4261 996 4270 -
1008 4231 1083 4297 quod
1095 4233 1132 4281 ad
1140 4230 1217 4281 anni·

719 4315 842 4365 versaria
864 4312 1062 4375 defunctorum,
1090 4310 1131 4368 91,
1156 4310 1214 4364 123.
