2959 4900
127 445 187 492 VII.
203 443 251 490 To-

92 503 247 569 Irrarv'potrst

91 567 186 608 notatio
200 573 252 606 mv·

93 618 176 666 sicoIs's
185 630 233 664 mo·

92 676 175 732 dana,
184 676 253 722 ontis

93 739 171 840 blanau
180 733 239 791 Irgr'·

98 949 179 997 VIII.
189 949 254 995 Trr'a

93 1006 235 1111 ‘illibi‘

93 1080 182 1181 gangr.
197 1099 255 1168 mit-

93 1180 244 1297 ”ubst

93 1310 173 1408 ΜΙΧ.
190 1361 248 1406 Vitr-

96 1417 256 1486 ditatur-Ec·

94 1477 177 1543 clrsras
189 1488 235 1542 aas,

94 1533 256 1638 illm

95 1663 144 1696 cro.
208 1661 212 1669 ’

124 1717 245 1765 Clausala.

123 1788 183 1834 Dt'rs
194 1788 235 1843 (ιι

95 1858 148 1904 aug.
161 1846 239 1903 1905).

128 2887 227 2934 Orator.

125 2946 218 2999 Quae·

97 3000 217 3042 stiones.

127 3052 164 3109 Da
173 3050 258 3113 suffra-

97 3110 140 3167 gio
151 3123 243 3157 mona·

99 3165 213 3214 chorum

97 3225 175 3283 simpl.
186 3222 250 3284 pros.

128 3281 256 3329 mamm

98 3339 223 3386 mirandos

100 3396 240 3444 candidatos

98 3454 132 3501 orl
139 3458 244 3503 novicios

100 3511 133 3559 ad
142 3518 197 3559 vota

102 3570 229 3630 ss'mpliria.

127 3644 150 3675 2.
160 3628 176 3675 I
176 3643 193 3675 n
204 3626 260 3674 alia-

99 3686 235 3733 nationibus

99 3743 221 3790 bonoram.

128 3801 165 3846 Dr
179 3800 230 3858 sus·

96 3856 181 3916 fregio
194 3870 245 3904 mo·

99 3915 201 3961 m'alirrm

101 3972 180 4031 st'mpI.
187 3978 246 4031 pro·

94 4027 223 4089 fessarum,

99 4103 122 4135 r.
134 4087 175 4133 Ad
182 4088 225 4135 ad-

100 4145 225 4193 mittendas

97 4207 211 4261 personas
220 4209 246 4250 at

101 4265 180 4319 supra.

308 282 368 344 176
763 305 943 342 stortuttuurs

341 439 410 493 Vll.
424 438 556 494 Tolerari
568 450 664 513 potest
676 441 758 511 quod
768 450 871 496 cantus
902 439 1074 514 negorianus
1086 439 1194 495 notulis
1207 437 1383 494 musicalibus

306 509 456 566 modernis
474 510 587 579 edatur,
608 510 771 566 dummodo
786 458 951 584 periculum
964 511 1066 568 sedulo
1085 522 1266 580 amoveatur,
1283 509 1383 582 quomi-

307 599 363 636 nus
381 581 454 636 ordo
475 581 646 638 notularum
664 599 698 637 ac
717 600 892 638 neumarum
913 583 1193 656 quomodocumque
1213 582 1382 638 deturbetur.

308 651 481 708 Ordinarius
502 652 601 727 itaque
620 670 673 726 pro
694 653 774 710 bisce
795 654 972 712 editionibus
994 654 1025 710 in
1047 654 1239 711 commodum
1261 652 1385 707 fidelium

307 724 549 797 approbationem
561 741 645 780 suam
657 726 817 782 concedere
829 727 942 798 poterit,
957 726 981 782 si
994 726 1021 782 ei
1035 725 1206 793 constiterit,
1220 725 1302 779 iuxta
1313 733 1386 792 art.4

307 806 335 850 et
356 796 383 863 6,
400 794 541 921 ldefideli
561 796 795 853 conformatione
823 814 892 853 cum
916 798 1044 854 editione
1068 797 1166 871 typica
1190 796 1234 852 vel
1262 794 1386 850 melodiis

307 883 398 940 appro
419 878 484 922 atis.

342 949 427 1009 VIII.
444 951 700 1024 Quandocumque
713 951 787 1006 liber
796 967 911 1007 sacrum
920 962 1040 1009 cantum
1050 949 1203 1007 continens
1213 950 1259 1007 vel
1272 949 1387 1005 melodia

307 1022 455 1094 quaelibet
467 1021 599 1095 liturgica
611 1023 717 1078 Sacrae
731 1022 853 1079 Rituum
866 1022 1094 1096 Congregationi
1108 1023 1146 1078 ad
1155 1021 1387 1094 approbationem

308 1093 499 1149 obtinendam
524 1093 717 1164 subiciuntur,
745 1093 800 1150 tria
825 1095 1002 1168 exemplaria
1031 1094 1068 1151 ad
1098 1095 1222 1150 eandem
1255 1092 1388 1148 mittenda

308 1177 385 1220 sunt.

346 1250 396 1305 IX.
413 1248 543 1304 Melodia
555 1248 727 1322 gregoriana
736 1250 775 1303 ad
787 1266 875 1304 usum
888 1249 1084 1322 liturgicuma
1098 1249 1127 1304 S.
1141 1250 1175 1304 R.
1186 1249 1220 1304 C.
1234 1247 1386 1304 secundum

309 1336 428 1376 normas
447 1319 608 1392 praedictas
622 1319 764 1377 destinata
779 1333 806 1376 et
821 1323 1034 1390 commendata,
1057 1320 1094 1375 ad
1113 1337 1229 1376 sacrum
1251 1318 1386 1374 Ecclesiae

310 1393 461 1448 Romanae
476 1391 650 1448 thesaurum
672 1409 723 1447 seu
743 1391 965 1465 patrimonium,
979 1391 1128 1464 sicutipse
1141 1401 1245 1458 textuS,
1260 1391 1383 1462 pertinet.
1445 1409 1446 1416 ¹

310 1466 422 1536 ltaque,
433 1463 552 1535 quando
566 1480 661 1520 novus
670 1475 766 1518 textus
775 1462 911 1519 fidelibus
921 1463 959 1518 ab
968 1464 1031 1534 ipsa
1041 1462 1217 1537 proponitur
1229 1479 1280 1518 seu
1294 1477 1384 1517 conce

309 1535 397 1604 ditur,
417 1548 520 1590 cantus
539 1533 629 1592 textui
652 1534 832 1607 respondens
851 1534 891 1590 ita
910 1535 997 1590 simul
1015 1550 1170 1592 concessus
1188 1545 1343 1606 reputatur,
1357 1543 1383 1586 ut
1445 1581 1446 1598 ,

309 1606 410 1662 nullus
428 1605 522 1661 editor
536 1605 581 1661 vel
597 1616 700 1662 auctor
711 1605 862 1677 querelam
876 1605 911 1663 de
928 1623 963 1661 eo
982 1623 1099 1662 movere
1112 1605 1211 1679 possit,
1226 1605 1305 1678 quod
1316 1606 1381 1676 Apo

309 1678 412 1734 stolica
424 1677 512 1733 Sedes
525 1677 641 1733 easdem
653 1676 796 1732 melodias
810 1677 848 1731 ad
861 1676 932 1732 alias
947 1680 1082 1734 extendat
1095 1676 1239 1735 ecclesias.

345 1759 507 1816 Contrariis
520 1777 582 1816 non
601 1760 785 1816 obstantibus
804 1760 1049 1833 quibuscumque.
1065 1761 1118 1816 Die
1132 1779 1161 1815 xr
1174 1760 1288 1832 augusti
1301 1775 1377 1814 trouv.
1447 1795 1448 1806 ,

746 1847 781 1899 A.
804 1845 891 1900 Card.
912 1845 1319 1919 Tarrnr1,ProPra'efectus.

646 1928 686 1983 D.
708 1928 828 1997 Panicr',
850 1928 994 2002 Archiep.
1015 1927 1178 1984 Laodicen.
1198 1924 1375 1983 Secretarius.

413 2305 483 2392 71.
501 2352 543 2361 -
563 2316 595 2381 s.
618 2313 652 2382 c.
677 2313 951 2384 [asseuerauit
976 2313 1027 2382 tr
1050 2311 1295 2382 astutiarum

552 2465 555 2470 ⁵
600 2504 808 2559 responsa
827 2506 870 2559 20
889 2506 1006 2560 rnna.
1026 2504 1108 2559 1905

333 2670 387 2727 De
405 2670 578 2742 suffragio
596 2670 837 2741 professorum
855 2672 1020 2726 votorum
1044 2667 1255 2739 simpliciam
1278 2660 1360 2735 apati

634 2753 829 2819 monachos
847 2756 885 2809 et
903 2752 1077 2810 moniales

354 2928 390 2982 D.
413 2924 563 2997 Eugenius
584 2926 671 2995 Notz,
694 2924 793 2980 Abbas
818 2924 1003 2993 Maristellae,
1031 2922 1251 2994 PriorAugiae
1278 2917 1384 2976 Maioris

317 2997 438 3054 Ordinis
452 2995 652 3051 Cisterciensis
675 2994 705 3049 in
720 2996 848 3064 Austria,
872 3012 987 3051 necnon
1006 2994 1139 3049 Vicarius
1162 2993 1309 3049 Generalis
1321 2992 1385 3047 Con·

352 3067 495 3141 egationis
510 3066 708 3123 Cisterciensis
735 3066 1063 3123 Helvam-Germanicae
1084 3082 1118 3120 ac
1131 3065 1273 3120 Visitator
1289 3062 1387 3119 monia·

317 3088 391 3196 lium
411 3140 541 3196 eiusdem
555 3138 755 3194 Cisterciensis
769 3138 1018 3209 congregationis,
1035 3138 1071 3191 ad
1094 3137 1182 3209 pedes
1196 3137 1226 3194 S.
1241 3138 1276 3191 V.
1293 3132 1387 3190 humil-

317 3212 387 3267 lime
403 3211 577 3283 provulutus
590 3209 662 3283 petit
675 3209 855 3265 decisionem
869 3209 976 3264 harum
989 3207 1178 3281 questionum
1192 3228 1198 3263 :

355 3315 378 3349 1.
398 3294 556 3349 Habentne
573 3292 710 3349 monachi
736 3292 977 3364 Congregationis
998 3292 1325 3347 Helvam-Germanicae
1346 3289 1390 3364 Os?

316 3366 393 3422 dinis
416 3365 613 3420 Cisterciensis
648 3364 813 3419 communis
841 3363 1042 3419 observantiae
1078 3363 1247 3436 simpliciter
1278 3360 1390 3433 professi

316 3436 507 3509 suffragium:
528 3442 558 3508 a)
574 3436 605 3490 in
619 3435 797 3491 admissione
821 3434 944 3490 alicuius
967 3434 1113 3490 candidati
1134 3435 1170 3489 ad
1197 3434 1388 3496 noviciatum;

315 3510 342 3581 b]
369 3509 400 3563 in
422 3507 519 3581 primo
542 3518 569 3563 et
592 3508 722 3561 secundo
759 3506 901 3561 scrutinio
925 3523 979 3578 pro
1009 3505 1156 3561 noviciatu
1177 3503 1389 3567 continuando;

315 3583 341 3652 c)
357 3596 412 3660 pro
427 3577 604 3690 adnpissione
617 3578 654 3632 ad
667 3590 735 3633 vota
757 3577 901 3651 simplicia
914 3578 1072 3633 emittenda
1090 3590 1157 3651 post
1169 3594 1264 3633 unum
1286 3588 1391 3631 annum

315 3661 496 3706 noviciatus.

352 3753 379 3789 2.
397 3733 553 3788 Habentne
575 3731 664 3786 iidem
688 3731 826 3786 monachi
841 3730 1012 3803 simpliciter
1034 3730 1158 3804 professi
1177 3730 1347 3803 suffragium
1364 3725 1391 3779 in

316 3806 553 3878 quibuscumque
567 3802 833 3857 abalienationibus
845 3820 880 3857 ex
894 3814 976 3875 parte
986 3802 1174 3858 monasterii?

348 3892 374 3946 3.
393 3890 550 3944 Habentne
569 3888 710 3943 moniales
735 3889 968 3961 congregationis
995 3888 1318 3945 Helveto-Germanicae
1344 3884 1391 3939 Or·

317 3960 393 4015 dinis
417 3960 615 4015 Cisterciensis
647 3960 814 4015 communis
836 3961 1037 4016 observantiae
1059 3960 1230 4035 simpliciter
1255 3958 1392 4032 professae

317 4030 507 4112 suffragium:
524 4036 554 4103 a)
569 4030 598 4084 in
613 4030 791 4087 admissione
813 4030 936 4086 alicuius
958 4032 1127 4087 candidatae
1149 4032 1185 4087 ad
1202 4031 1389 4088 noviciatum;

287 4138 290 4145 -
315 4104 344 4175 b)
360 4103 390 4157 in
405 4120 502 4183 primo
513 4114 541 4158 et
553 4103 682 4157 secundo
696 4098 838 4158 scrutinio
848 4120 901 4176 pro
915 4103 1062 4158 noviciatu
1072 4102 1290 4170 continuando;
1304 4104 1329 4171 c)
1342 4110 1389 4174 pto

316 4174 495 4287 admisspone
507 4174 544 4230 ad
561 4185 627 4229 vota
641 4173 785 4247 simplicia
812 4174 969 4230 emittenda
990 4187 1057 4247 post
1078 4193 1189 4230 annum
1203 4192 1295 4230 unum
1315 4184 1389 4225 novt·

316 4260 410 4302 cratus
421 4290 427 4300 .
