2959 4900
102 2235 235 2283 Periculum

75 2292 102 2339 de
111 2293 220 2343 doctrina

75 2350 226 2399 arridenti-

75 2408 203 2466 rosinolo

72 2469 190 2524 praescri·

71 2527 145 2583 pium.

102 2953 173 3012 Legis
183 2955 220 3002 vis

74 3013 185 3060 roratio.

101 3446 234 3508 Confirma-

74 3507 222 3614 aaran

101 3866 227 3928 Pontificis

70 3926 215 3982 propositum

72 3992 101 4026 cc
113 3985 205 4026 mc·

44 4046 47 4057 ¹
73 4037 179 4081 uuna.

101 4249 124 4279 r.
134 4232 173 4278 Al
182 4245 233 4280 om·

74 4292 141 4337 nitus
152 4291 178 4335 in

292 311 332 375 30
736 322 919 361 uouurraura

292 465 434 539 exquisita
446 465 589 523 sententia
603 462 828 523 Commissionis
852 465 1027 539 Liturgicae‚
1044 464 1183 522 omnibus
1204 466 1308 523 sedulo
1321 484 1385 541 per-

292 536 389 610 pensis
401 538 639 610 respondendum
651 536 765 593 censuit
779 558 786 592 ε

327 608 374 664 Ad
389 611 411 666 l.
434 608 676 665 Anniversarium
690 607 885 665 Dedicationis
900 608 1037 665 ecclesiae
1053 607 1141 663 etiarn
1159 626 1176 664 a
1191 608 1386 735 Repularibus

291 679 499 735 celebrandum
506 691 548 736 est
558 679 612 735 sub
621 680 680 735 ritu
687 679 794 751 duplici
811 679 930 736 [classis
943 697 1011 735 cum
1022 678 1132 735 Octava
1145 679 1176 735 in
1184 696 1233 736 ecc
1244 680 1311 736 esiis
1323 692 1383 736 tam

292 750 466 807 consecratis
495 768 565 806 uam
575 768 636 807 non
646 749 831 820 consecratis
843 751 923 807 iuxta
930 750 1079 806 decretum
1088 751 1156 807 3522
1166 750 1262 807 Amal
1281 751 1384 808 hitana

291 838 329 878 ao
341 822 456 895 augusti
472 841 481 878 1
504 823 550 890 80,
567 833 595 878 et
607 823 756 879 decretum
775 822 910 894 generale
923 822 991 879 3863
1014 820 1229 879 Celebran'onis
1238 769 1384 895 datorum

292 893 421 949 Patroni
431 892 499 961 loci,
511 893 718 949 Dedicationis
731 909 769 948 ac
787 893 883 949 Tituli
894 893 1038 949 ecclesiae
1051 912 1068 967 9
1081 892 1145 949 iulii
1162 894 1227 967 1895
1240 893 1278 949 ad
1293 895 1349 950 ΙΙΙ.

327 964 374 1019 Ad
390 966 428 1023 ΙΙ.
444 965 604 1039 Negative,
628 975 655 1020 et
673 964 823 1021 concessio
844 964 1027 1032 particularis
1050 977 1184 1021 revocata
1206 979 1248 1021 est
1263 966 1385 1023 decretis

291 1035 475 1107 generalibus
487 1053 576 1109 supra
588 1035 685 1092 relatis
699 1036 771 1091 3808
784 1049 812 1092 et
825 1036 905 1092 3881.

326 1107 423 1179 Atque
438 1108 478 1162 ita
491 1106 647 1180 rescripsit.
666 1106 719 1163 Die
732 1125 750 1179 7
764 1106 827 1162 iulii
843 1107 920 1181 ¹9⁰5·

709 1179 746 1236 A.
762 1178 848 1235 Card.
864 1178 997 1245 Turrani,
1013 1178 1275 1249 Pro-Praefectus,

580 1248 620 1307 D.
634 1249 754 1319 Punici,
768 1250 911 1323 Archiep.
926 1249 1101 1317 Laodicen„
1112 1250 1309 1311 Secretarius.

679 1429 999 1446 -ss——·-··

539 1541 1108 1629 ‘fflffnnnmnx

390 1739 505 1794 Moru
518 1740 696 1796 PROPRIO
714 1740 753 1794 16
769 1739 847 1794 iul..
868 1739 961 1806 1905,
980 1739 1064 1795 CUM
1081 1738 1236 1795 Nolanis
1253 1741 1281 1794 A

471 1830 503 1883 G.
526 1830 746 1885 vlcnfflnl'o
764 1830 779 1882 1
797 1828 888 1884 Auo.
906 1830 1200 1885 PRAESCRIPTIS

477 1990 531 2046 De
543 1990 792 2046 examinandis
805 1990 1022 2046 ordinandis
1034 1991 1072 2047 in
1085 1990 1182 2063 Urbe

324 2150 361 2204 A.
381 2146 467 2203 Motu
482 2148 609 2222 proprio
627 2149 665 2203 16
682 2148 735 2203 iul.
757 2149 826 2218 1905

325 2220 515 2276 Sacrosancta
541 2219 715 2276 Tridentina
740 2220 879 2291 Synodus
903 2219 940 2277 de
965 2219 1001 2275 iis
1025 2235 1125 2291 agenS,
1153 2218 1205 2291 qui
1232 2220 1270 2275 ad
1297 2238 1386 2280 sacra

288 2289 422 2346 initiandi
435 2290 539 2359 forent,
565 2290 606 2347 sic
626 2290 842 2365 perscribebat:
865 2291 1002 2346 «Sancta
1016 2291 1162 2363 Synodus,
1187 2291 1384 2373 antiquorum

289 2377 474 2418 «canonum
496 2361 624 2435 vestigiis
645 2362 837 2432 inhaerendo,
865 2362 995 2417 decernit
1017 2374 1051 2417 ut
1072 2362 1192 2434 quando
1214 2362 1384 2439 Episcopus

289 2454 306 2485 a
324 2432 542 2490 ordinationem
554 2433 648 2490 facere
660 2433 813 2506 disposuit,
831 2450 931 2491 omnes
944 2433 995 2506 qui
1009 2433 1045 2489 ad
1055 2449 1171 2490 sacrum
1182 2432 1384 2495 ministerium

289 2525 306 2555 r<
325 2505 461 2562 accedere
478 2504 636 2573 voluerint,
659 2505 730 2561 feria
752 2515 855 2579 quarta
876 2517 943 2561 ante
967 2505 1061 2578 ipsam
1089 2505 1305 2562 ordinationem
1335 2511 1382 2566 vel

289 2596 306 2627 a
323 2577 445 2649 quando
470 2576 616 2650 Episcopo
628 2576 784 2645 videbitur,
802 2578 838 2633 ad
857 2576 1003 2632 civitatem
1025 2589 1190 2633 evocentur.
1212 2578 1382 2659 Episcopus

289 2669 306 2698 (ι
324 2660 433 2718 autem,
459 2648 658 2704 sacerdotibus
679 2661 708 2704 et
727 2647 793 2703 aliis
818 2647 1013 2721 prudentibus
1034 2647 1112 2716 viris,
1135 2648 1234 2720 peritis
1261 2649 1382 2708 divinae
1464 2665 1465 2668 ’

290 2739 306 2770 κ
324 2718 396 2791 legis
408 2736 442 2775 ac
454 2719 655 2776 ecclesiasticis
666 2719 868 2775 sanctionibus
890 2719 1062 2788 exercitatis,
1078 2719 1133 2775 sibi
1154 2719 1279 2790 adscitis,
1300 2724 1382 2778 ordi·

290 2811 306 2842 «
324 2791 490 2847 nandorum
519 2807 621 2864 genuS,
647 2807 816 2916 personam,
845 2802 979 2858 aetatem,
1012 2790 1237 2862 institutionem,
1268 2809 1380 2866 mores,
1464 2801 1465 2810 ¹

290 2882 306 2912 a
324 2862 491 2918 doctrinam
505 2875 533 2918 et
546 2861 636 2918 fidem
668 2862 801 2934 iligenter
816 2861 967 2935 investiget
981 2875 1009 2918 et
1021 2862 1177 2918 examinet.
1193 2883 1209 2914 »

325 2934 370 2989 Ex
392 2934 500 3006 quibus
521 2933 653 3006 profecto
673 2945 753 3008 patet
765 2933 915 2989 neminem
932 2933 1057 2990 omnino
1078 2933 1171 3006 excipi
1192 2951 1209 2988 a
1228 2933 1381 2993 doctrinae

288 3003 419 3076 periculo
432 3005 596 3075 subeundo,
611 3003 662 3078 qui
675 3005 745 3061 velit
758 3005 795 3060 ad
808 3021 906 3060 sacros
918 3005 1035 3061 ordines
1046 3003 1213 3078 promoveri
1224 3025 1231 3074 ς
1247 3005 1380 3080 itemque

289 3074 440 3131 doctrinae
451 3076 617 3149 periculum
637 3075 792 3144 eiusmodi,
807 3093 868 3131 non
880 3076 963 3149 quasi
982 3093 1035 3148 pro
1058 3075 1252 3157 formantque
1270 3077 1377 3148 obiter,

289 3147 339 3202 sed
358 3146 491 3219 diligenti
509 3147 732 3220 investigatione
744 3147 921 3203 faciendum.
936 3179 971 3188 —
983 3149 1027 3203 Ac
1044 3147 1150 3203 merito
1162 3148 1299 3220 quidem:
1313 3165 1379 3205 non

289 3217 369 3273 enim
382 3219 584 3290 promiscuum
597 3232 649 3289 est,
672 3220 776 3275 doctus
789 3217 826 3274 sit
841 3236 878 3274 an
891 3219 1026 3274 indoctus
1047 3218 1098 3291 qui
1120 3217 1208 3274 sacris
1226 3218 1376 3290 initietur;

288 3288 339 3344 sed
360 3305 395 3344 ea
411 3305 532 3364 prorsus
553 3289 667 3346 ratione
688 3307 748 3363 qua
762 3289 847 3345 castis
861 3290 1005 3362 rectisque
1025 3289 1158 3345 moribus
1176 3291 1377 3347 commendari
1463 3295 1464 3304 ’

289 3359 375 3416 illum
384 3372 510 3432 oportet,
525 3361 627 3417 eadem
640 3372 668 3418 et
678 3361 808 3418 doctrina
821 3361 956 3417 exornari
968 3377 1085 3417 necesse
1100 3371 1153 3420 est.

326 3430 405 3487 Hinc
428 3432 598 3488 Decessores
620 3433 732 3502 Nostri,
755 3432 927 3504 praesertim
947 3449 1016 3488 vero
1037 3431 1203 3488 Alexander
1226 3432 1281 3486 Vll
1304 3429 1325 3487 f.
1347 3450 1374 3488 r.

289 3501 391 3558 Const.
404 3504 430 3558 A
434 3501 580 3576 postolica
593 3503 771 3571 sollicitudo,
788 3504 824 3558 de
837 3503 987 3560 doctrinae
1008 3503 1142 3559 examine
1156 3502 1193 3558 ab
1207 3502 1376 3558 ordinandis

288 3573 344 3631 rite
365 3575 542 3647 peragendo,
565 3575 660 3630 multa
684 3586 864 3630 monuerunt
885 3592 919 3630 ac
942 3573 1153 3647 sapientissime
1174 3573 1372 3643 decreverunt,

288 3655 353 3700 tum
366 3662 421 3717 pro
434 3645 617 3704 dioecesibus
637 3646 791 3712 universis,
807 3657 872 3700 turn
886 3645 1040 3718 praecipue
1052 3662 1106 3718 pro
1124 3644 1179 3701 hac
1192 3644 1270 3700 alma
1283 3645 1373 3710 Urbe,

289 3733 365 3843 quae
392 3716 461 3789 ipsis
493 3728 554 3773 erat
580 3716 719 3789 peculiari
749 3714 848 3773 officio
875 3718 1090 3787 commendata,
1118 3726 1222 3790 utpote
1249 3715 1374 3772 Romani

315 3788 484 3860 piscopatus
496 3788 589 3843 sedes.

325 3860 408 3927 Quae
419 3876 489 3914 curn
510 3859 634 3915 decursu
648 3871 826 3932 temporum,
848 3871 883 3914 ut
904 3859 1011 3915 assolet
1031 3857 1224 3929 inhumanis,
1240 3855 1371 3913 nonnihil
1462 3859 1463 3880 ¹

287 3931 420 4002 neglecta
445 3929 570 4000 fuerint3
597 3931 693 4005 placet
725 3929 829 3999 Nobis
859 3931 1001 4004 quoniam
1032 3947 1079 3986 res
1110 3929 1207 4011 agitur
1232 3928 1370 3984 momenti

287 4001 418 4070 maximi,
445 4001 515 4074 quid
539 4001 571 4055 in
597 4018 632 4056 ea
655 4018 687 4057 re
708 4001 745 4057 sit
765 4001 973 4074 praestandum
997 4001 1177 4058 enucleanus
1205 3998 1311 4056 edicere
1333 4015 1370 4054 ac

287 4071 452 4128 distinctius
478 4083 614 4128 statuere.
640 4073 723 4140 Quae
748 4071 836 4144 igitur
861 4084 1025 4146 sequuntur
1046 4084 1146 4130 sancte
1172 4071 1203 4126 in
1227 4079 1369 4146 posterum

286 4145 459 4216 praestanda
471 4143 608 4198 volumus
620 4156 649 4199 et
662 4144 847 4200 mandamus.
1344 4207 1352 4217 ·

323 4216 347 4269 l.
364 4214 552 4286 Quicumque
564 4214 596 4269 in
609 4215 701 4284 Urbe,
716 4215 776 4270 sive
798 4215 834 4270 de
847 4214 989 4272 saeculari
1003 4214 1082 4271 clero
1104 4213 1163 4271 sive
1184 4214 1220 4272 de
1238 4209 1366 4285 regulari,

286 4284 375 4341 sacris
394 4285 547 4341 ordinibus
559 4285 696 4342 initiandi
708 4297 805 4356 erunt,
820 4302 933 4357 omnes,
950 4298 1071 4359 excepto
1084 4285 1211 4358 nemine,
1228 4281 1369 4341 doctrinae
