2959 4900
115 2815 175 2862 Dies
186 2817 226 2874 (27

85 2874 136 2921 icit.
149 2876 227 2932 1905).

84 2985 236 3088 μεθεῖσα-

100 3118 243 3167 Annotatio.

303 398 363 500 m
750 425 935 471 'bononiensi

302 573 408 628 bantur
419 580 594 696 arguipenta
606 567 827 625 demonstrandi
840 569 974 638 dominii,
995 569 1034 626 ita
1053 583 1086 627 ut
1105 585 1193 628 causa
1205 563 1337 628 debuerit
1354 588 1385 629 ex

301 658 485 718 possessione
519 659 606 697 irimi.

337 747 364 786 a.
385 725 548 801 Responsio
569 725 607 781 ad
626 725 751 782 alterum
773 725 898 782 dubium
919 725 989 783 huic
1011 727 1145 784 innititur
1167 729 1283 797 rationi,
1309 729 1385 802 quod

300 799 439 858 ecclesiae
457 816 475 854 a
493 796 672 854 monasterio
693 810 844 871 separatae
861 797 1069 872 religiosorum
1090 801 1306 875 exemptionem
1327 817 1385 856 non

301 871 475 955 participant
489 868 551 942 (cfr.
567 886 596 926 n.
613 868 690 938 365,
704 879 727 925 t.
746 887 768 940 i,
783 869 831 926 De
844 869 1018 944 religiosis),
1039 871 1079 928 ita
1091 873 1195 930 saltem
1207 885 1240 928 ut
1252 873 1385 929 ecclesiae

302 957 373 1001 istae
386 941 498 1022 possint
512 942 548 996 ab
562 939 721 997 Ordinario
733 940 844 997 visitari
857 941 1008 999 canonice.

337 1029 363 1085 3.
382 1024 485 1084 Tertio
506 1030 768 1098 autem'responso
793 1023 938 1098 sapienter
960 1026 1045 1082 docet
1070 1026 1100 1083 S.
1125 1027 1189 1083 Con
1211 1027 1320 1099 segatio
1347 1027 1386 1082 ius

301 1097 436 1155 visitandi
445 1096 598 1154 ecclesiam
608 1112 669 1152 non
679 1095 821 1152 confundi
831 1113 915 1177 posse
925 1113 994 1153 cum
1002 1097 1064 1154 iure
1077 1045 1211 1171 exigendi
1221 1116 1238 1154 a
1248 1097 1387 1171 religiosis

301 1188 375 1244 quae
397 1170 551 1227 videantur
573 1168 650 1224 bona
670 1166 715 1224 vel
737 1166 823 1224 utilia
845 1185 993 1296 episcopo,
1014 1183 1043 1226 et
1056 1169 1232 1242 disponendi
1246 1171 1281 1226 de
1302 1171 1386 1226 rebus

301 1241 438 1300 ecclesiae
451 1240 535 1314 quasi
548 1239 669 1296 ecclesia
683 1238 771 1295 fuerit
780 1255 866 1296 saecu
879 1241 946 1296 aris.
1034 1275 1036 1280 ·

335 1347 363 1400 4.
384 1327 497 1395 Quarto
518 1324 645 1397 denique
666 1339 818 1396 responso,
845 1327 873 1398 a)
897 1323 1099 1381 confirmatur
1122 1326 1203 1398 quod
1221 1325 1387 1400 scripsimus

300 1415 399 1474 supra,
416 1415 444 1470 p.
462 1415 520 1463 ioi,
532 1396 563 1451 in
577 1393 646 1462 fine,
660 1394 784 1451 liberam
793 1412 854 1452 esse
865 1397 1003 1453 ecclesiae
1017 1397 1169 1470 optionem
1179 1399 1216 1454 ad
1225 1397 1386 1472 peragenda

300 1471 403 1527 funera
413 1480 543 1542 separata
556 1485 572 1522 a
585 1466 746 1540 sepultura,
753 1468 892 1594 quamvis
905 1468 969 1525 iure
979 1486 1034 1524 suo
1044 1470 1203 1542 prudenter
1212 1470 1256 1526 uti
1266 1470 1387 1525 debeant

301 1542 469 1616 Superiores
480 1539 619 1612 religiosi,
635 1550 664 1594 et
676 1556 692 1594 a
706 1540 751 1594 lae
772 1540 848 1595 enda
861 1540 980 1597 caritate
993 1558 1104 1598 cavere.

336 1627 364 1696 bl
385 1623 565 1681 Sollemnem
588 1621 761 1677 animalium
789 1622 1024 1679 benedictionem
1052 1623 1082 1677 in
1107 1623 1180 1680 festo
1209 1625 1240 1681 S.
1267 1621 1386 1679 Antonii

300 1698 411 1753 abbatis
423 1698 460 1751 ad
473 1697 537 1751 iura
549 1693 728 1765 parochialia
740 1693 863 1751 minime
876 1695 1030 1768 pertinere.

338 1783 387 1838 lV.
407 1780 577 1838 metans
591 1780 611 1834 ¹.
632 1778 861 1834 iurisdictionis

335 1869 412 1924 Cum
426 1863 671 1937 Archiepiscopus
693 1862 849 1942 Caietanus
874 1864 1016 1920 sacerdoti
1041 1865 1174 1947 Augusto
1199 1866 1245 1934 L.,
1268 1866 1386 1920 alumno

300 1935 542 2012 Congregationis
567 1933 771 1991 pretiosissimi
794 1935 951 2006 Sanguinis
965 1935 1161 1992 interdixisset
1182 1954 1218 1993 ne
1231 1948 1311 1993 extra
1323 1953 1386 2008 pro-

320 2011 379 2068 riae
389 2006 631 2081 Congregationis
644 2006 778 2063 ecclesias
791 2001 879 2062 sacris
893 2019 1073 2080 operaretur,
1085 2009 1271 2081 eundemque
1289 2027 1305 2063 a
1320 2025 1385 2064 coii-

299 2029 473 2139 fessionibus
486 2076 639 2136 audiendis
651 2078 858 2150 suspendisset,
875 2078 898 2134 is
910 2079 947 2134 ad
961 2079 991 2134 S.
1008 2080 1041 2134 C.
1058 2080 1112 2152 Ep.
1127 2092 1155 2135 et
1171 2081 1240 2153 Reg.
1256 2079 1384 2146 recurrit,

299 2155 353 2210 sibi
366 2153 478 2210 obiecta
497 2149 620 2206 crimina
641 2166 761 2230 negans.
785 2151 969 2230 Arguebatur
986 2166 1087 2232 porro,
1111 2152 1189 2225 quod
1208 2168 1258 2208 aes
1279 2150 1386 2208 iecisset

299 2226 429 2282 alienum
442 2236 470 2280 et
482 2222 514 2277 in
525 2219 753 2295 municipalibus
766 2221 890 2277 dissidiis
903 2222 1052 2278 habuisset
1067 2235 1189 2296 partem.

334 2311 396 2382 Age
405 2324 484 2373 vero,
498 2305 585 2363 simul
599 2305 801 2378 disputabatur
814 2305 849 2361 de
860 2307 922 2362 iure
933 2306 1089 2362 sacerdotis
1103 2307 1139 2362 ad
1150 2325 1212 2362 non
1225 2319 1385 2380 exemptam

299 2379 555 2455 congregationem
567 2377 748 2449 pertinentis.
764 2377 965 2444 Quaerebatur
977 2377 1055 2432 enim
1074 2391 1175 2433 utrum
1188 2395 1281 2436 necne
1294 2388 1385 2453 posset

301 2455 460 2527 Episcopus
473 2468 525 2506 sua
536 2447 659 2505 dioecesi
673 2447 780 2520 pellere
793 2448 963 2522 religiosum
974 2468 1006 2506 eii
1018 2448 1071 2506 ista
1081 2449 1206 2507 dioecesi
1216 2450 1383 2513 oriundum,

299 2539 328 2581 et
340 2536 510 2599 cooptatum
532 2519 843 2601 in'Congregationem
857 2539 939 2595 quae·
945 2520 1081 2578 facultate
1094 2535 1190 2579 careat
1209 2522 1384 2580 concedendi

299 2598 359 2653 suis
379 2597 487 2651 litteras
502 2592 680 2648 dimissorias
693 2592 730 2647 ad
749 2592 867 2648 ordines
879 2593 1079 2669 recipiendos:
1101 2593 1247 2663 Quocirca
1266 2594 1384 2649 dubium

299 2682 361 2725 erat
372 2668 417 2725 his
429 2666 488 2722 iere
499 2663 594 2720 verbis
604 2665 615 2699 ²
624 2663 811 2737 propositum
824 2685 830 2719 :
844 2666 895 2719 An
910 2665 1056 2721 Sacerdos
1078 2672 1234 2740 Augustus
1253 2667 1290 2722 L.
1304 2674 1383 2731 esset,

300 2741 330 2795 in
344 2756 424 2807 casu,
442 2734 636 2814 restituendus
650 2734 679 2789 in
689 2734 819 2808 pristino
840 2746 917 2791 statu
940 2753 1026 2810 quem
1048 2736 1079 2791 in
1096 2737 1225 2793 dioecesi
1244 2738 1384 2795 Caietano

298 2812 452 2867 babuerat.
467 2809 588 2874 Verum,
600 2806 646 2862 die
659 2824 693 2879 27
706 2806 764 2862 ian.
780 2807 858 2881 1905,
874 2808 904 2863 S.
916 2808 1008 2881 Cong.
1024 2808 1181 2865 reformato
1191 2810 1275 2881 prius
1287 2808 1383 2875 dubio,

299 2884 339 2939 ita
351 2894 384 2938 ut
393 2898 472 2944 mere
485 2889 674 2951 quaereretur
686 2889 786 2934 utrum
799 2895 891 2935 necne
904 2878 1141 2936 confirmandum
1155 2894 1229 2937 osset
1240 2882 1384 2937 decretum

299 2950 519 3026 Archiepiscopi
532 2948 692 3021 respondit,
710 2950 859 3023 Negative
873 2950 1052 3025 etamplius

313 3074 316 3077 ·
334 3042 461 3096 Causam
473 3035 558 3091 istam
572 3033 637 3090 ideo
655 3033 793 3089 duximus
811 3033 1002 3103 referendam,
1018 3034 1092 3109 quia,
1100 3047 1168 3091 sunt
1187 3036 1237 3108 qui
1252 3035 1339 3092 velint
1351 3050 1385 3089 eii

298 3130 332 3170 ea
351 3119 522 3183 argumenta
544 3105 662 3162 haurire
684 3104 720 3161 de
736 3105 800 3161 iure
820 3104 1033 3177 religiosorum.
1061 3108 1114 3175 lta,
1137 3126 1164 3162 v.
1179 3124 1207 3180 g.
1222 3108 1384 3163 Cinouisrs

216 3231 218 3238 ,
299 3196 534 3246 conrrnroitiiiii,
564 3195 590 3249 p.
604 3195 667 3247 412,
681 3177 745 3256 413.
760 3178 870 3233 Verum
884 3176 1048 3234 frustraneo
1067 3190 1173 3235 conatu
1195 3179 1225 3233 id
1239 3177 1302 3234 lieri
1315 3175 1384 3233 arbi-

248 3285 250 3290 ·
298 3271 419 3312 tramur.
446 3251 547 3307 Plures
565 3249 644 3305 enim
664 3261 792 3304 rationes
813 3265 875 3304 esse
888 3260 1045 3321 potuerunt
1067 3250 1106 3304 ob
1130 3266 1203 3377 quas
1225 3249 1384 3322 episcopale

299 3329 448 3390 decretum
465 3320 625 3381 iudicatum
648 3319 684 3374 sit
704 3317 925 3388 infirmandum,
950 3332 1036 3393 atque
1055 3337 1088 3376 ea
1102 3338 1136 3376 ve
1169 3321 1297 3377 maxime
1310 3318 1384 3393 quod

250 3459 252 3463 ³
299 3399 361 3455 isa
374 3394 497 3453 crimina
519 3392 713 3466 probarentur
730 3389 804 3445 salso
827 3392 950 3447 obiecta.
971 3392 1068 3447 Addas
1091 3409 1125 3447 eir
1144 3392 1207 3465 ipso
1230 3393 1383 3449 reformato

248 3479 252 3489 '
320 3469 539 3539 ubio'apparere
551 3462 733 3519 voluntatem
745 3462 855 3519 vitandi
868 3463 1053 3535 quaestiones
1067 3462 1214 3521 iuridicas.

334 3553 370 3607 V.
391 3547 576 3608 Utinensis
588 3547 609 3600 ³.
630 3545 746 3600 larium
762 3556 789 3601 et
801 3546 1008 3619 exemptionis.

335 3634 463 3693 Ecclesia
494 3630 638 3713 quaedam
666 3630 696 3685 S.
723 3630 853 3685 Antonio
880 3630 974 3685 dicata
1001 3630 1030 3685 in
1059 3631 1170 3706 oppido
1199 3628 1380 3694 Gemonensi‚

298 3707 437 3765 dioecesis
464 3706 624 3769 Utinensis,
651 3702 687 3756 ad
712 3702 769 3757 FF.
795 3702 868 3756 Min.
896 3702 1110 3758 Conventuales
1132 3702 1212 3776 prius
1238 3700 1379 3775 pertinuit.

298 3781 343 3835 Ab
358 3780 402 3848 iis,
418 3778 447 3833 in
469 3774 563 3831 turbis
577 3772 709 3828 exeuntis
722 3774 794 3828 saeci
808 3773 906 3827 XVlll
930 3774 960 3827 in
982 3786 1153 3846 potestatem
1167 3774 1281 3829 transiit
1293 3772 1383 3827 muni·

297 3850 375 3924 cipii,
399 3847 548 3920 evasitque
570 3866 586 3895 «
599 3844 772 3900 succursalis
786 3866 801 3896 >i
823 3844 959 3901 ecclesiae
979 3844 1158 3918 paroecialis
1182 3846 1270 3900 Anno
1284 3842 1382 3899 deinde

302 3925 377 3996 1845,
392 3934 435 3977 est
449 3920 507 3975 FF.
520 3915 695 3983 Minoribus
709 3932 768 3969 una
783 3934 851 3972 cum
865 3917 1053 3984 monasterio,
1068 3918 1199 3972 traditaa
1213 3913 1380 4039 municipiO,

297 3994 370 4049 iacta
384 3992 528 4066 pactione,
551 4001 583 4042 ut
603 3989 642 4042 ob
654 4004 872 4068 quamcumque
891 4005 1009 4043 causam
1031 3990 1177 4060 regulares
1199 3988 1265 4044 loco
1286 4004 1316 4043 ce
1336 4000 1382 4039 ere
1455 3986 1456 4019 ³

296 4076 480 4138 cogerentur,
494 4058 582 4116 simul
604 4074 692 4115 omne
714 4071 879 4115 amitterent
902 4060 955 4127 ius,
980 4060 1060 4131 quod
1084 4060 1124 4116 sic
1144 4060 1180 4115 ad
1193 4056 1380 4131 municipium

298 4197 640 4216 ----ι·-·-“““-““

325 4292 333 4326 1
394 4292 444 4336 ee.

324 4360 335 4393 2'
350 4290 548 4415 lGlis.tinquam,
561 4350 645 4399 ferme
655 4344 754 4404 verbis,
763 4359 882 4407 namque
892 4360 925 4395 ea
933 4345 1072 4395 reddimus
1082 4359 1114 4396 ex
1122 4344 1215 4397 italico
1224 4356 1347 4396 sermone.

323 4424 334 4459 ³
350 4422 450 4470 Udine.
