2959 4900
318 285 360 347 44
550 343 556 349 ,
593 283 596 294 ’
775 306 957 341 uouununra

127 475 243 517 mm
355 442 470 509 Quibus
491 442 531 497 sic
554 440 741 506 stantibus,a
765 440 852 495 Sacra
876 440 998 497 Rituum
1017 439 1251 513 congregatione
1274 449 1387 511 expostu-

106 547 139 577 an
155 528 217 588 sesto
247 533 268 574 er
320 514 414 569 latum
428 514 497 568 fuit:
511 534 526 563 a
539 514 646 568 Utrum
659 511 797 584 praedicti
810 512 933 577 Fratres,
945 512 1082 583 degentes
1092 512 1122 565 in
1135 512 1203 567 loco
1216 510 1267 566 ubi
1279 508 1388 586 primum

105 598 239 656 conmemo-
320 596 381 640 erat
394 585 573 648 Conventus,
586 596 742 639 teneantur
751 582 883 638 officium
897 568 1024 638 titularis
1039 583 1185 639 Ecclesiae
1198 580 1387 640 conventualis,

106 652 198 746 '‘²²⁵2“
212 642 265 710 ceta·
320 656 436 711 clausae
449 667 477 711 et
490 655 577 711 etiam
592 655 623 709 in
639 654 712 709 alios
724 671 796 709 usus
810 670 975 716 conversae,
990 654 1135 709 celebrare
1147 655 1202 709 sub
1216 654 1274 709 ritu
1286 648 1390 723 duplicis

105 707 269 808 lf'ffljifn
319 727 433 801 primae
448 727 547 782 classis
557 743 624 781 cum
637 737 749 792 octava,
764 738 792 781 et
806 725 837 780 in
850 724 994 797 suffragiis
1008 726 1183 781 Sanctorum
1197 738 1390 781 commemora-

105 820 217 866 ecclesiae.
320 798 432 853 tionem
446 797 566 869 praefati
579 797 705 852 titularis
717 798 874 870 peragere?
888 817 903 847 >³

116 903 246 951 necnon·
355 870 443 924 Sacra
470 885 560 942 porro
591 868 712 923 Rituum
745 866 951 939 Congregati0,
987 868 1023 923 ad
1054 867 1229 923 relationem
1256 861 1390 933 subscripti

105 957 219 1011 negative.
250 932 256 944 ⁶
321 940 483 1008 Secretarii‚
509 939 653 1012 exquisito
676 950 746 993 voto
774 938 998 994 Commissionis
1022 938 1183 1012 liturgicae,
1210 938 1392 1013 omnibusque

319 1010 422 1067 sedulo
445 1011 605 1085 perpensis,
637 1010 857 1065 rescribendum
887 1010 1023 1067 censuit:
1051 1010 1215 1083 Negative;
1242 1010 1293 1065 sed
1320 1020 1391 1084 unice

321 1095 457 1138 tenentur
467 1083 504 1137 ad
516 1080 648 1137 officium
661 1093 690 1136 et
702 1080 881 1153 Suffragium
894 1082 930 1137 de
942 1084 1070 1137 Patrono
1083 1088 1134 1138 seit
1144 1081 1272 1137 Titulari
1289 1082 1391 1135 Provin-

319 1153 382 1209 ciae
397 1153 556 1225 Regularis,
571 1166 717 1225 quatenus
726 1170 762 1208 ex
774 1152 901 1208 Rubrica
911 1153 957 1208 vel
973 1153 1090 1209 Indulto
1100 1153 1273 1225 Apostolico
1284 1157 1391 1207 nantau-

319 1237 367 1279 tur
379 1243 386 1280 :
400 1224 443 1279 uti
453 1224 484 1279 in
497 1226 619 1280 Decreto
630 1236 664 1278 n0
679 1225 751 1283 3210
764 1224 887 1280 Ordinis
897 1224 1053 1279 Minorum
1070 1226 1084 1280 3
1100 1224 1165 1279 iulii
1182 1226 1260 1297 1869.

241 1309 265 1367 (ρ
354 1297 453 1368 Atque
464 1296 504 1351 ita
517 1296 673 1368 rescripsit.
691 1296 744 1351 Die
756 1315 773 1369 9
786 1295 957 1368 septembris
974 1297 1052 1367 1905.

802 1370 835 1421 Α.
858 1367 944 1422 Card.
964 1368 1097 1429 Tamum,
1118 1366 1300 1427 Pro-Praef.

736 1439 777 1493 D.
791 1438 911 1507 Punici,
923 1438 1066 1511 Archiep.
1080 1437 1245 1493 Laodicen.
1260 1440 1365 1493 Secret.

747 1585 974 1639 Annormonas

356 1722 379 1759 1.
401 1705 564 1777 Responsio
586 1704 640 1760 ista
659 1722 747 1761 usum
769 1705 936 1775 generalem
958 1705 1065 1760 habere
1085 1716 1181 1778 potest
1195 1704 1276 1778 apud
1295 1713 1391 1757 ceteros

318 1775 486 1845 Regulam,
506 1794 575 1833 cum
588 1777 705 1831 evidens
720 1776 758 1831 sit
770 1794 925 1831 causarum
940 1776 1085 1832 identitas.

353 1865 379 1902 2.
402 1848 480 1903 Dum
509 1848 631 1920 positive
659 1847 786 1905 inculcat
816 1847 1026 1920 obligationem
1052 1846 1219 1903 celebrandi
1246 1844 1393 1921 Titularen

319 1917 491 1991 Provinciae
499 1932 667 1993 patronum,
678 1918 826 1974 rubricam
837 1932 980 1974 memorat
991 1935 1066 1991 quae
1078 1918 1282 1991 peculiarisest
1291 1916 1394 1973 Ordmts

318 1988 480 2060 Minorum,
494 2004 527 2046 ut
536 1991 567 2045 in
580 1992 644 2065 ipso
658 1993 811 2064 Responso
826 1989 932 2045 dicitur
946 1992 960 2046 3
974 1990 1027 2046 iul.
1047 1992 1122 2063 1869.

378 2314 447 2397 95.
461 2273 503 2371 ¹-
525 2322 560 2391 s.
576 2323 725 2409 artuum
742 2325 1081 2397 cunemannus
1097 2326 1143 2409 (n
1161 2341 1236 2392 nov.
1255 2323 1343 2405 taos)

316 2513 525 2570 RESPONSA
544 2513 599 2566 DE
621 2513 941 2568 PRAECHDHNTIA
972 2509 1205 2568 TERTIORUM
1227 2501 1397 2564 ortmann

661 2604 708 2657 IN
722 2602 1062 2659 PROGESSIONIBUS

774 2763 954 2834 Urgellen.

133 2917 231 2964 Orator.
355 2910 428 2963 Rmus
440 2908 505 2962 D1¹¹²³
521 2905 683 2980 Episcopus
697 2907 877 2978 Urgellensis
888 2924 1036 2962 sacrarum
1048 2905 1169 2960 Rituum
1181 2898 1394 2976 Congregationi

319 2997 353 3037 ea
365 2994 442 3053 quae
456 2989 620 3050 sequuntur
632 2991 796 3033 reverenter
811 2979 945 3051 exposuit
956 2999 963 3044 ;
980 2977 1121 3032 nimirum
1133 2997 1139 3032 :

131 3083 251 3130 Memora·
355 3053 439 3106 luxta
452 3051 602 3105 decretum
616 3050 645 3104 S.
665 3051 700 3104 R.
714 3051 748 3104 C.
766 3051 799 3105 28
813 3050 882 3104 maii
902 3051 977 3115 1886,
999 3067 1029 3104 n.
1048 3050 1127 3118 3664,
1148 3045 1303 3125 Tertiariis¹
1317 3045 1393 3120 Fran·

104 3142 135 3185 tis
145 3141 241 3186 decretis
319 3122 471 3178 ciscalibus
489 3134 607 3176 coetum
625 3121 880 3186 constituentibus,
904 3137 1009 3192 nempe
1036 3120 1156 3192 proprio
1174 3119 1276 3174 habitu
1297 3117 1394 3170 mduns

103 3198 265 3267 dqpraeredep-
319 3211 354 3250 ac
365 3193 419 3250 sub
432 3209 518 3247 cruce
530 3192 741 3260 incedentibus,
767 3193 811 3248 ius
831 3194 905 3248 inest
919 3192 1138 3265 praecedentiae
1152 3208 1241 3264 super
1253 3201 1394 3262 quascum-

103 3261 138 3300 na
148 3261 265 3304 tertiano.
319 3283 377 3338 que
390 3263 461 3319 alias
475 3263 563 3318 laicas
576 3263 753 3321 sodalitates

103 3327 161 3364 ''m‘’
357 3339 508 3391 Praeterea
520 3352 556 3390 ex
569 3335 682 3390 decreto
694 3336 725 3390 S.
742 3336 775 3390 C:
792 3337 846 3406 Ep.
862 3347 889 3389 et
904 3336 974 3406 Reg,
989 3336 1006 3390 6
1020 3333 1119 3407 aprilis
1135 3349 1216 3404 1900,
1234 3331 1287 3387 Emi
1306 3331 1394 3405 Patres

319 3408 528 3463 declarandum
540 3422 601 3460 esse
617 3418 806 3462 censuerunt:
819 3406 979 3462 Tertiarios
998 3407 1028 3461 S.
1044 3404 1199 3462 Francisci,
1208 3417 1320 3460 necnon
1334 3399 1393 3452 alro-

319 3497 386 3534 rum
399 3478 555 3544 Ordinum,
575 3488 640 3532 tum
657 3478 846 3533 solummodo
864 3477 970 3532 habere
989 3477 1034 3532 ius
1047 3475 1265 3548 praecedentiae
1287 3473 1314 3528 in
1338 3472 1393 3523 Pro

320 3549 510 3617 cessionibus,
530 3565 598 3603 curn
612 3549 701 3604 iidem
716 3547 906 3620 collegialiter
925 3549 1064 3604 incedunt
1078 3548 1131 3603 sub
1146 3547 1263 3620 propria
1277 3558 1356 3599 cruce
1367 3551 1394 3592 ac

320 3634 398 3679 veste
411 3619 551 3676 uniformi
564 3619 659 3674 induti
674 3619 764 3691 vulgo
778 3637 864 3674 sacco
879 3641 905 3674 a.

131 3710 165 3754 Er
173 3724 215 3755 usu
359 3696 420 3748 lam
433 3709 502 3747 vero
516 3691 545 3745 in
562 3691 704 3762 Hispania
720 3691 880 3762 generatim
897 3708 952 3745 nec
969 3689 1105 3745 Tertiarii
1119 3706 1173 3744 nec
1186 3689 1235 3744 alii
1249 3683 1393 3743 confratres

102 3766 245 3825 Hispaniae,
321 3765 485 3820 induuntur
502 3779 599 3830 sacco,
614 3763 664 3816 sed
682 3775 797 3816 tantum
810 3762 964 3836 scapulari,
988 3761 1116 3834 cingul0,
1131 3760 1313 3821 numismate,
1336 3767 1392 3817 erc,

320 3835 402 3916 juxta
423 3835 565 3906 cuiusque
585 3833 662 3889 tertii
684 3834 803 3888 Ordinis
827 3846 877 3889 aut
910 3835 1070 3888 sodalitatis
1096 3833 1209 3886 diversa
1231 3841 1332 3886 statuta
1353 3834 1394 3877 aut

341 3924 444 3962 raxrm.

138 3992 268 4044 Quaerit,
321 3925 604 4048 PHispraemissiS,
621 3974 700 4029 idem
715 3977 788 4029 Rmus
803 3975 965 4048 Episcopus
980 3973 1191 4049 expostulavit:
1322 4039 1327 4048 ι

123 4056 187 4114 Quid
197 4061 268 4102 omn-
358 4051 370 4103 Ι
375 4093 381 4104 ,
402 4051 449 4103 An
464 4064 532 4102 cum
544 4063 599 4101 nec
607 4046 698 4100 Tertii
709 4047 835 4102 Ordines
848 4063 902 4102 nec
915 4047 1165 4102 confraternitates
1177 4058 1229 4099 aut
1242 4043 1394 4100 sodalitates

101 4127 264 4181 ⁸“³¹⁸‘².⁶⁶“.⁵'
319 4137 406 4176 sacco
427 4130 556 4181 utantur,
580 4117 625 4171 ius
645 4118 863 4188 praecedentiae
883 4131 1029 4190 competat
1047 4117 1197 4173 Tertiariis
1216 4133 1300 4190 super
1317 4123 1392 4182 quas·

102 4177 171 4217 ''¹²⁴²“
186 4186 213 4217 ²²²
229 4186 265 4216 ²²⁴·
320 4207 448 4263 cumque
461 4189 628 4244 sodalitates
642 4189 750 4244 laicasl

103 4230 265 4331 martenam-
358 4263 397 4318 ll.
417 4263 471 4324 An⁴
488 4260 576 4315 etiam
597 4272 668 4314 tunc
692 4260 737 4314 ius
762 4260 980 4330 praecedentiae
1005 4271 1152 4332 competat
1177 4246 1393 4316 confraternnati-
