2959 4900
300 297 340 368 96
754 307 935 364 nononienrn

299 461 486 536 rescriptum,
501 461 587 535 quod,
603 460 740 535 quamvis
753 472 821 517 ante
834 461 907 516 duos
917 462 984 530 sere
999 475 1093 516 annos
1109 459 1148 515 sil
1162 458 1265 530 latum,
1286 473 1379 515 recens

300 544 413 590 tantum
427 542 471 589 est
483 533 651 608 vulgatum.

334 619 365 675 S.
389 618 497 690 Congr.
523 614 632 672 ΕΜ11
654 634 688 673 ac
711 619 856 674 Revnorum
875 617 905 672 S.
928 617 960 673 C.
984 615 1187 674 Cardinalium
1212 612 1335 686 negotiis
1355 625 1379 667 et

298 688 566 748 consultationibus
594 688 810 763 Episcoporum
835 701 862 745 et
891 687 1084 762 Regularium
1103 687 1279 762 praeposita,
1301 701 1379 758 supet

298 761 466 838 praemissis
477 760 699 817 rescribendum
711 760 825 818 censuit
837 773 927 834 prout
941 759 1074 816 rescribit
1090 779 1096 815 :

333 846 493 924 Negalive,
517 847 567 902 sed
594 846 737 918 integram
760 846 816 901 hac
842 847 878 902 de
900 863 930 900 re
957 861 1076 900 manere
1102 833 1267 900 libertatem
1286 842 1378 898 unius-

298 919 441 993 cuiusque
453 917 674 974 communitatis
688 918 723 972 ad
737 935 875 973 normam
887 917 1051 973 litterarum
1064 916 1111 972 die
1126 935 1155 972 21
1173 916 1236 978 iulii
1256 916 1330 990 1899.

336 1004 457 1075 Romae,
476 1021 507 1059 10
519 1001 616 1059 martii
632 1021 708 1075 ¹90²·

697 1087 750 1142 Fa.
769 1087 965 1144 Hmnonrnus
983 1085 1314 1159 Card.Gorr1,Praef.

796 1175 836 1229 A.
851 1173 975 1243 Rudini,
989 1172 1242 1232 Subsecretarius

597 1435 664 1520 36.
687 1488 728 1497 -
751 1449 786 1520 s.
811 1451 847 1519 o.
873 1453 908 1519 n.
934 1451 980 1519 ni
1004 1451 1040 1521 a.
1065 1449 1091 1518 x

600 1611 820 1668 ORAGULUM
838 1613 856 1666 7
875 1612 985 1666 SEPT.
1007 1611 1089 1666 1903
1449 1659 1450 1706 p

369 1749 574 1808 Facultates
593 1750 772 1807 definiens
794 1751 830 1808 S.
851 1750 997 1809 Rituum
1017 1748 1315 1824 congregationlc

333 1897 386 1954 Ex
405 1896 653 1970 nissacultatibus
673 1913 758 1978 quas,
774 1907 857 1953 ulex
871 1897 1058 1953 conclusione
1071 1906 1162 1970 patet,
1187 1896 1219 1950 S.
1241 1892 1377 1964 Pontifex

297 1968 400 2037 voluit,
415 1971 501 2025 salva
516 1969 607 2042 ipsius
620 1986 717 2035 venia,
740 1969 897 2024 imnunori
911 1969 958 2024 uei
979 1968 1091 2025 auvari
1110 1983 1273 2042 numquam
1288 1978 1375 2046 posse,

298 2042 352 2096 iras
382 2058 474 2097 excer
494 2057 545 2096 ere
567 2039 685 2113 placuit
709 2057 787 2114 quae
812 2041 912 2114 iringis
945 2041 985 2096 ad
1017 2009 1188 2114 iieligiosos
1214 2035 1375 2112 respiciunt.

300 2111 410 2169 Omnes
422 2112 460 2167 ka
481 2121 566 2167 entur
579 2111 609 2166 in
625 2114 725 2166 Rasna
738 2114 844 2168 Talion.
862 2130 979 2187 annun,
1000 2113 1076 2186 1905,
1092 2129 1120 2184 p.
1138 2131 1170 2184 27
1187 2127 1224 2166 se.

554 2259 598 2311 Ex
618 2258 842 2313 Faenernrmus
862 2274 1127 2312 nxrnnonomnnns

337 2398 377 2436 10.
400 2379 595 2435 Benedicendi
609 2395 721 2434 novum
733 2380 880 2436 Abbatem
894 2379 940 2435 die
954 2379 1057 2436 feriali.

334 2455 378 2508 23.
398 2450 489 2507 Chori
503 2450 584 2523 parvi
598 2452 748 2523 aperiendi
762 2452 792 2507 in
806 2450 934 2508 ecclesiis
950 2464 978 2508 et
990 2449 1135 2508 oratoriis
1321 2518 1325 2528 Ι
1447 2441 1449 2587 ⁴

333 2526 377 2580 25.
400 2522 597 2579 Dedicationis
610 2522 852 2581 Anniversarium
875 2541 935 2579 una
958 2525 1118 2596 eademque
1138 2522 1184 2578 die
1198 2522 1234 2577 ab
1248 2520 1376 2577 omnibus
1447 2588 1448 2591 Ἴ

298 2593 562 2723 ἓωΙεΞξίεαΙίωἰιιε
588 2594 772 2664 Dioeceseos,
798 2595 927 2665 Ordinis,
953 2594 1205 2668 congregationis,
1233 2606 1286 2649 etc.
1312 2590 1375 2646 ceie—
1446 2596 1448 2743 ¹

318 2684 371 2722 ran
393 2684 412 2721 1.

334 2739 377 2794 33.
399 2737 572 2793 Calendaria
584 2736 774 2810 particularia
787 2738 978 2808 concedendi,
995 2736 1184 2806 reformandi,
1201 2748 1255 2794 etc.

332 2812 376 2880 34.
393 2808 499 2865 Missae
513 2808 723 2865 Conventualis
736 2809 876 2881 legendae
889 2812 934 2866 vel
948 2828 1021 2867 non.

332 2883 376 2954 39.
398 2880 519 2936 Missam
532 2880 698 2936 celebrandi
712 2881 744 2936 in
759 2881 898 2937 interiore
911 2883 1064 2939 clausurae
1078 2880 1196 2937 sacello.
1359 2945 1364 2955 .
1445 2902 1446 2905 ¹

330 2971 376 3023 44.
399 2951 520 3008 Missam
535 2952 700 3008 celebrandi
716 2952 787 3008 feria
806 2953 832 3007 V
858 2954 886 3008 in
907 2971 998 3009 coena
1016 2953 1136 3009 Domini
1153 2969 1206 3025 pro
1223 2966 1374 3007 commum-

296 3035 364 3092 tate,
379 3040 448 3079 cum
460 3023 679 3079 Communione
691 3024 832 3097 paschali.
1444 3080 1445 3089 ,

332 3114 378 3168 47.
399 3093 496 3151 Officii
509 3094 711 3151 recitationem
724 3095 903 3167 anticipandi
917 3109 984 3153 ante
998 3096 1158 3154 secundam
1172 3094 1277 3150 horam
1287 3107 1374 3168 pome-

297 3166 441 3222 ridianam
477 3183 510 3222 ro
522 3167 623 3239 aliquo
638 3166 844 3223 ecclesiastico

334 3239 376 3294 56.
399 3184 530 3295 Rocireto
542 3238 643 3295 utendi
652 3255 710 3311 pro
723 3238 869 3312 Episcopo
884 3240 1045 3314 Regulari.

331 3310 375 3366 58.
396 3308 620 3365 Sanctissimum
642 3309 842 3365 Eucharistiae
858 3326 1074 3367 sacramentum
1086 3308 1252 3367 asservandi
1267 3308 1301 3365 ad
1313 3320 1374 3363 tem·

294 3398 349 3454 pus
364 3380 394 3436 in
408 3380 547 3437 Oratorio
560 3380 674 3454 privato
689 3382 947 3437 Communitatum
961 3396 989 3437 et
1005 3381 1294 3438 Sanctimonialium.
1358 3446 1362 3454 1

329 3452 374 3508 62.
397 3452 536 3524 Erigendi
559 3452 615 3507 alia
639 3452 777 3517 oratoria,
795 3467 909 3535 praeter
924 3455 1094 3527 principale,
1111 3455 1140 3509 in
1164 3454 1300 3509 domibus
1320 3448 1373 3504 reli·
1441 3516 1442 3519 Ἴ

295 3523 392 3595 giosis,
410 3524 490 3579 iuxta
503 3524 653 3580 decretum
665 3542 747 3597 4007,
760 3525 924 3581 Niuernen.

603 3671 647 3724 Ex
668 3670 893 3728 Ficolunrlaus
913 3690 1080 3727 ottomanus

332 3792 376 3849 26.
398 3788 592 3862 Dispensandi
609 3790 787 3847 arecitanda
812 3793 852 3847 lX
871 3792 996 3850 lectione
1017 3793 1115 3851 Officii
1129 3792 1313 3867 simplificati,
1327 3802 1372 3863 pro

296 3861 487 3920 Monialibus.

332 3954 377 4005 27.
400 3931 594 4012 Dispensandi
629 3951 849 4061 quamcumepue
882 3936 1113 3994 ecclesiasticam
1142 3934 1371 3994 communitatem

297 4006 454 4062 instantem
470 4005 506 4059 ab
519 4003 663 4062 adiunctis
678 4004 785 4063 Officio
811 4008 903 4072 ennii,
919 4026 1024 4082 nempe
1048 4028 1064 4064 a
1087 4010 1209 4067 Psalmis
1234 4007 1372 4080 Paeniten-

297 4076 416 4132 tiaiibus
428 4089 456 4131 et
472 4075 678 4147 Gradualibus,
691 4094 807 4134 necnon
819 4079 854 4133 ab
866 4078 971 4135 Officio
985 4099 1075 4153 parvo
1090 4082 1124 4137 B.
1138 4082 1248 4137 Mariae
1257 4077 1371 4150 Virginis

299 4162 327 4204 et
343 4147 566 4205 Defunctorum.
1346 4214 1359 4224 ..

333 4222 378 4276 31.
400 4218 576 4276 Functiones
607 4219 808 4278 hebdomadae
839 4222 957 4278 maioris
991 4225 1147 4296 peragendi
1182 4225 1211 4279 in
1244 4226 1371 4280 Oratorns

299 4289 586 4360 Sanctimonialium,
603 4291 828 4364 Religiosorum,
842 4307 895 4351 etc.
