2959 4900
298 332 338 394 16
516 366 518 374 ‚
755 359 935 402 uonuirsiiri

295 488 387 545 Cuius
402 489 600 570 responsionis
618 491 691 547 haec
705 492 790 547 nobis
803 492 916 549 videtur
931 510 993 549 esse
1006 491 1091 560 rati0,
1108 493 1189 573 quod
1206 490 1268 548 non
1282 492 1383 563 ageba·

237 598 252 639 .·
293 572 341 615 tur
363 562 399 617 de
420 563 604 618 immutando
627 563 735 619 Rituali
755 581 878 619 romano
897 564 942 620 vel
964 564 1040 620 libro
1063 563 1199 645 liturgico
1218 581 1235 618 a
1258 564 1290 619 S.
1311 564 1384 621 Sede

294 633 467 705 approbato,
479 633 529 690 sed
541 636 577 689 de
586 634 717 706 primuni
727 635 841 691 edendo
853 636 971 692 Ordinis
986 635 1107 703 Rituali;
1123 652 1154 689 in
1165 634 1250 707 quod,
1256 646 1384 691 ceterum

294 704 412 759 nullum
432 704 547 761 induxit
572 706 645 759 Reii·
667 706 750 761 Prior
764 707 913 763 Generalis
931 708 1021 762 ritum
1043 724 1105 762 non
1124 706 1231 762 servari
1245 706 1382 761 solitum:

293 774 348 901 lPSi
362 774 442 830 enim
460 775 533 831 ritus
545 793 580 832 ex
594 792 719 833 romano
737 778 845 834 Rituali
860 779 1025 851 deprompti
1043 779 1102 835 iam
1121 778 1212 849 longo
1224 794 1281 832 usu
1303 788 1385 833 erant

304 846 361 901 acti
376 846 611 903 Carmelitarum.
635 848 779 929 Denique,
801 850 882 922 quod
905 866 964 905 non
988 862 1030 905 est
1055 848 1280 921 neglegendum,
1291 848 1330 903 ab
1353 864 1384 903 eo

295 917 406 974 editum
416 931 459 973 est
471 920 585 975 Rituale
598 919 676 974 istud
686 937 743 987 cui,
756 932 907 993 tamquam
918 920 1020 977 Ordini
1032 920 1187 992 praefecto,
1198 919 1385 993 propriorum

294 989 505 1046 servandorum
517 991 628 1046 rituum
641 990 830 1048 incumbebat
842 1010 913 1049 cura
926 1003 1013 1065 atque
1025 992 1182 1065 provincia.

308 1114 311 1119 ,
329 1079 356 1130 4.
378 1061 576 1117 sollemnibus
597 1062 642 1117 his
661 1063 807 1134 responsis
826 1064 915 1125 etiam
935 1076 1048 1119 constat
1066 1062 1125 1119 iam
1148 1062 1234 1118 licere
1250 1060 1386 1116 Patribus

294 1132 356 1187 istis
368 1131 476 1187 trinam
495 1133 573 1200 dare,
588 1132 663 1188 infra
675 1145 810 1190 octavam
832 1135 973 1208 Corporis
993 1134 1128 1202 Domini,
1149 1132 1387 1189 benedictionem

229 1270 231 1275 Ι
293 1220 362 1259 cum
382 1203 434 1258 SS.
456 1204 654 1260 Sacramento.
678 1206 710 1260 ld
722 1206 801 1261 eniin
820 1204 884 1261 fieri
904 1206 1073 1279 praescribit
1083 1204 1237 1278 proprium
1257 1204 1385 1260 Rituale.

111 2852 232 2912 Proponi-

83 2913 219 2977 terrentia·

83 2981 161 3013 versia

113 3047 138 3092 iii
154 3046 231 3093 Comi·

57 3163 61 3167 st
84 3105 125 3150 iiis
132 3104 235 3163 peculia·

84 3162 150 3208 ribus
160 3166 190 3208 16

81 3221 144 3268 mii
151 3221 217 3278 1905.

111 3300 228 3362 Diffiriiir

83 3362 186 3419 quaestio

80 3419 213 3476 praecipua.

84 3474 226 3522 Cratander-

85 3533 145 3579 tibirs
155 3534 187 3578 im
203 3546 225 3579 o·

83 3592 150 3637 nitur
159 3591 182 3637 si

87 3649 152 3694 tium.
164 3649 243 3705 Argu-

83 3710 160 3751 menta
169 3719 231 3752 nova

83 3762 217 3809 subicienda

83 3821 171 3866 suntS.
182 3820 243 3867 Con-

23 3898 24 3917 i
82 3879 225 3945 gregalium,

84 3947 206 3981 simonius

84 3992 215 4050 scriptuli-

84 4049 230 4097 mirantia

85 4106 203 4154 edendum.

113 4166 134 4212 A
180 4165 236 4212 oba·

87 4224 120 4270 tio
149 4222 205 4268 Smi.

113 4280 223 4339 Dicam

85 4340 230 4397 uaiirooia).

294 1274 384 1355 Olim,
396 1276 413 1329 6
423 1275 486 1330 iun.
502 1277 568 1348 1696
576 1287 603 1330 et
621 1277 651 1331 16
661 1276 730 1332 maii
748 1295 824 1350 1744,
839 1278 874 1333 de
885 1276 1086 1333 benedictione
1100 1276 1153 1331 ista
1163 1277 1224 1331 duo
1237 1275 1305 1356 data
1317 1287 1388 1330 sunt

293 1358 446 1472 refigi-iffi
448 1355 585 1471 1quorum
598 1348 679 1419 prius
693 1349 827 1419 negabat,
841 1349 967 1405 alterum
979 1365 1048 1404 veto
1061 1348 1236 1420 agnoscebat
1247 1363 1316 1418 ipsis
1331 1346 1387 1400 hoc

294 1434 318 1490 Ρ
330 1434 518 1544 Ωιιηῗειιιῑέιη
527 1464 636 1561 negans
650 1486 825 1561 responsum
839 1491 936 1546 solum
949 1502 1024 1547 esset
1038 1490 1078 1561 (n.
1095 1491 1172 1563 1944)
1183 1489 1214 1543 in
1227 1487 1388 1543 novissima

296 1560 487 1615 Decretorum
499 1560 915 1617 authenticorumcollectione
929 1562 1063 1627 relatum,
1079 1561 1203 1623 alterum
1217 1560 1225 1625 l
1229 1576 1263 1614 ex
1278 1559 1347 1631 lege
1359 1559 1387 1612 in

296 1630 479 1687 Praelatione
500 1632 756 1687 Collectaneorum
779 1632 931 1706 explicata)
955 1646 1016 1689 erat
1037 1646 1069 1688 ut
1090 1631 1180 1712 priori
1203 1630 1387 1687 contrarium

256 1736 258 1744 ι
293 1718 502 1774 suppressum
529 1720 608 1758 nunc
633 1715 731 1758 tamen
757 1706 957 1777 praesentibus
985 1720 1131 1777 responsis
1156 1702 1292 1757 standum
1320 1701 1385 1757 erit.

294 1772 364 1841 (Cir.
381 1774 550 1840 Moru-onii,
566 1786 587 1830 t.
607 1776 646 1838 16,
663 1792 693 1847 p.
706 1775 779 1845 522.)

330 1845 355 1899 5.
372 1844 445 1899 Deni
468 1862 514 1908 ue,
526 1857 559 1901 ut
568 1846 702 1901 observat
717 1848 750 1901 R.
767 1849 798 1902 Ρ.
812 1848 1028 1914 Minisrnrrri,
1040 1845 1137 1901 denuo
1151 1845 1181 1901 in
1194 1844 1350 1900 haccausa
1360 1858 1387 1897 se

293 1915 391 1988 prodit
406 1916 436 1971 S.
478 1916 539 1972 edis
557 1934 650 1984 mens,
671 1929 704 1971 ut
717 1916 818 1972 intacti
831 1930 982 1973 serventur
996 1917 1118 1989 legitimi
1137 1914 1208 1971 iiius
1227 1931 1309 1992 quos·
1325 1914 1387 1985 ipsa

293 1987 480 2067 commendat
494 1986 661 2060 antiquitas,
678 1988 774 2044 necin
790 2006 849 2044 una
861 1989 1023 2062 eademque
1042 1988 1161 2045 ecclesia
1174 1986 1246 2042 ritus
1269 1984 1386 2041 misceri

295 2073 436 2113 sinantur.
1023 2070 1027 2079 ·

318 2276 387 2359 77.
410 2323 452 2332 -
475 2285 511 2353 s.
535 2284 681 2353 iiriitiii
705 2240 1132 2368 concitationem
1156 2282 1231 2351 maii
1258 2280 1367 2363 isos)

385 2442 626 2501 RESPONSUM
640 2444 695 2498 ni:
711 2442 949 2508 AUTHENTIA
968 2441 1295 2499 ASSERVATORUM

367 2522 716 2592 PRAEGORDIORUM
747 2521 777 2576 S.
814 2522 1035 2576 FRANGISGI
1067 2520 1313 2576 ASSISIENSIS

757 2627 933 2706 Aesiaieni

331 2766 502 2836 Quaestioni
512 2765 585 2822 olim
593 2764 725 2839 agitatae,
737 2776 838 2838 postea
848 2765 969 2839 sopitae,
978 2763 1387 2843 nuperqueiterumexcitatae

295 2857 383 2913 super
396 2837 572 2910 praecordiis
582 2839 612 2895 S.
630 2836 776 2892 Francisci
789 2836 968 2906 Assisiensis‚
993 2855 1068 2910 quae
1082 2836 1194 2904 Assisii,
1211 2835 1241 2890 in
1258 2835 1387 2890 Ecclesia

297 2912 327 2966 S.
345 2910 455 2965 Mariae
468 2911 504 2964 ab
518 2908 638 2982 Angelis
650 2920 846 2980 nuncupatae,
861 2907 996 2980 religiose
1015 2907 1153 2964 custodiri
1165 2907 1215 2962 alii
1228 2905 1385 2969 affirmant,

296 2983 384 3037 allata
397 2983 485 3036 etiam
499 2993 610 3036 vetusta
624 2979 743 3035 Ordinis
769 2978 918 3034 Minorum
932 2979 1098 3048 traditione,
1115 2991 1142 3035 et
1157 2977 1206 3033 alii
1221 2975 1387 3056 negant.vel

296 3053 468 3109 indubium
486 3064 646 3107 revocant:
670 3052 759 3105 Sacra
779 3051 899 3105 Rittium
923 3051 1117 3122 Congregatio
1140 3049 1172 3104 in
1191 3047 1386 3126 peculiaribus

297 3124 432 3182 Comitiis
446 3125 482 3178 ad
495 3123 670 3178 Vaticanum
683 3121 790 3176 habitis
804 3121 850 3176 die
863 3122 976 3178 decima
988 3135 1066 3177 sexta
1081 3120 1169 3194 elapsi
1185 3119 1293 3175 mensis
1305 3119 1384 3187 maii,

297 3206 479 3269 proponente
501 3196 561 3249 ΙΞ1110
588 3207 616 3248 et
640 3195 700 3247 Rmo
722 3194 777 3247 D1¹0
805 3192 952 3248 Cardinali
979 3193 1132 3248 Francisco
1155 3193 1251 3264 Segna
1275 3190 1387 3245 Causae

300 3269 443 3331 Relatore,
466 3267 604 3321 omnibus
622 3282 657 3320 eii
676 3275 799 3336 utraque
817 3277 898 3336 parte
916 3264 953 3318 ad
972 3282 1033 3320 rem
1053 3263 1182 3319 deductis
1206 3258 1386 3340 argumentis

297 3351 385 3412 atque
404 3337 586 3393 documentis
617 3336 753 3391 discussis
775 3337 966 3408 accurateque
989 3335 1145 3408 perpensis,
1167 3345 1276 3389 attento
1298 3343 1386 3386 etiam

298 3425 366 3467 voto
389 3409 613 3468 commissionis
638 3405 979 3478 Histotico-Liturgicae,
996 3419 1083 3478 atque
1106 3405 1207 3460 audito
1232 3405 1266 3459 R.
1292 3404 1322 3457 P.
1344 3403 1384 3481 D.

298 3481 465 3538 Alexandro
479 3480 574 3542 Verde
586 3489 701 3533 sanctae
717 3477 797 3532 Fidei
820 3479 998 3543 Promotore,
1012 3478 1051 3533 ita
1064 3476 1240 3549 respondete
1254 3484 1385 3531 censuit:

298 3575 315 3606 κ
330 3551 470 3625 Imposito
481 3550 609 3624 partibus
618 3550 652 3604 de
662 3549 717 3604 hac
726 3565 757 3602 re
766 3549 1008 3605 contendentibus
1018 3560 1047 3604 et
1053 3547 1268 3620 disputantibus
1277 3560 1386 3624 magno

298 3624 424 3686 silentio,
439 3621 617 3694 quaestionis
638 3620 810 3692 praecipuae
823 3620 964 3675 resolutio
979 3618 1138 3684 differatur,
1163 3627 1299 3673 manente
1308 3625 1386 3695 inte·

298 3697 354 3752 rim
366 3695 397 3750 in
409 3711 463 3748 sua
474 3691 657 3765 possessione
670 3691 819 3746 enuntiata
833 3691 997 3746 traditione.
1014 3691 1044 3746 Si
1056 3691 1128 3763 quid
1142 3702 1240 3744 autem
1249 3704 1315 3742 iiovi
1329 3702 1385 3756 pro

298 3785 357 3823 una
370 3765 415 3822 vel
430 3765 520 3819 altera
532 3762 674 3818 sententia
688 3762 718 3816 in
731 3779 801 3817 casu
814 3761 981 3834 reperiatur,
1004 3763 1159 3817 Sacrorum
1174 3761 1292 3816 Rituum
1306 3757 1384 3811 Con-

298 3836 475 3911 gregationis
488 3835 613 3891 examini
626 3846 654 3889 et
669 3834 777 3888 iudicio
786 3833 839 3888 erit
849 3833 1052 3888 subiciendum
1063 3855 1070 3902 3
1094 3832 1228 3904 nihilque
1240 3826 1385 3887 edendum

298 3909 354 3965 nisi
367 3909 402 3964 de
414 3907 505 3981 ipsius
517 3906 591 3962 sacri
604 3904 727 3961 Concilii
740 3921 874 3976 expressa
886 3916 972 3976 atque
985 3905 1091 3978 scripta
1105 3903 1220 3958 licentia
1233 3925 1259 3957 ii.

335 3982 414 4048 Quas
426 3976 628 4043 resolutiones,
645 3977 833 4032 sanctissimo
848 3976 976 4030 Domino
991 3977 1098 4031 Nostro
1113 3975 1165 4030 Pio
1188 3975 1281 4046 Papae
1293 3972 1317 4026 X
1331 3985 1384 4041 per

299 4049 513 4122 infrascriptum
527 4047 711 4103 Cardinalem
733 4049 838 4102 Sacrae
855 4047 975 4101 Rituum
989 4045 1216 4119 Congregationi
1233 4044 1384 4120 ProPrae3

300 4123 406 4178 fectum
420 4121 532 4189 relatas,
550 4119 692 4175 Sanctitas
714 4121 774 4174 Sua
788 4129 864 4181 ratas
886 4118 997 4188 habuit,
1022 4118 1155 4190 probavit
1170 4129 1256 4189 atque
1278 4128 1383 4170 servari

300 4191 459 4247 mandavit.
1088 4202 1091 4207 ·

338 4263 391 4318 Die
405 4281 440 4333 24
451 4261 520 4317 maii
538 4263 615 4334 1905.

725 4342 762 4394 A.
777 4339 862 4394 Card.
873 4340 1005 4405 TRIPEPI,
1021 4338 1275 4411 Pro-Prodemus,

673 4411 712 4465 D.
726 4411 845 4479 Paniai,
860 4410 1001 4482 Archiep.
1016 4409 1189 4476 Laodicen,
1203 4410 1304 4464 Serrei.
