2959 4900
105 308 189 391 [134]
207 331 361 367 necessust
371 331 408 365 nn
417 330 569 367 antennam
581 331 740 369 retunsona
750 332 851 370 msntn.
862 332 997 368 varonum
1007 334 1100 369 sturt-
1129 310 1188 373 129

105 467 193 523 tutius
205 467 421 539 assequendum
434 476 687 540 peropportunum
704 467 801 523 visum
813 480 865 534 est,
885 481 919 525 ut
931 470 1018 526 etiam
1036 471 1142 526 modus
1160 481 1190 527 et

105 539 177 594 ratio
194 536 369 595 conficiendi
387 538 560 594 relationem
577 538 714 594 omnibus
728 553 757 595 et
775 540 905 611 singulis,
921 542 958 597 ad
974 558 1051 615 quos
1069 539 1188 614 spectat,

105 610 252 667 communi
262 610 326 681 lege
365 609 566 665 raescribatur.

141 683 243 755 ltaque
261 680 334 736 haec
344 626 375 737 ἒ.
390 681 586 753 Congregatio
605 682 730 751 negotiis
743 693 771 737 et
787 683 1051 740 oonsultationibus
1071 683 1190 756 Episco-

105 768 212 826 porum
237 766 265 809 et
292 751 481 824 Regularium
500 751 665 825 praeposita
686 752 879 825 redigendum
902 755 1013 810 curavit
1033 755 1190 811 elenchum

105 824 312 895 quaestionum
325 824 432 895 quibus
444 822 577 879 distincte
587 822 796 881 indicanturea
804 826 905 883 omnia
917 842 993 899 quae
1008 825 1039 881 in
1048 825 1190 884 relatione

104 896 215 950 utiliter
232 912 284 951 seu
301 894 464 951 necessario
488 906 555 949 sunt
576 896 759 967 exponenda,
786 914 923 970 eumque,
948 908 1015 971 post
1040 909 1190 953 maturum

105 982 236 1036 examen,
266 968 296 1023 in
324 965 455 1047 plenario
484 966 593 1021 Eurorum
629 967 748 1023 Parrum
774 982 860 1024 coetu
890 969 1094 1042 approbatum,
1121 985 1191 1024 cum

105 1038 243 1093 omnibus
262 1050 291 1095 et
308 1037 430 1109 singulis
451 1036 685 1093 moderatoribus
705 1050 733 1093 et
745 1040 988 1096 moderatricibus
1007 1039 1190 1112 generalibus

106 1109 320 1179 Instituerunt,
339 1125 391 1180 per
402 1109 525 1164 modum
537 1107 750 1178 instructionis,
766 1110 815 1166 cui
828 1128 889 1168 sese
907 1110 1090 1168 conformare
1105 1126 1190 1183 opor·

104 1192 171 1244 teat,
185 1180 466 1237 communicandum
479 1196 540 1235 esse
552 1180 673 1236 censuit.

141 1250 197 1306 His
211 1263 310 1308 autem
321 1250 419 1307 relatis
432 1251 509 1307 ssmo
523 1252 576 1306 D¹¹⁰
587 1252 696 1307 Nostro
712 1252 766 1307 Pio
779 1252 881 1308 Divina
893 1253 1078 1312 Providentia
1093 1254 1152 1310 ΡΡ.
1164 1253 1191 1307 Χ

104 1322 295 1379 inaudientia
309 1322 408 1379 habita
421 1323 458 1379 ab
472 1321 654 1395 infrascripto
672 1323 820 1379 Cardinali
832 1325 964 1381 eiusdem
982 1325 1012 1381 S.
1027 1326 1091 1381 Con
1127 1341 1191 1398 ega·
1261 1350 1272 1385 .·
1369 1315 1391 1377 fi

104 1393 192 1449 tionis
205 1394 353 1451 Praefecto
363 1394 409 1451 die
426 1412 457 1466 17
469 1391 543 1448 iunii
555 1395 632 1467 1906,
643 1393 794 1451 Sanctitas
803 1396 866 1451 Sua
879 1412 942 1451 rem
953 1397 1032 1452 ultro
1045 1414 1098 1469 pro
1120 1396 1187 1457 avit.

104 1464 246 1538 iussitque
257 1482 309 1539 per
326 1467 403 1523 hanc
421 1466 513 1538 ipsam
534 1464 564 1520 S.
585 1466 852 1537 congregationem
872 1467 1009 1523 omnibus
1027 1480 1056 1524 et
1068 1467 1189 1541 singulis

103 1537 340 1593 moderatoribus
352 1549 381 1594 et
390 1536 631 1593 moderatricibus
646 1538 852 1593 institutorum
867 1550 937 1594 vota
949 1538 1093 1611 simplicia
1102 1538 1191 1611 profi·

103 1608 229 1663 tentium
247 1609 416 1682 Apostolica
437 1607 619 1663 Auctoritate
632 1608 775 1676 mandari,
799 1622 886 1682 prout
904 1610 1062 1683 praesentis
1084 1610 1191 1667 decreti

103 1690 208 1735 tenore
220 1679 386 1747 mandatur,
400 1692 433 1735 ut
442 1680 472 1734 in
482 1678 618 1735 triennali
628 1679 770 1735 relatione
782 1680 892 1754 proprii
905 1680 1048 1755 cuiusque
1064 1680 1191 1737 Instituti

103 1751 140 1805 ad
153 1750 283 1823 singulas
293 1751 478 1825 quaestiones
490 1750 520 1805 in
528 1750 651 1807 elencho
659 1750 738 1807 hisce
749 1751 852 1808 litteris
860 1751 999 1808 adiuncto
1013 1753 1192 1825 conscriptas

104 1834 132 1877 et
145 1823 183 1877 ab
201 1822 316 1880 Eadem
328 1823 492 1879 Sanctitate
504 1823 566 1877 Sua
580 1823 754 1895 approbatas
767 1822 1023 1896 confirmatasque,
1046 1841 1191 1882 memores

103 1893 225 1949 rationis
243 1911 334 1967 quam
352 1896 424 1960 Deo,
446 1891 579 1949 cordium
602 1893 766 1964 scrutatori,
786 1894 927 1951 reddituri
950 1907 1045 1966 erunt,
1068 1895 1192 1953 fideliter

104 1976 194 2036 atque
220 1964 397 2021 examussim
418 1965 633 2037 respondeant:
660 1966 815 2021 contrariis
838 1965 1076 2040 quibuscumque
1103 1967 1192 2024 etiam

104 2035 222 2108 speciali
235 2048 263 2092 et
277 2035 425 2092 individua
438 2034 588 2092 mentione
606 2036 701 2109 dignis
714 2052 777 2092 non
789 2038 982 2095 obstantibus.

107 2178 113 2188 ι
137 2109 257 2233 llitatum5
271 2109 381 2164 Romae
394 2123 429 2165 ex
447 2108 608 2165 Secretaria
620 2107 766 2180 praefatae
783 2110 813 2165 S.
835 2108 1078 2183 congregationis
1092 2110 1139 2167 die
1161 2111 1192 2165 16

107 2197 136 2233 ιιι
149 2196 195 2233 ιιι
218 2194 237 2233 o
260 2219 267 2234 .

201 2196 217 2251 9
612 2252 648 2305 D.
663 2250 751 2305 Card.
767 2250 917 2316 Fennis-n,
931 2252 1118 2323 Praefectus.

654 2321 712 2377 Ph.
727 2320 869 2393 Giustini,
889 2322 1085 2380 Secretarius.

514 2490 792 2550 INS'PRUCTIO

535 2621 536 2630 ’
623 2642 675 2680 suu

354 2757 591 2816 nannenus
622 2760 948 2830 Qunnsrronuar
1027 2782 1029 2785 ·

110 2906 151 2961 ad
168 2919 257 2977 qaas
273 2905 557 2977 respondendnm
575 2910 631 2962 est
649 2920 671 2961 a
689 2907 975 2964 moderatoribus
993 2920 1058 2964 sea
1077 2908 1194 2964 mode-

141 2977 330 3035 ratricibus
358 2977 587 3048 generalibus
618 2978 870 3034 Institntorum
901 2980 988 3035 vota
1019 2978 1193 3050 simplicia

141 3048 386 3121 profitentium
400 3047 438 3102 in
450 3047 640 3105 Relatione
658 3051 704 3104 ad
722 3049 758 3107 S.
776 3049 906 3107 sedem
925 3049 1035 3106 tertio
1054 3062 1193 3121 qnoque

137 3133 237 3178 ,anno
249 3120 528 3177 transmittenda

534 3267 764 3321 Pnanurrrannn

147 3406 168 3443 1.
185 3389 332 3442 Doceatur
346 3401 422 3458 quae
436 3386 550 3442 decreta
568 3388 790 3460 approbationis
808 3406 860 3446 seu
881 3389 1145 3447 commendationis
1166 3401 1194 3444 et

111 3458 225 3530 quando
237 3456 406 3513 Institutum
418 3473 436 3512 a
450 3458 481 3514 S.
496 3458 569 3515 Sede
584 3459 753 3516 obtinuerit.

36 3527 41 3538 ’
143 3547 168 3584 2.
182 3529 312 3598 Quinam
324 3526 360 3583 sit
373 3526 440 3583 finis
454 3529 514 3585 sive
528 3546 634 3603 scopus
643 3530 802 3611 peculiaris
818 3531 957 3586 Instituti.

143 3602 168 3656 3.
183 3601 265 3656 Num
279 3597 382 3654 titulus
396 3599 521 3656 instituti
535 3602 572 3657 ab
587 3602 671 3657 initio
683 3613 849 3672 assumptus
869 3612 919 3658 aut
931 3618 1036 3673 scopus
1055 3601 1100 3658 vel
1113 3601 1195 3656 habi·

109 3681 153 3726 tus
165 3671 312 3752 sodalium
330 3669 513 3743 aliquatenus
535 3674 725 3745 postmodum
737 3673 885 3729 immutati
897 3673 1005 3730 fuerint
1019 3683 1047 3729 et
1066 3689 1194 3745 quanam

110 3753 292 3800 auctoritate.

142 3833 168 3884 4.
184 3817 198 3850 *
212 3815 294 3883 Quot
311 3812 425 3868 sodales
438 3814 474 3869 ab
486 3812 571 3870 initio
583 3830 677 3887 usque
697 3815 727 3870 in
741 3831 887 3888 praesens,
903 3827 953 3871 aut
966 3815 1068 3872 saltem
1087 3814 1193 3871 ultimo

110 3882 250 3944 vicennio.
265 3883 398 3939 habitum
409 3883 535 3940 Instituti
550 3885 708 3945 induerint.

145 3956 170 4012 5.
184 3958 198 3990 *²
214 3957 295 4025 Quot
315 3955 429 4011 sodales
450 3972 467 4011 a
489 3954 661 4013 fundatione
682 3957 810 4013 instituti
823 3973 919 4030 usque
932 3957 963 4012 in
981 3973 1128 4031 praesens,
1143 3967 1194 4013 aut

139 4155 148 4173 '
161 4155 203 4202 Ad
213 4153 436 4216 interrogationes
447 4159 495 4204 aut
512 4154 756 4214 interrogationum
772 4160 864 4214 partes
878 4153 1008 4204 asterisco
1022 4157 1130 4202 notatas
1139 4166 1194 4201 non

115 4217 309 4335 ἓίθεὲὲὲἕτέιτιίιῗ,
325 4226 387 4280 post
401 4221 599 4281 promulgatam
616 4220 688 4270 banc
704 4220 920 4278 instructionem,
936 4219 1069 4269 relatione
1084 4231 1194 4278 respon-

1244 1494 1403 1596 {ww

1272 1859 1404 1919 Deragatio

1217 1966 1220 1971 ,
1243 1916 1390 1977 amatissima

1244 1976 1379 2023 contrario·

1244 2046 1297 2080 rent

1245 2069 1392 2223 ..Patr
