2959 4900
305 333 345 396 68
748 350 952 388 suerranum

305 485 548 576 Superiorum‚
574 485 799 587 religiosum
803 485 910 553 istum
937 485 1123 556 dimittere
1150 486 1392 575 Temporario

302 597 382 644 rum
406 577 501 644 enim
524 591 690 644 votorum
713 575 866 662 spatium
893 576 1123 644 constitutum
1140 592 1191 643 est
1212 591 1392 664 tamquam

302 665 448 734 ulterior
471 666 644 754 quaedam
668 666 842 754 probatio,
868 686 1053 754 perquam
1074 665 1241 732 alumnus
1257 665 1301 730 ad
1318 685 1392 752 per·

301 772 442 842 petuam
455 755 709 856 protessionem
723 775 759 820 se
771 769 892 843 aptum
907 754 1058 843 probare
1074 754 1188 822 debet.
1210 753 1313 820 Nisi
1305 768 1393 820 1ntra

301 843 389 910 fines
409 844 628 931 praestitutos
651 865 688 910 se
713 843 904 910 ostenderit
918 843 1082 931 dignum,
1100 864 1173 911 non
1191 857 1241 910 est
1257 842 1301 908 ad
1319 863 1392 929 per·

302 949 405 1019 petua
421 949 500 1000 vota
516 932 754 1000 admittendus
770 932 882 1020 magis
897 954 1005 1020 quam
1029 933 1190 1000 novicius
1206 932 1248 999 ad
1265 932 1390 1007 prima.

303 1021 507 1090 Consonant
520 1038 675 1090 ceterum
684 1021 789 1088 verba
801 1043 1008 1088 normarum
1019 1023 1224 1089 recentium:
1239 1047 1251 1080 t
1264 1021 1392 1102 Elapso

302 1126 459 1198 tempore
490 1125 654 1178 votorum
685 1111 982 1196 temporariorum
1009 1110 1046 1177 in
1074 1109 1394 1179 Constitutionibus

301 1199 497 1286 praefinito,
528 1221 628 1266 soror
651 1200 868 1276 admittenda
892 1214 944 1267 est
970 1200 1013 1265 ad
1038 1213 1120 1267 vota
1151 1216 1333 1289 perpetua,
1364 1197 1394 1263 si

302 1287 410 1377 digna
426 1297 499 1368 est,
498 1288 551 1356 si
564 1309 673 1372 secus
693 1289 735 1356 ab
752 1289 832 1354 Inst
818 1289 900 1355 titur
886 1289 1085 1356 todimittat
1032 1298 1145 1376 tatur,
1167 1315 1180 1351 n

349 1377 600 1444 Potesttamen
616 1379 721 1444 etiam
739 1375 908 1464 Superior
924 1400 1006 1445 cum
1022 1378 1188 1479 religioso
1205 1376 1392 1444 convenire

300 1465 343 1532 de
360 1466 580 1595 impetrando
596 1489 616 1534 a
634 1465 671 1535 S
692 1465 783 1535 Sede
799 1489 894 1534 novo
917 1474 1213 1555 temporariorum
1229 1481 1393 1533 votorum

300 1555 452 1644 spatio¹

344 1665 403 1728 De
394 1664 835 1759 religiosornsaens
849 1682 877 1726 1.
894 1658 1040 1725 Decreto
1054 1657 1180 1726 Auctis
1192 1656 1390 1743 admodum,

301 1747 474 1829 statuitur
488 1771 523 1815 n.
532 1749 577 1833 V,
595 1775 608 1812 i
625 1750 800 1816 Alumnos
815 1762 979 1814 votorum
995 1747 1210 1848 simplicium
1221 1762 1394 1833 tempora·

300 1835 390 1903 lium
405 1837 465 1925 qui
483 1837 609 1925 quovis
631 1837 860 1926 professionis
882 1837 1056 1903 vinculo
1049 1858 1119 1903 ram
1142 1835 1257 1903 forent
1273 1836 1390 1915 soluti,

301 1925 347 1994 ob
364 1929 522 2014 elapsum
538 1941 679 2010 tempus
695 1947 768 2013 quo
784 1939 864 1993 vota
880 1925 944 1992 ab
936 1925 1021 2008 ipsis
1036 1926 1165 1993 luerint
1177 1940 1391 2011 nuncupata,
1472 1927 1474 1930 ’

302 2033 320 2082 e
336 2015 495 2082 claustris
510 2016 602 2082 exire
618 2037 691 2082 non
706 2036 810 2103 posse
822 2014 934 2082 donec
949 2015 1183 2115 Episcopum
1180 2013 1393 2081 benevolum

301 2119 516 2192 receptorem
531 2104 729 2171 invenerint
745 2120 778 2170 et
794 2104 836 2170 de
853 2104 1085 2171 ecclesiastico
1098 2102 1313 2204 patrimonio
1325 2101 1392 2168 sibi

299 2193 537 2293 providerint3
555 2214 656 2260 secus
671 2192 831 2282 suspensi
846 2208 1010 2259 maneant
1020 2192 1065 2260 ab
1078 2191 1240 2260 exercitio
1253 2212 1393 2280 suscep·

301 2297 419 2349 torum
434 2281 615 2348 ordinum
638 2306 650 2344 i

347 2371 401 2438 De
418 2392 489 2459 quo
506 2391 639 2437 canone
655 2369 774 2438 istud
766 2393 803 2437 1n
816 2370 939 2461 primis
956 2370 1106 2437 occurrit
1118 2368 1393 2457 observandum,

300 2460 396 2547 quod
420 2460 463 2526 ad
488 2480 593 2526 usum
617 2462 768 2527 maxime
792 2476 945 2548 spectare
961 2476 1086 2549 potest
1112 2460 1272 2528 sufficere
1296 2480 1395 2527 man·
1473 2522 1475 2525 ,

300 2549 438 2616 sionem
464 2548 501 2615 in
529 2549 686 2616 claustris
713 2570 822 2637 quam
846 2551 1052 2617 vocabimus
1075 2550 1271 2618 lormalem.
1294 2549 1336 2615 ld
1362 2568 1393 2616 e.

300 2636 389 2704 sicut
408 2637 570 2706 Instituta
586 2638 761 2726 religiosa
780 2660 844 2726 pro
860 2640 954 2706 varia
970 2660 1095 2707 eorum
1111 2640 1245 2706 ratione
1258 2652 1292 2704 et
1303 2638 1392 2727 lege,

301 2747 374 2793 non
397 2727 628 2827 prohibentur
655 2728 829 2829 religiosis
856 2728 930 2794 suis
956 2730 1173 2795 committere
1200 2726 1394 2795 ministeria

302 2819 482 2896 exteriora,
510 2817 665 2904 ipsisque
696 2818 896 2919 permittere
923 2830 962 2883 ut
992 2838 1054 2904 per
1085 2816 1228 2905 aliquod
1252 2831 1394 2917 tempus

301 2920 465 2971 maneant
488 2920 580 2973 extra
607 2907 769 2988 claustra,
802 2904 849 2974 ita
876 2920 1041 2994 poterunt
1071 2927 1153 2994 erga
1188 2904 1394 2973 huiusmodi

301 2994 463 3061 alumnos
479 2993 529 3060 uti
546 2995 607 3061 ista
622 2995 796 3081 facultate,
815 3009 853 3060 ut
869 3016 930 3083 per
946 2995 1088 3082 aliquod
1102 3011 1243 3083 tempus
1254 3014 1393 3061 versen·
1467 2991 1473 3074 ξ

300 3097 356 3148 tur
379 3099 471 3150 extra
494 3097 722 3167 conventum,
750 3084 926 3151 manendo
949 3098 1067 3151 tamen
1084 3084 1151 3151 sub
1167 3083 1393 3151 oboedientia
1472 3087 1473 3104 ¹

302 3168 500 3258 Superioris
509 3173 697 3272 regularis.

345 3282 376 3326 2
402 3261 471 3327 Vi
463 3260 562 3327 istius
578 3260 719 3346 decreti,
737 3282 803 3328 nec
819 3263 986 3329 alumnus
1000 3261 1206 3328 Institutum
1218 3260 1389 3342 deserere,
1473 3303 1474 3325 r

300 3368 363 3416 nec
383 3348 619 3417 Institutum
611 3350 676 3438 ipsi
702 3372 900 3439 congruum
924 3351 1119 3440 hospitium
1135 3370 1263 3439 negare
1279 3365 1393 3438 potest
1473 3331 1474 3411 i

327 3565 336 3599 ¹
352 3562 472 3621 Supplex
482 3562 592 3610 libellus
603 3560 639 3609 ab
651 3562 712 3622 ipso
726 3560 854 3622 religioso
870 3562 909 3610 ita
919 3561 1058 3611 conscribi
1070 3567 1161 3623 potest
1173 3576 1180 3611 :
1193 3580 1202 3608 ι
1213 3564 1246 3610 X.
1256 3551 1394 3621 professus
1473 3572 1474 3578 ¹

299 3634 426 3677 votorum
434 3628 663 3687 temporariorum
674 3627 703 3676 in
716 3628 975 3689 congregatione...
990 3629 1027 3677 ad
1037 3629 1122 3689 pedes
1133 3630 1161 3677 S.
1173 3630 1208 3677 V.
1222 3631 1392 3687 provolutus,
1473 3631 1474 3658 ἒ

300 3692 485 3745 annuentibus
496 3692 699 3754 Superioribus,
712 3693 852 3743 humiliter
862 3695 931 3755 petit
945 3694 1062 3756 gratiam
1079 3708 1136 3754 qua
1151 3694 1237 3755 possit
1254 3695 1291 3743 ad
1305 3710 1395 3743 amur

300 3767 364 3810 vota
373 3761 539 3820 temporaria
548 3761 656 3810 iterare.

330 3830 365 3876 Et
376 3829 460 3883 Deua,
477 3832 529 3875 etc.
543 3843 553 3872 ι

329 3895 407 3941 Haec
417 3897 509 3941 autem
517 3891 573 3940 fere
584 3897 624 3940 est
635 3893 738 3942 Indulti
751 3894 891 3943 formula.

327 3958 427 4019 Vigore
446 3958 608 4018 specialium
626 3958 788 4008 facultatum
804 3961 910 4010 aSS11²⁰
933 3960 1053 4009 Domino
1069 3963 1172 4012 Nostro
1191 3974 1390 4020 concessarum,

299 4024 930 4087 SacracongregatioEmorumacRevmorums.
948 4028 982 4075 R
998 4029 1030 4076 E
1043 4028 1234 4077 cardinalium
1244 4030 1395 4089 negotiiset

298 4088 544 4139 consultationibus
556 4090 790 4151 Episcoporumet
798 4093 978 4153 Regularrum
986 4094 1152 4153 praeposita
1165 4093 1283 4153 benigne
1290 4094 1393 4143 remisrt

299 4157 368 4204 111ιῃο
379 4169 413 4203 ac
423 4156 516 4203 Rev
528 4156 707 4216 Episcopo..
728 4163 759 4205 ut
769 4160 883 4218 petitam
898 4158 1057 4206 facultatem
1068 4159 1145 4208 iuxta
1160 4172 1261 4219 preces,
1279 4174 1329 4220 pro
1344 4173 1393 4208 suo

302 4220 417 4271 arbitrio
425 4226 451 4268 et
458 4221 604 4280 prudentia
614 4196 758 4280 concedat,
768 4238 823 4271 non
831 4225 904 4271 ultra
916 4229 1007 4272 tamen
1018 4238 1130 4274 annum.

330 4287 482 4399 {carrariis
492 4284 712 4349 quibuscumque
720 4303 776 4337 non
784 4287 969 4338 obstantibus.

356 4365 477 4401 omae...
