2959 4900
87 320 162 403 148]
221 343 243 378 s.
260 343 286 379 c.
304 343 384 378 conc.
402 344 439 378 na
454 344 597 379 urssaauu
612 344 759 380 otrannus.
778 344 895 380 nectar,
914 349 979 390 1904,
997 337 1052 390 1905
1125 317 1186 383 135

96 478 175 534 citur
190 479 220 533 S.
236 477 324 533 Sedes
337 477 516 533 conscientia
529 489 557 533 et
570 478 725 549 prudentia
738 477 964 534 ordinariorum
985 476 1077 549 magis
1096 475 1187 531 fidere
1224 505 1227 510 ·

85 567 189 622 -quam
202 549 404 621 quorumlibet
424 549 620 604 sacerdotum.
645 549 693 605 Sic
710 549 852 605 tradendo
871 550 973 605 missas
986 548 1050 604 aliis
1063 547 1186 603 Ordina-

94 620 157 688 riis‚
187 619 337 676 Ordinarii
361 619 420 675 iam
446 619 528 675 omni
551 619 731 693 obligatione
759 621 924 687 solvuntur,
950 637 1012 676 non
1037 631 1138 676 autem
1162 617 1187 673 si

93 693 216 748 easdem
229 690 373 747 extraneis
385 690 586 747 commiserint
596 691 795 748 sacerdotibus
810 693 1008 749 celebrandas.

129 794 159 845 4.
183 775 238 830 Per
258 774 381 830 eandem
399 773 592 843 occasionem,
608 775 775 847 quaesitum
794 787 837 832 est
849 775 884 831 de
903 775 992 830 modo
1006 790 1067 848 quo
1085 772 1188 828 missas

84 847 277 903 celebrantes
295 845 488 902 intentionem
507 863 592 901 suam
614 846 767 921 concipere
785 847 933 912 deberent,
947 846 998 902 ubi
1020 844 1061 902 sic
1083 844 1188 900 missae

92 917 195 998 plures
216 917 254 972 ab
275 915 438 973 Ordinatiis
459 918 711 974 committerentur
734 918 799 973 aliis
818 917 967 975 dicendae.
992 918 1090 990 Atque
1112 915 1186 976 aliis.

92 1007 155 1044 ram
169 1001 237 1045 ante
248 988 333 1057 datis,
347 988 493 1063 responsis
503 987 668 1052 inhaerens,
683 990 714 1046 S.
726 990 831 1046 Sedes:

102 1097 106 1104 -
131 1061 159 1130 a)
177 1061 321 1115 Hortatur
332 1071 365 1114 ut
377 1059 554 1115 intentiones
567 1060 767 1116 sacerdotibus
780 1059 968 1117 celebraturis
981 1060 1117 1115 distincte
1128 1076 1188 1114 ma·

91 1130 293 1186 nifestentur:
320 1130 375 1186 hac
387 1130 500 1186 ratione
520 1131 635 1186 iuvatur
658 1132 832 1189 celebrantis
853 1131 980 1198 devotio,
993 1149 994 1154 ¹
1006 1131 1057 1203 qui
1075 1129 1188 1186 facilius

93 1202 264 1258 movebitur
277 1202 314 1256 ad
326 1219 443 1276 precem
455 1202 635 1258 fundendam
643 1203 861 1328 particularem,
876 1202 962 1258 variis
976 1200 1188 1258 intentionibus

82 1286 227 1347 aptatam
238 1294 245 1342 ;
260 1286 289 1329 et
298 1273 413 1346 plenius
423 1273 526 1329 satisfit
538 1274 612 1329 votis
622 1292 641 1329 o
665 1275 811 1330 erentium
823 1273 978 1348 stipendia.

130 1346 162 1416 b)
179 1345 259 1399 lstud
274 1358 372 1401 tamen
383 1363 444 1401 non
456 1344 632 1418 praecipitur
643 1367 651 1412 ;
663 1347 760 1403 stricte
775 1345 866 1414 enirn,
878 1346 946 1401 satis
957 1357 1009 1410 est,
1023 1343 1047 1400 si
1057 1343 1188 1398 sacerdo·

89 1429 137 1471 tes
147 1417 186 1470 ad
200 1428 330 1471 mentem
342 1417 491 1472 celebrent
501 1416 660 1481 Ordinatii‚
673 1417 695 1472 is
708 1429 808 1473 autem
820 1417 1014 1472 intentionem
1023 1429 1107 1471 suant
1120 1431 1188 1470 con-

90 1486 187 1560 cipiat
208 1487 372 1543 secundum
384 1489 499 1560 regulas
514 1506 530 1542 a
545 1489 675 1560 probatis
696 1489 815 1545 traditas
835 1486 1034 1561 scriptoribus.
1061 1485 1189 1558 Regulae

89 1560 167 1614 istae
181 1558 241 1614 huc
253 1558 312 1614 fere
324 1559 457 1616 redeunt.
475 1561 508 1614 In
523 1560 681 1630 partiendis
696 1560 857 1631 stipendiis.
878 1559 983 1632 poterit
1002 1557 1189 1614 coniunctam

89 1629 204 1702 cuique
227 1629 420 1686 intentionem
442 1630 620 1702 distinguere
645 1649 679 1687 ex
705 1632 786 1687 libris
813 1631 920 1704 quibus
940 1646 1044 1685 omnes
1070 1628 1188 1684 inscribi

92 1702 282 1769 debuerunt3
302 1702 359 1770 vel,
382 1701 406 1756 si
428 1701 457 1756 id
476 1700 540 1757 fieri
566 1700 683 1758 difficile
702 1714 800 1775 queat,
822 1719 978 1758 numerum
998 1701 1073 1756 inter
1091 1700 1189 1771 plures

82 1772 227 1828 dividere
246 1773 286 1828 ita
307 1785 341 1828 ut
359 1773 428 1828 velit
446 1774 548 1828 missas
575 1773 713 1830 celebrari
733 1791 769 1830 eo
791 1773 894 1829 ordine
915 1790 1003 1844 quern
1021 1771 1189 1844 praevalens

92 1844 286 1915 quarundam
309 1844 355 1899 ius
377 1844 584 1916 postulaverit3
605 1845 724 1917 quodsi
746 1845 821 1901 absit
843 1845 899 1900 alia
919 1845 993 1900 ratio
1012 1844 1075 1900 iura
1089 1841 1189 1898 distin-

92 1915 217 1987 guendi,
231 1916 335 1970 saltem
348 1933 384 1971 eo
397 1915 499 1971 ordine
512 1933 572 1986 quo
585 1916 694 1972 suerint
706 1917 805 1972 oblata
820 1916 963 1990 stipendia
978 1920 998 1971 l.

132 2003 159 2057 5.
176 2001 226 2057 De
237 2002 390 2058 sanctione
401 2001 572 2075 episcopali,
584 2003 723 2059 addenda
737 2003 854 2060 decreto
866 2025 881 2055 ι(
894 2001 1052 2077 Vr'gr'lanti.
1062 2023 1078 2053 »
1091 2003 1189 2056 Potest

93 2074 261 2146 Episcopus
274 2073 362 2129 etiam
375 2073 505 2129 censuris
517 2074 691 2146 compellere
703 2074 953 2131 administratores
963 2074 1078 2148 piarum
1090 2089 1189 2128 causa-

93 2163 173 2210 rum,
198 2156 253 2201 etc.
279 2157 310 2200 ut
329 2145 483 2201 observent
504 2146 712 2218 obligationem
734 2147 868 2202 tradendi
892 2145 1011 2218 proprio
1033 2143 1189 2200 Ordinatio

90 2215 197 2271 missas
220 2233 296 2288 quae
319 2215 350 2271 in
372 2215 431 2272 fine
457 2216 525 2273 anni
545 2216 652 2272 fuerint
674 2217 814 2290 reliquae,
842 2231 870 2273 et
897 2217 1051 2288 prohibere
1076 2232 1113 2270 ne
1141 2230 1189 2271 eas

92 2287 214 2341 mittant
235 2299 316 2343 extra
337 2287 504 2352 dioecesim,
520 2300 664 2360 quatenus
688 2288 717 2343 id
738 2301 883 2361 repugnet
903 2290 1018 2344 decreto
1041 2285 1190 2362 Vigilanti

92 2358 176 2430 quod
198 2369 242 2413 est
265 2376 295 2413 n.
309 2377 336 2430 4.
360 2358 473 2414 Decreti
490 2359 639 2416 Utdebita
660 2359 881 2417 confirmatum.
896 2360 955 2417 Cfr.
981 2361 1131 2432 Responsa
1153 2357 1189 2412 ad

92 2429 268 2503 episcopum
282 2429 420 2505 Aliphan.
434 2431 471 2486 ad
487 2431 536 2487 IV.

128 2516 155 2568 ti.
180 2514 313 2583 Quinam
323 2514 384 2570 sint
400 2513 562 2576 Ordinarir‘
574 2525 602 2570 et
613 2532 632 2570 a
646 2515 823 2588 quibusnam
838 2516 876 2571 sit
888 2514 1041 2589 exigenda
1048 2513 1133 2587 fider.
1149 2512 1190 2569 Ut

93 2599 135 2641 est
155 2584 189 2640 Ci
215 2585 246 2640 S.
267 2584 393 2658 Spiritus
407 2602 592 2659 responsum,
608 2587 696 2641 etiam
711 2586 741 2640 in
755 2599 809 2642 art.
824 2606 840 2659 7
853 2588 960 2647 decreti
974 2586 1022 2641 De
1034 2585 1189 2641 observan-

93 2656 139 2712 dis
160 2656 213 2729 qui
233 2655 354 2730 incipit:
377 2655 538 2713 Ordinarii
555 2657 733 2725 dioecesani,
760 2658 881 2714 nomine
900 2656 1125 2714 Ordinatiorum
1143 2672 1190 2711 ve-

94 2727 181 2783 niunt
200 2727 291 2783 etiam
312 2727 436 2783 Praelati
454 2728 611 2801 regulares.
635 2730 703 2798 Quo
718 2746 808 2801 porro
822 2742 931 2802 spectet
949 2731 1003 2785 ista
1021 2726 1188 2794 declarati0‚

92 2798 192 2854 statim
212 2798 339 2868 additur,
355 2799 385 2854 in
400 2800 504 2855 eodem
517 2799 667 2874 rescripto,
683 2801 720 2855 ad
739 2818 765 2855 a.
791 2800 1004 2856 Confirmando
1028 2798 1106 2855 enirn
1128 2797 1190 2872 opi-

94 2871 217 2926 nionem
231 2888 322 2942 quarn
334 2871 519 2952 probabilem
529 2871 655 2926 diximus
669 2888 740 2935 esse,
755 2889 784 2943 p.
810 2890 868 2932 110.
886 2890 924 2935 c..
947 2873 977 2928 S.
993 2869 1190 2943 Congregatio

94 2940 257 3013 respondit,
273 2941 446 2997 Ordinatios
459 2941 510 3014 qui
525 2942 590 2997 aliis
601 2942 764 2998 Ordinariis
778 2944 949 2999 tradiderint
962 2940 1116 3015 stipendia,
1128 2941 1190 3023 ipsa

94 3013 150 3067 hac
167 3011 284 3068 ratione
302 3013 384 3068 omni
405 3013 494 3068 levari
507 3030 607 3070 onere.
623 3013 712 3081 Quod
725 3014 749 3068 si
763 3014 910 3085 regulares
933 3011 1057 3069 Praelati
1070 3029 1190 3067 nomine

96 3083 222 3139 veniunt
248 3083 484 3145 Ordinariorum.
510 3101 692 3156 consequens
717 3097 759 3140 est
783 3086 943 3159 Episcopos
969 3084 1014 3140 vel
1042 3083 1190 3139 Praelatos

95 3156 245 3223 regulares
259 3172 320 3210 non
340 3155 399 3211 iam
412 3156 449 3209 de
468 3155 662 3212 celebratione
676 3155 818 3212 sollicitos
836 3174 898 3213 esse
912 3157 1027 3218 debere.
1045 3155 1143 3211 statim
1157 3172 1191 3210 ac

97 3225 202 3350 grissas
223 3225 290 3281 aliis
312 3226 464 3301 Episcopis
483 3227 663 3283 dioecesanis
685 3227 729 3282 vel
755 3228 894 3284 Praelatis
908 3225 1090 3299 regularibus
1103 3225 1190 3282 tradi-

118 3309 204 3353 ennt.
1050 3332 1053 3339 ·

135 3368 195 3422 Per
208 3383 315 3424 senon
334 3379 403 3423 sunt
419 3368 543 3424 Praelati
558 3368 613 3424 nisi
626 3368 688 3440 qui,
703 3368 865 3425 Ordinibus
877 3369 921 3425 vel
938 3367 1080 3423 Institutis
1097 3384 1191 3439 exem·

97 3437 155 3510 ptis
165 3438 313 3511 praefecti,
328 3440 521 3495 ecclesiastica
534 3439 646 3512 pollent
655 3440 863 3496 iurisdictione.
880 3441 936 3495 Sed
948 3441 977 3494 in
993 3439 1049 3495 hoc
1062 3439 1188 3507 decreto,

88 3522 198 3566 exart.
220 3529 245 3576 t,
259 3528 315 3566 vox
332 3510 446 3565 videtur
456 3510 543 3566 latius
563 3511 639 3567 sumi
652 3528 737 3584 posse
750 3512 786 3567 de
799 3510 930 3584 quolibet
943 3529 1012 3567 vero
1034 3510 1191 3585 Superiore

99 3580 227 3637 Instituti
240 3580 330 3637 etiam
343 3598 405 3637 non
418 3583 544 3654 exempti
557 3585 578 3638 ².
590 3583 678 3650 Quod
693 3582 740 3637 hic
754 3582 848 3640 valere
862 3583 1047 3639 arbitramur.

127 3780 137 3814 1
154 3778 232 3827 Ratio
252 3778 427 3839 concipiendi
450 3778 629 3828 intentionem
649 3779 716 3827 satis
737 3780 798 3828 iuse
817 3780 980 3839 proponitur
995 3777 1070 3837 apud
1091 3776 1191 3824 Ruvuss

96 3846 294 3905 rueorocroua
305 3858 468 3910 raaucarsa,
480 3861 508 3906 p.
517 3852 611 3902 275·27.

126 3914 139 3946 ²
155 3910 252 3959 Missae
269 3918 364 3959 tamen
382 3926 454 3971 quae
475 3913 503 3959 in
522 3910 577 3959 fine
587 3911 651 3959 anni
673 3912 825 3960 tradendae
844 3917 907 3959 sunt
925 3910 1068 3959 ordinariis
1084 3911 1191 3969 propriis

88 3976 190 4034 .(Decr.
206 3977 334 4036 Vigilanti)
351 3978 423 4027 tradi
440 3984 580 4038 nequeunt
594 3978 648 4025 nrsi
668 3978 804 4026 Praelatis
823 3976 937 4026 Ordinis
948 3976 1067 4030 religiosi
1079 3975 1191 4036 proprie

97 4040 178 4094 dicti.
195 4044 235 4090 vel
245 4043 367 4091 Instituti
379 4045 459 4103 plene
476 4043 604 4103 exempti.
621 4044 732 4092 Alumni
745 4042 972 4104 congregationis
983 4042 1126 4101 religiosae
1135 4056 1191 4090 non

97 4108 182 4167 plene
190 4118 328 4170 exemptae
338 4110 450 4158 easdem
460 4109 610 4158 Ordinatio
621 4110 674 4158 loci
692 4110 803 4158 tradere
820 4108 932 4157 debent.
951 4108 998 4157 Sic
1016 4107 1099 4156 etiam
1119 4109 1191 4157 Rev·

96 4175 203 4223 rubor.
213 4187 254 4223 ra.
267 4190 296 4235 p.
307 4179 361 4225 266.
373 4184 432 4233 267:
451 4177 595 4237 appellans
611 4176 695 4225 etiam
712 4177 858 4225 relatorem
869 4188 970 4224 causae
981 4174 1190 4235 Composteuanae,

91 4240 137 4288 -de
150 4242 346 4302 quasuperius‚
358 4256 385 4303 p.
399 4248 436 4291 51.

132 4306 206 4355 Dum
215 4307 282 4358 Rev.
293 4308 404 4357 Tereos.
415 4308 521 4374 Faauc.
533 4310 590 4358 vim
599 4306 723 4369 responsi
734 4306 771 4357 ad
791 4308 876 4369 Cong.
890 4308 918 4358 S.
932 4306 1050 4368 Spiritus
1060 4308 1090 4356 in
1101 4307 1192 4370 prima
