2959 4900
71 325 136 407 [27]
313 348 337 382 s.
353 349 378 383 c.
395 347 438 382 iir.
456 346 491 382 aa
508 346 572 381 aaa.
589 345 626 381 ua
641 343 798 380 uniissmiiii
814 343 925 379 inrisui
1125 318 1165 381 85

71 479 190 535 sthenia
207 498 284 553 qnae
297 481 468 553 religiosum
480 482 517 536 ab
530 481 613 536 omni
627 481 747 537 Ordinis
759 479 858 538 officio
872 492 968 536 arceat
981 492 1008 535 et
1023 495 1165 550 magnum

71 551 173 623 gignat
200 552 404 608 communitati
433 553 675 609 incommodum:
701 571 761 624 quo
788 553 819 608 in
849 569 928 608 casu.
957 569 1017 606 non
1043 564 1086 607 est
1114 567 1166 605 cur

72 623 201 678 invitum
215 623 353 693 dimittas,
370 623 419 680 sed
433 624 479 679 lex
493 641 612 698 prorsus
624 625 717 698 viget;
741 625 786 681 vel
805 624 907 698 ingens
919 622 1042 678 invaluit
1064 639 1166 681 neura-

71 694 199 761 sthenia‚
214 694 253 749 ita
266 709 299 749 ut
311 708 457 768 aegrotus,
473 713 592 769 prorsus
606 695 699 752 factus
713 695 836 765 inutilis
854 693 974 768 pacifice
991 693 1055 749 aliis
1070 692 1167 772 convi-

72 783 140 820 vere
163 780 311 838 nequeat:
332 784 392 838 quo
414 767 445 822 in
466 783 535 823 casu
553 768 614 840 ipse
643 767 817 840 plerumque
840 766 885 822 vel
908 766 989 839 prior
1009 764 1168 839 postulabit

72 836 429 909 digrediendi'licentiam
441 840 486 895 vel
497 839 595 895 oblata
609 841 712 894 saltem
725 838 848 894 libenter
858 850 967 893 utetur.
982 837 1058 892 Raro
1069 836 1167 916 itaqiie

72 908 185 963 incidet
194 924 277 965 casus
287 927 346 981 quo
357 922 492 981 aegrotus
505 911 675 966 huiusmodi
686 909 1022 982 obstinatejperseverare
1031 908 1166 963 voluerit.

107 981 175 1050 Age
189 997 287 1052 porro,
302 995 421 1053 propter
434 982 679 1038 extraordinarios
698 999 793 1049 casus,
818 981 895 1053 leges
918 997 977 1037 non
997 990 1165 1044 mutantur;

73 1051 145 1106 satis
158 1063 203 1106 est
215 1065 248 1106 ut
262 1053 424 1108 occurrenti
447 1053 610 1109 necessitati
620 1071 673 1127 per
692 1052 941 1127 dispensationem
962 1051 1165 1122 prospiciatur.

74 1125 227 1184 Ceterum,
243 1123 394 1196 religiosus
407 1124 610 1181 dimissionem
623 1142 684 1180 non
697 1124 843 1181 recusabit
856 1122 912 1178 nisi
924 1123 993 1195 quia
1003 1122 1057 1178 sibi
1071 1122 1167 1176 videa·

74 1209 133 1260 tur,
151 1211 188 1248 eii
210 1194 327 1267 laudata
339 1195 412 1267 lege,
427 1196 472 1251 ius
487 1211 652 1269 competere
666 1196 814 1252 manendi.
836 1196 913 1252 Cum
936 1209 1035 1250 autem
1053 1193 1093 1252 sic
1108 1194 1168 1246 duo

75 1267 112 1320 de
132 1265 201 1320 iure
219 1277 340 1334 certant,
360 1267 502 1334 subditus,
524 1267 656 1341 inquam,
677 1282 705 1323 et
728 1267 877 1340 Superior,
902 1265 1018 1340 expedit
1031 1276 1064 1320 ut
1081 1281 1169 1319 causa

75 1337 175 1391 alieno
186 1337 385 1393 committatur
397 1336 527 1405 arbitrio,
541 1339 559 1394 i.
576 1357 602 1395 e.
614 1339 702 1395 huius
714 1341 744 1395 S.
760 1338 1013 1410 Congregationis.

112 1407 248 1462 Dixerim
271 1409 387 1481 itaque:
414 1410 444 1465 in
470 1410 640 1466 huiusmodi
663 1428 734 1466 casu
757 1422 908 1466 recurrant
935 1408 1110 1488 Superiores·
1132 1407 1168 1461 ad

77 1479 154 1534 banc
169 1480 201 1535 S.
217 1481 491 1553 congregationem.
515 1482 570 1537 Cui
596 1483 726 1538 recursui
740 1481 795 1538 ista
818 1481 906 1538 etiam
925 1480 1034 1537 suberit
1047 1479 1167 1543 utilitas,

79 1550 158 1622 quod
186 1551 217 1606 S.
244 1552 439 1625 Congregatio
459 1565 627 1626 opportune
649 1553 771 1610 definire
791 1551 897 1624 poterit
921 1569 958 1608 an
978 1565 1005 1608 et
1025 1566 1172 1622 quaenam

80 1622 221 1677 alimenta
234 1623 373 1696 Superior
388 1623 507 1680 dimisso
521 1624 658 1697 religioso
671 1638 818 1698 praestare
833 1624 945 1680 debeat.

113 1695 216 1761 Quare
228 1696 465 1767 respondendum
476 1712 581 1752 censeo
594 1717 600 1752 :

115 1785 130 1814 u
148 1765 269 1836 Legem,
282 1767 435 1837 proutlata
446 1779 497 1835 est,
511 1767 893 1894 immutatampermanere;
906 1768 929 1821 si
943 1766 1062 1839 quando
1071 1775 1169 1844 autem

81 1853 164 1890 casus
178 1849 315 1892 occurrat
327 1838 357 1892 in
372 1856 433 1911 quo
448 1839 654 1912 Superioribus
666 1839 694 1894 vi
716 1852 799 1894 eatur
820 1839 885 1894 talis
898 1854 960 1893 esse
977 1847 1078 1892 exorta
1090 1834 1171 1889 infir·

82 1906 166 1962 mitas
184 1920 217 1962 ut
236 1909 384 1982 professus
397 1910 484 1966 etiam
497 1909 605 1966 invitus
618 1912 654 1967 sit
668 1910 868 1977 dimittendus,
885 1909 1095 1964 recurrendum
1109 1923 1171 1962 esse

82 1978 116 2032 ad
130 1978 209 2033 hanc
220 1980 251 2034 S.
262 1980 537 2054 Congregationem.
552 2004 569 2033 »
1164 2047 1170 2057 ‚

117 2069 144 2104 2.
166 2052 251 2105 Iuvat
274 2052 373 2120 etiam,
394 2054 430 2108 ad
448 2053 611 2109 doctrinam
630 2053 666 2108 de
685 2053 856 2110 dimissione
868 2051 1038 2132 simpliciter
1050 2047 1172 2122 professi

84 2120 298 2200 illustrandam,
326 2124 415 2204 ambo
437 2123 509 2180 haec
534 2124 639 2181 referre
666 2125 782 2181 decreta
807 2141 883 2197 quae
908 2141 939 2178 in
969 2118 1173 2202 Monumentis

85 2205 190 2247 nostias
203 2205 273 2249 sunt
284 2211 404 2252 omissa.

117 2289 155 2343 A.
175 2289 359 2362 Responsum
373 2291 405 2348 S.
421 2292 455 2348 C.
469 2292 569 2367 Epire.
584 2303 613 2349 et
625 2293 735 2368 Regul.
752 2309 788 2363 19
801 2310 866 2348 nov.
878 2293 949 2347 1880
962 2297 983 2346 ¹.

121 2369 357 2442 Nonnumquam
366 2371 470 2440 evenit,
484 2383 518 2428 ut
529 2373 698 2446 simpliciter
713 2372 861 2446 professus
876 2370 1076 2426 dimissionem
1089 2384 1173 2421 suani

87 2452 173 2511 petat,
190 2457 321 2498 asserens
333 2459 362 2498 se
376 2460 436 2499 non
449 2443 556 2501 babere
568 2445 614 2501 vel
628 2445 760 2503 amisisse
783 2443 917 2500 animuin
929 2441 1173 2519 vocationemque

88 2510 222 2590 advitam
243 2513 421 2586 religiosam.
441 2517 599 2584 Quaeritur
613 2534 703 2587 nunc,
723 2528 824 2572 utrum
844 2514 916 2570 haec
938 2513 1028 2587 ipsius
1041 2524 1171 2577 assertio,

89 2583 272 2654 pertinaciter
280 2597 400 2655 retenta,
410 2586 521 2644 etiamsi
543 2589 599 2644 alia
609 2606 697 2645 causa
710 2586 888 2643 dimissionis
902 2603 963 2642 non
978 2585 1173 2648 subversetur,

89 2652 162 2731 ratio
181 2653 329 2712 sufficiens
346 2658 422 2714 iusta
441 2676 533 2732 eaque
554 2660 734 2717 rationabilis
758 2676 845 2715 causa
867 2656 977 2713 censeri
997 2654 1088 2727 possit
1108 2670 1177 2708 eum

90 2740 123 2776 in,
129 2721 218 2781 finem
231 2739 265 2782 ut
275 2728 400 2801 simplici
409 2742 478 2787 voto
492 2731 648 2787 obstrictus
662 2750 698 2788 ex
708 2731 820 2786 Ordine
835 2728 942 2784 dimitti
953 2728 1059 2800 queatl

128 2796 172 2877 R..
182 2798 332 2871 Negative,
348 2816 417 2856 curn
429 2813 496 2858 vota
508 2802 652 2875 simplicia
661 2803 698 2859 de
710 2802 818 2883 quibus
828 2801 923 2882 agitur
935 2811 1060 2871 exparte
1071 2813 1177 2852 voven-

92 2865 127 2989 ἷξε
153 2882 224 2994 sipit·
241 2882 392 2944 perpetua,
424 2890 587 2946 eorumque
618 2874 795 2949 dispensatio
823 2887 859 2928 sit
883 2882 1027 2928 reservata
1054 2870 1177 2923 Summo

119 2950 176 2993 onti
200 2957 236 2997 ci.

121 3035 162 3116 -B.
181 3039 363 3113 Responsum
395 3044 427 3098 S.
458 3041 712 3119 Congregationis
743 3048 832 3115 snper
863 3049 939 3094 statu
968 3036 1180 3111 Regularium,

99 3120 131 3159 ro
142 3107 200 3166 dec.
214 3114 289 3181 1893
298 3116 319 3168 ².

116 3190 173 3266 ‚An
184 3193 257 3251 iusta
267 3197 343 3253 siret
356 3198 536 3254 rationabilis
549 3214 636 3255 causa
649 3197 728 3252 idem
742 3196 885 3275 monitum
900 3193 979 3264 quod
988 3190 1088 3272 fuisset
1102 3190 1182 3269 suffi-

99 3276 171 3316 ciens
180 3266 215 3319 ad
228 3268 374 3326 novitium
387 3288 404 3325 a
417 3269 597 3343 professione
606 3268 776 3335 arcendum,
792 3279 834 3320 uti
848 3282 869 3321 a·
878 3264 1030 3319 nonnullis
1042 3271 1182 3333 gravitate

101 3343 128 3384 et
144 3332 277 3406 dignitate
303 3341 517 3413 praestantibus
540 3354 665 3409 tenetur,
693 3360 720 3396 v.
746 3356 774 3409 g.
798 3334 969 3410 aptitudinis
995 3332 1123 3390 defectus
1144 3333 1181 3388 ad

102 3402 211 3481 Qrdinis
224 3410 322 3468 officia
335 3412 469 3485 quamvis
491 3413 607 3468 minora
627 3424 655 3468 et
676 3410 833 3484 respective
852 3406 1021 3463 communia
1034 3404 1180 3484 obeunda,

102 3489 170 3554 sicut
180 3482 399 3551 praedicationis
411 3497 461 3540 aut
474 3482 666 3540 confessionis
680 3484 725 3537 vel
740 3481 830 3537 etiam
842 3478 1007 3557 ineptitudo
1021 3476 1058 3557 ad
1072 3473 1182 3557 obliga-

102 3555 188 3627 tiones
199 3553 309 3631 proprii
322 3568 413 3611 status
433 3556 645 3625 adimplendas,
661 3554 720 3610 sive
733 3553 763 3607 id
777 3550 889 3607 oriatur
902 3566 936 3604 ex
950 3566 1040 3629 animi
1056 3547 1179 3627 levitate,

102 3616 147 3694 vel
154 3621 246 3698 iudicii
255 3624 380 3696 defectu,
396 3627 481 3684 itaut
494 3628 532 3683 ob
543 3624 714 3682 huiusmodi
723 3640 825 3679 causas
835 3639 852 3676 a
862 3620 1069 3691 Superioribus
1078 3634 1181 3699 imme·

105 3686 181 3767 diens
200 3697 363 3770 recognitas
375 3711 403 3754 et
414 3714 470 3772 pro
483 3711 562 3755 certo
576 3696 744 3764 affirmatas,
759 3694 1056 3773 professusvororum
1071 3689 1182 3769 sinipl13

105 3774 177 3816 cium
195 3767 290 3837 potius
305 3769 388 3825 oneri
405 3781 434 3825 et
452 3767 664 3844 perturbationi
684 3785 775 3840 quam
797 3764 915 3820 utilitati
935 3775 963 3818 et
986 3759 1181 3841 aedificationi

107 3827 210 3893 futurus
227 3852 301 3897 esset
319 3841 454 3914 propriae
468 3840 531 3897 Reli
553 3840 614 3896 ioni
638 3839 766 3909 (exclusa
790 3850 905 3916 semper
927 3832 1096 3915 infirmitate
1116 3842 1183 3904 post

107 3905 305 3973 professionem
317 3925 502 3986 superventa,
516 3858 555 3968 ob
565 3928 655 3985 quam
667 3909 815 3983 professus
829 3908 936 3962 dimitti
952 3904 1084 3976 nequitll

141 4103 238 4157 1Νοῦν.
257 4110 326 4168 Rav.
345 4100 454 4157 Turni.
472 4114 495 4158 t.
511 4125 537 4158 21
554 4108 640 4166 (1889),
659 4119 687 4166 p.
704 4110 756 4164 245,
768 4119 801 4154 ex
812 4107 890 4155 Aera
901 4104 1021 4153 Orontis
1032 4101 1183 4157 Minoauiu,

111 4181 239 4289 apistpp
251 4244 320 4291 Rev.
331 4244 435 4290 anaor.
448 4245 467 4289 t.
486 4248 515 4290 26
524 4243 610 4301 (1894),
622 4253 650 4302 p,
663 4247 714 4297 167.
735 4237 868 4287 Mendose
879 4236 908 4287 in
919 4239 983 4285 voto
1000 4235 1033 4283 P.
1053 4230 1183 4283 Palmieri

114 4304 227 4361 apposita
241 4315 280 4358 est
290 4308 349 4358 dies
360 4314 387 4356 15
397 4304 562 4367 septembris
574 4311 638 4363 1875.
