2959 4900
324 284 364 347 64
778 309 959 345 uouuunurii

260 478 267 492 ·
324 498 330 510 ,
359 444 467 499 Utrum
483 444 613 500 Director
624 444 716 500 Tertii
731 443 852 499 Ordinis
876 442 921 498 vel
943 443 1086 500 Sacerdos
1100 441 1238 498 facultate
1251 441 1393 515 praeditus,

322 515 372 586 qui
384 515 535 571 Tertiariis
548 515 745 571 saecularibus
767 514 950 587 congregatis
973 513 1215 572 Benedictionem
1228 531 1297 569 cum
1314 514 1395 568 Indul-

321 585 418 657 gentia
441 585 582 659 plenaria,
605 586 647 643 sic
668 587 777 643 dictam
800 586 1017 643 absolutionem
1078 586 1209 642 tieralem
1232 584 1393 659 impertitur,

321 657 364 712 uti
376 658 480 714 debeat
491 658 566 715 stola
579 657 687 714 coloris
701 658 770 726 diei,
786 658 831 715 vel
846 658 915 726 albi,
932 658 977 715 vel
992 659 1040 715 vio
1052 656 1133 713 aceil

357 740 395 796 Et
407 740 494 797 Sacra
510 740 633 797 Rituum
652 741 861 814 Congregatio,
882 742 919 796 ad
939 742 1114 798 relationem
1137 738 1294 811 subscripti
1313 739 1395 794 Secre-

319 811 396 881 tatii,
411 813 514 868 audito
532 811 621 869 etiam
639 825 708 869 voto
728 812 953 869 Commissionis
975 811 1151 885 Liturgicae,
1171 810 1395 886 respondendum

319 882 450 940 censuit:
470 884 580 940 Utatur
591 883 669 940 stola
684 884 796 940 coloris
809 884 946 940 violacei.

353 967 451 1040 Atque
463 967 505 1023 ita
517 967 676 1041 rescripsit,
690 967 737 1024 die
753 987 786 1023 aa
800 967 964 1025 decembris
981 967 1059 1040 1905.

895 1053 938 1108 ¹A.
953 1051 1039 1107 Card.
1049 1051 1184 1120 Tnirari,
1198 1050 1366 1119 Pro-Praes.

765 1136 806 1192 D.
821 1135 941 1205 Paniai,
959 1136 1102 1209 Archiep.
1117 1134 1283 1193 Laodicen.
1297 1136 1391 1191 Serrei.

574 1407 671 1495 109.
693 1460 734 1469 -
757 1421 793 1493 s.
818 1422 962 1493 coiea.
987 1422 1152 1493 conciti

617 1577 842 1634 DECRETUM
860 1579 903 1632 22
919 1578 1009 1633 BHG.
1029 1578 1111 1633 1905

584 1716 638 1772 De
669 1717 951 1774 Seminariorum
983 1717 1137 1774 alumnis

128 1870 265 1941 ‘Tri'dmit-
353 1863 453 1920 Vetuit
473 1864 503 1920 S.
527 1864 699 1921 Tridentina
713 1866 852 1937 Synodus
876 1866 912 1921 ad
935 1882 1032 1921 sacros
1051 1864 1169 1921 ordines
1182 1865 1344 1931 ascendere,
1357 1861 1391 1919 iel

105 1935 244 1977 arveniam.
319 1935 437 1991 ordines
463 1934 522 1990 iam
546 1949 696 2009 susceptos
720 1953 854 1994 exercere
880 1954 930 1993 eos
953 1954 1057 1993 omnes
1081 1936 1131 2009 qui
1150 1954 1168 1991 a
1186 1952 1240 1992 suo
1264 1935 1391 2007 Episcopo

318 2006 428 2062 fuerint
450 2007 537 2062 etiam
564 2008 820 2081 extraiudicialiter
840 2008 990 2082 prohibiti.
1017 2009 1061 2063 lta
1084 2024 1214 2079 namque
1236 2008 1267 2061 in
1289 2024 1350 2081 cap.
1372 2004 1390 2071 I,
1447 2022 1448 2077 ,

318 2094 389 2134 sess.
405 2094 450 2148 14,
466 2078 503 2134 de
515 2080 639 2148 reform.
653 2079 793 2136 statuitur
808 2101 815 2136 ε
1447 2080 1448 2105 l

355 2181 371 2211 ι(
395 2161 470 2216 Cum
495 2162 646 2218 honestius
671 2180 705 2218 ac
729 2163 821 2219 tutius
847 2163 883 2218 sit
909 2163 1050 2230 subiecto,
1076 2161 1204 2218 debitam
1233 2157 1391 2234 Praepositis

319 2232 536 2288 oboedientiam
552 2234 760 2306 impendendo
776 2234 806 2289 iri
819 2234 957 2292 inferiore
971 2234 1134 2290 ministerio
1147 2234 1302 2297 deservire,
1316 2247 1392 2304 quani

319 2320 387 2358 cum
404 2304 643 2377 Praepositorum
656 2305 795 2361 scandalo
814 2306 960 2377 graduum
973 2306 1112 2360 altiorum
1130 2315 1266 2377 appetere
1286 2302 1391 2376 dignita·

318 2388 398 2441 iem;
423 2374 459 2444 ei,
473 2376 520 2430 cui
544 2392 682 2432 ascensus
695 2376 732 2432 ad
755 2393 852 2432 sacros
871 2377 988 2433 ordines
1010 2394 1027 2431 a
1050 2394 1104 2432 suo
1130 2376 1275 2445 Praelato,
1290 2392 1323 2431 ex
1335 2389 1392 2443 qua-

319 2463 446 2518 cumque
465 2463 562 2515 causa‚
588 2447 675 2504 etiam
698 2449 737 2504 ob
760 2449 911 2504 occultum
930 2448 1050 2517 crimen,
1067 2447 1302 2522 quomodolibet,
1317 2460 1392 2502 etim

319 2517 584 2588 eiit'raiudicialiter‚
608 2518 694 2575 fuerit
716 2520 896 2588 interdictus,
922 2535 972 2576 aut
994 2521 1045 2592 qui
1070 2520 1160 2575 asuis
1174 2520 1337 2586 ordinibus,
1352 2533 1392 2571 seu

319 2588 455 2660 gradibus
467 2593 512 2646 vel
525 2590 715 2662 dignitatibus
727 2590 927 2647 ecclesiasticis
940 2590 1026 2647 suerit
1047 2607 1215 2672 suspensus,
1236 2592 1318 2646 nulla
1336 2604 1392 2663 c0n3
1446 2611 1447 2658 p

318 2673 363 2713 tra
387 2660 476 2733 ipsius
498 2661 622 2716 Praelati
641 2663 825 2718 voluntatem
849 2678 986 2718 concessa
1008 2662 1126 2718 licentia
1140 2663 1176 2717 de
1190 2677 1220 2716 se
1240 2675 1393 2735 promoveri

319 2729 462 2802 faciendo,
478 2744 529 2786 aut
541 2734 577 2787 ad
590 2732 701 2806 priores
716 2733 843 2802 ordines,
865 2735 971 2807 gradus
983 2746 1011 2789 et
1023 2734 1177 2806 dignitates
1192 2732 1252 2790 sive
1266 2735 1392 2795 honores

319 2802 463 2860 restitutio
478 2801 653 2876 suffragetur
667 2826 693 2861 u.

132 2896 247 2945 Alamos
356 2886 432 2942 Cum
452 2903 520 2942 vero
546 2887 688 2960 generalis
706 2887 780 2942 haec
802 2887 847 2944 lex
872 2887 1106 2944 Seminariorum
1133 2883 1253 2962 quoque
1272 2887 1393 2943 alumnos

104 2969 189 3023 quoqu
226 2953 263 2999 di·
319 2957 557 3029 comprehendat,
579 2957 603 3013 si
624 2959 690 3032 quis
711 2976 825 3031 eorum,
850 2959 909 3015 sive
929 2959 1061 3027 clericus,
1075 2959 1134 3016 sive
1148 2959 1298 3016 clericatui
1310 2957 1393 3013 adhuc

103 3024 188 3117 mffiffi
215 3025 264 3057 ω·
318 3048 379 3086 non
392 3029 535 3099 initiatus,
549 3046 565 3085 e
579 3030 628 3102 pio
643 3030 708 3087 loco
722 3029 885 3086 dimittatur
899 3048 934 3086 eo
954 3031 1034 3104 quod
1053 3045 1130 3086 certa
1148 3029 1309 3088 vocationis
1323 3028 1393 3107 signa

101 3076 118 3129 Ρ
164 3108 169 3116 ·
319 3119 380 3157 non
392 3101 537 3171 praebeat,
554 3113 605 3156 aut
616 3101 806 3174 qualitatibus
827 3103 863 3156 ad
886 3101 1114 3158 ecclesiasticum
1128 3114 1237 3158 statum
1260 3101 1393 3176 requisitis
1445 3147 1446 3158 .

319 3189 379 3228 non
394 3172 525 3227 videatur
537 3172 704 3239 instructus,
719 3173 767 3228 hic
785 3187 862 3228 certe
883 3174 1009 3241 deberet,
1030 3175 1111 3229 iuxta
1129 3192 1216 3246 grave
1236 3176 1266 3230 S.
1281 3169 1393 3228 Concilii

319 3243 474 3312 monitum,
491 3242 536 3297 sui
552 3244 680 3299 Pastoris
694 3243 805 3299 iudicio
820 3246 937 3301 subesse
950 3257 979 3300 et
991 3247 1184 3318 acquiescere.

35 3379 37 3386 ,
131 3355 171 3401 H,-
201 3357 266 3413 saepi
354 3327 392 3379 At
413 3337 516 3380 contra
536 3342 621 3397 saepe
644 3327 789 3398 contingit
807 3341 839 3382 ut
863 3344 879 3382 e
901 3328 1065 3383 Seminario
1084 3329 1205 3397 dimissi,
1230 3343 1332 3384 eorum
1350 3320 1391 3394 qui

35 3452 37 3465 ,
105 3411 167 3459 laud
207 3415 266 3458 reete
318 3410 456 3470 praesunt
470 3397 613 3476 iudicium
627 3398 868 3478 parvipendentes
882 3413 910 3454 et
919 3400 950 3454 in
960 3417 1013 3456 sua
1026 3400 1122 3472 potius
1134 3399 1277 3473 opinione
1289 3393 1391 3456 confisi,

104 3469 237 3517 ordinatio·
319 3470 355 3523 ad
368 3468 564 3523 sacerdotium
578 3468 773 3525 nihilominus
788 3473 942 3526 ascendere
957 3471 1100 3526 studeant.
1118 3471 1294 3540 Quaeritant
1306 3470 1392 3538 itaque

36 3576 37 3583 .
104 3542 154 3576 Μ
172 3540 236 3574 ‘¹⁸⁵⁶‘
317 3539 398 3595 aliud
423 3540 630 3606 Seminarium,
655 3540 686 3593 iri
712 3541 793 3612 quod
818 3542 1004 3613 recipiantur,
1026 3543 1078 3599 ubi
1103 3543 1267 3598 studiorum
1285 3551 1392 3597 cursum

105 3590 213 3644 quantur,
318 3610 462 3683 expleant,
477 3628 511 3666 ac
522 3611 649 3691 denique
658 3611 761 3685 aliquo
773 3611 901 3668 exhibito
914 3615 980 3684 plus
993 3614 1125 3670 minusve
1138 3613 1252 3670 sincero
1266 3632 1299 3669 ac
1312 3607 1392 3682 legiti·
1444 3659 1445 3664 ,

318 3700 368 3738 mo
383 3681 523 3738 domicilii
538 3694 590 3738 aut
600 3682 841 3739 incardinationis
854 3684 952 3750 titulo,
966 3685 1184 3742 ordinationem
1196 3697 1390 3758 assequuntur.
1444 3691 1445 3718 ³

319 3754 522 3809 Sanctuarium
540 3768 639 3810 autem
652 3754 774 3826 ingressi
787 3755 867 3810 haud
879 3769 957 3812 recta
968 3755 1023 3824 via,
1041 3773 1130 3829 quam
1144 3756 1311 3829 saepissime
1325 3753 1355 3808 fit
1365 3761 1392 3805 ut

132 3837 265 3896 vexantque
320 3825 464 3882 Ecclesiae
476 3825 594 3881 utilitati
607 3826 728 3881 minime
738 3826 805 3882 sirit.
823 3828 935 3883 Passim
947 3844 1017 3883 vero
1030 3825 1188 3900 utrumque
1202 3827 1390 3885 Ordinariumi

106 3895 262 3943 Oratianis.
318 3911 346 3952 et
357 3897 479 3968 originis
497 3909 526 3952 et
539 3897 743 3966 ordinationis,
766 3897 816 3952 diu
836 3897 1040 3971 fastidioseque
1057 3912 1164 3954 vexant
1188 3911 1221 3954 ut
1246 3900 1300 3955 sibi
1318 3897 1391 3953 liceat

318 3968 354 4022 ad
369 3968 465 4023 natale
479 3969 576 4024 solum
590 3968 712 4040 regredi,
728 3968 830 4041 ibique
848 3970 1016 4038 consistere,
1038 3971 1163 4026 dioecesi
1185 3970 1215 4024 in
1235 3989 1294 4042 qua
1307 3983 1333 4025 et
1345 3981 1390 4038 pro

318 4055 376 4110 qua
396 4039 521 4093 ordinati
540 4052 608 4094 sunt
625 4040 770 4106 derelicta,
797 4053 825 4096 et
843 4040 901 4097 alia
921 4055 1031 4116 optata,
1052 4059 1105 4115 pro
1128 4041 1211 4097 cuius
1234 4039 1389 4115 necessitate
1443 4051 1444 4114 ᾗ

318 4120 368 4163 aut
392 4110 515 4165 utiliiate
530 4110 650 4166 minime
669 4112 813 4184 assumpti
827 4127 904 4185 sunt,
925 4113 976 4170 ubi
1000 4113 1093 4169 immo
1115 4130 1221 4169 eorum
1243 4120 1388 4185 praesentia
1443 4117 1444 4170 ξ

317 4179 412 4235 otiosa
423 4193 466 4236 est
477 4194 506 4236 et
517 4184 696 4254 quandoque
709 4183 798 4239 etiam
812 4183 954 4242 damnosa
969 4206 976 4240 :
996 4185 1076 4240 unde
1097 4183 1233 4259 Episcopi
1253 4184 1282 4239 iii
1301 4193 1386 4256 graves
1443 4191 1444 4222 1

317 4252 466 4321 angustias
480 4252 674 4310 coniciuntur.
1443 4255 1444 4332 ᾗ
