2959 4900
437 818 1281 972 SUPPLEMENTA

496 1257 973 1342 SUPPLEMENTUM
1009 1260 1224 1342 NONUM

318 1464 555 1531 CANOIIchE
587 1463 839 1529 soncrlouos
870 1465 923 1528 Dii
957 1463 1165 1528 russillon
1198 1457 1385 1526 ONERIBUS

456 1569 460 1578 ’
674 1564 784 1630 APUD
808 1563 1043 1630 ooololosos

623 1761 818 1810 nnrrcuros
841 1763 864 1810 1.
890 1744 1090 1814 introductio

359 1907 603 1993 quaestionis
618 1906 895 1991 opportunitas.
913 1941 945 1953 -
966 1905 1051 1971 Non
1065 1903 1176 1971 levem
1205 1923 1224 1970 a
1241 1901 1386 1986 pluribus

317 1991 463 2060 saeculis
489 1989 649 2058 adhibuit
664 2011 785 2057 curam
812 2003 915 2078 atque
931 1991 1146 2082 diligentiam
1164 1991 1200 2060 S.
1234 1989 1338 2060 Sedes
1352 1989 1384 2058 ad

316 2079 525 2150 coercendos
553 2100 733 2168 perversos
760 2100 845 2146 usus
872 2081 1090 2150 et.scandaia
1118 2080 1248 2170 quibus
1271 2096 1385 2149 temere

315 2185 472 2259 suscepta
488 2182 547 2236 aut
558 2168 649 2236 maie
666 2168 852 2258 adimpleta
872 2168 1057 2238 missarum
1075 2191 1193 2258 onera,
1211 2191 1251 2238 ex
1267 2169 1385 2258 cupidi·

314 2275 395 2346 tate,
429 2257 572 2339 desidia,
607 2272 640 2325 et
670 2257 806 2325 levitate
838 2258 1038 2348 hominum,
1068 2259 1202 2328 facilem
1236 2261 1385 2349 praebent

315 2347 546 2432 occasionem,
579 2348 781 2434 praesertim
805 2367 886 2414 cum
910 2369 971 2436 per
995 2349 1146 2438 speciem
1179 2348 1315 2438 pietatis
1341 2346 1386 2416 vei

315 2436 514 2506 communis
529 2436 684 2505 utilitatis
695 2452 886 2525 ⁴suspectae
902 2453 990 2507 artes
1006 2445 1074 2507 lere
1091 2438 1264 2507 honestari
1281 2437 1385 2507 viden·

315 2545 382 2596 tur.
400 2527 531 2612 Quare,
546 2542 618 2593 tarn
634 2527 799 2615 peculiari
819 2526 1081 2616 Religiosorum
1093 2528 1180 2613 iure,
1200 2549 1305 2616 quam
1321 2526 1386 2595 uni·

315 2615 510 2684 versalroris
523 2615 608 2704 Iegis
621 2616 786 2701 articulis,
798 2618 896 2703 plura
913 2634 995 2684 sunt
1005 2618 1193 2707 Religiosis
1205 2634 1385 2704 eorumque

317 2704 567 2795 Superioribus
612 2706 833 2793 praescripta,
877 2726 966 2793 quae
1012 2708 1216 2795 nuperrimo
1262 2707 1386 2775 decreto
1446 2755 1447 2781 t

319 2797 368 2863 Ut
395 2794 504 2862 debita
532 2793 658 2882 partim
685 2809 766 2861 sunt
783 2792 998 2883 confirmata,
1028 2796 1155 2885 partim
1171 2795 1337 2864 declarata
1361 2805 1387 2859 et

315 2885 426 2973 magis
453 2897 609 2951 accurate
632 2882 784 2949 definita.
805 2881 991 2969 Quocirca,
1016 2906 1060 2951 ne
1084 2886 1183 2972 plura
1207 2884 1282 2953 iura
1309 2902 1386 2974 quae

315 2993 395 3041 sunt
419 2971 661 3040 concordanda
692 2972 845 3061 cuipiam
873 2976 1052 3061 negotium
1084 2973 1263 3054 facessant,
1297 2992 1328 3042 et
1355 2984 1387 3038 ut

315 3064 487 3151 quaedam
503 3062 573 3129 iarn
600 3075 680 3128 nata
695 3064 749 3128 vel
766 3063 880 3128 lutura
896 3062 1002 3129 dubia
1019 3084 1082 3151 pro
1110 3062 1304 3131 humilibus
1320 3060 1386 3129 viri·

315 3153 381 3219 bus
398 3152 529 3219 solvere
557 3150 745 3238 possimus
764 3150 878 3217 visum
894 3168 945 3218 est
968 3152 1010 3218 ad
1035 3151 1276 3241 religiosorum
1292 3168 1385 3219 usum

315 3262 353 3308 ac
370 3239 654 3308 commoditatem
670 3260 743 3306 uno
759 3238 858 3326 quasi
875 3256 1063 3329 conspectu
1081 3262 1277 3330 proponere
1293 3259 1385 3331 quae,

315 3351 355 3397 ex
371 3328 531 3419 prudenti
556 3328 729 3396 variarum
754 3329 872 3417 legum
900 3330 1097 3418 collatione,
1116 3330 1200 3420 ipsis
1224 3332 1261 3398 in
1277 3331 1337 3398 hac
1355 3346 1386 3394 re

315 3433 397 3487 sunt
413 3420 465 3485 vel
482 3417 686 3506 praestanda
703 3419 755 3485 vel
769 3418 918 3486 vitanda.

357 3522 600 3588 Obseruantia
615 3522 770 3589 decreta
785 3536 865 3587 sunt
885 3546 892 3587 :

364 3645 391 3689 1.
427 3620 582 3689 Celebris
622 3619 834 3691 Constitutio
869 3625 996 3715 Nuper
1031 3647 1051 3692 α
1094 3624 1383 3714 Congregotione‚

316 3711 356 3778 23
373 3709 566 3778 decembris
587 3710 668 3799 1697
697 3712 739 3778 ab
760 3712 966 3781 Innocentio
982 3715 1055 3782 XII
1074 3716 1177 3802 edita,
1206 3735 1276 3803 qua
1292 3714 1384 3781 etiam

314 3803 449 3867 decreta
481 3798 517 3866 S.
553 3797 842 3889 Congregationis
875 3803 1037 3892 Concilii,
1071 3804 1211 3871 iubente
1249 3804 1384 3871 Urbano

314 3889 423 3977 VIII,
440 3908 479 3955 21
501 3888 574 3955 iun.
599 3889 680 3955 1625
693 3896 773 3979 iata,
791 3891 828 3959 in
844 3892 1002 3981 specifica
1018 3895 1129 3961 forma
1145 3892 1385 3962 confirmantur

315 3995 347 4046 et
364 3990 572 4047 renovantur
590 3986 612 4043 ¹.

342 4200 349 4233 ¹
366 4196 532 4247 Constitutio
548 4196 666 4246 habetur
684 4195 754 4246 inter
771 4204 864 4249 nostra
881 4202 1043 4260 Monumenta
1062 4202 1105 4252 ed.
1118 4221 1141 4259 2,
1158 4216 1185 4252 n.
1199 4199 1266 4257 206,
1283 4216 1310 4262 p.
1329 4201 1380 4254 575:

317 4278 431 4325 eamque
439 4264 581 4314 afferemus
589 4265 702 4313 servatis
712 4266 859 4315 numericis
871 4268 1053 4318 divisionibus
1062 4283 1130 4337 quas
1142 4268 1180 4319 ibi
1192 4266 1380 4329 proposuimus.
