2959 4900
63 331 125 409 [75]
157 354 180 389 s.
198 354 328 390 ostiarii
343 355 408 391 nec.
427 354 507 390 iixrii.
525 356 703 393 incurreras
718 358 763 394 rit.
781 358 843 394 iniit.
860 360 890 395 in
905 360 992 394 AMER.
1010 360 1073 395 mr.
1109 334 1149 398 13

64 486 183 557 gratiam
196 485 330 542 fidelium
344 485 405 559 qui,
421 502 521 541 coram
533 486 714 560 ipsa·Cruce,
728 488 760 544 in
773 488 819 545 die
838 488 1000 558 erectionis,
1015 488 1046 544 in
1059 488 1149 545 Anni-

63 557 187 613 versario
218 569 269 612 aut
303 556 458 613 Dominica
483 558 616 628 proxime
643 559 818 632 insequenti,
848 560 966 633 insuper
996 560 1027 615 in
1051 560 1149 615 'Festis

66 629 244 685 Inventionis
259 642 287 684 et
300 628 494 684 Exaltationis
507 628 638 686 eiusdem
652 632 753 687 Crucis
765 632 810 688 vel
828 631 982 687 Dominica
994 631 1149 702 respective

62 699 235 772 insequenti,
264 700 345 755 iuxta
370 712 525 755 consuetas
549 700 727 758 intentiones
753 704 922 773 oraverint,
936 714 965 759 et
989 702 1150 759 Ecclesiam

64 772 266 827 Parochialern
284 772 341 826 loci
359 772 411 826 ubi
424 772 504 826 Crux
517 785 612 827 erecta
631 786 675 829 est
692 776 796 830 devote
807 773 1003 842 visitaverint;
1024 790 1059 829 ac
1070 772 1151 829 deni·

60 859 118 968 que
145 859 215 897 cum
235 842 421 915 Indulgentia
445 842 559 915 partiali
578 855 777 901 tercentorum
798 845 912 901 dierum
937 844 967 900 in
991 845 1150 901 eorundem

82 913 193 969 delium
211 913 320 978 favore,
341 914 475 1039 quiante
493 913 652 984 praefatam
671 918 797 972 Crucem
818 917 922 997 septies
935 916 1148 972 Salutationem

59 984 241 1056 Angelicam‚
250 985 295 1040 vel
305 984 336 1040 in
367 1000 491 1040 onorem
502 984 666 1041 Vulnerum
678 988 798 1043 Domini
809 986 966 1069 quinquies
978 987 1150 1044 Orationem

59 1056 249 1113 Dominicam
264 1068 292 1111 et
304 1056 511 1112 salutationem
522 1056 695 1129 Angelicam
708 1058 755 1132 pie
772 1059 964 1129 recitaverint,
980 1075 1034 1134 pro
1049 1058 1150 1115 defim-

60 1126 111 1182 ctis
124 1127 196 1183 item
211 1126 387 1201 applicabili

94 1213 133 1265 ll.
157 1212 198 1267 Ut
210 1210 322 1278 fideles,
337 1210 389 1283 qui
407 1222 451 1266 ter
469 1211 572 1266 saltem
591 1211 789 1269 Contionibus
804 1212 979 1269 Missionum
998 1213 1034 1268 ab
1047 1211 1149 1267 iisdem

58 1282 201 1353 religiosis
214 1281 416 1337 habendarum
429 1282 622 1350 interfuerint,
634 1296 662 1339 et
671 1301 738 1340 vere
748 1284 929 1356 paenitentes
941 1295 970 1339 et
978 1282 1102 1339 confessi
1116 1299 1150 1338 ac

59 1353 146 1408 Sacra
160 1352 381 1409 Communione
394 1352 492 1409 refecti
505 1353 704 1425 parochialem
717 1356 774 1410 loci
789 1356 959 1421 Ecclesiam,
975 1355 1026 1411 ubi
1048 1353 1150 1409 Missio

58 1424 157 1479 habita
181 1436 234 1494 est,
255 1425 358 1479 devote
377 1423 566 1496 visitaverint,
586 1425 687 1499 ibique
704 1426 785 1482 iuxta
804 1438 958 1483 consuetas
976 1424 1151 1482 intentiones

58 1495 216 1565 oraverint,
239 1495 406 1550 Plenariam
420 1495 637 1568 Indulgentiam
651 1513 705 1569 pro
720 1497 864 1553 defunctis
876 1496 983 1571 pariter
995 1497 1149 1552 valituram

57 1567 174 1640 assequi
190 1566 323 1639 possint;
338 1584 428 1638 quam
442 1566 563 1639 quidem
581 1568 734 1635 extraneis,
751 1568 863 1625 etiamsi
876 1568 955 1633 alibi,
969 1567 1000 1622 id
1010 1580 1052 1623 est
1071 1579 1151 1623 extra

60 1638 230 1695 Paroeciam
244 1639 346 1709 inqua
361 1637 463 1694 Missio
476 1638 609 1709 habetur,
625 1640 873 1697 Sacramentalem
888 1639 1109 1695 Confessionem
1122 1650 1151 1693 et

59 1710 310 1765 Communionem
342 1721 490 1781 peragant,
519 1710 596 1766 intra
622 1711 792 1783 quindecim
824 1712 885 1767 dies
914 1722 981 1783 post
1006 1710 1150 1785 expletam

62 1780 238 1837 Missionem
252 1781 338 1836 liceat
351 1780 522 1853 promereri.

95 1866 151 1919 lll.
174 1865 216 1919 Ut
235 1863 323 1918 iidem
343 1863 513 1919 Sacerdotes
532 1863 652 1920 Ordinis
672 1865 826 1921 Minorum
845 1875 905 1919 tam
924 1864 1040 1938 publice
1061 1880 1151 1935 quam

59 1935 196 2007 privatim
215 1934 386 1991 benedicere
404 1934 512 1990 Cruces
531 1949 559 1991 et
578 1937 710 1992 Coronas
729 1954 763 1992 ac
792 1936 978 1991 Numismata
998 1946 1151 2006 ceteraque

60 2007 124 2078 piae
154 2005 320 2062 devotionis
348 2005 471 2073 obiecta,
499 2006 593 2079 iisque
623 2009 808 2081 Apostolicas
839 2008 970 2079 aliasque
1001 2008 1037 2062 de
1068 2021 1151 2061 more

62 2077 263 2151 Indulgentias
276 2076 422 2151 applicare
435 2077 559 2133 valeant.
721 2086 724 2089 ’

95 2163 147 2217 IV.
179 2162 221 2217 Ut
248 2159 359 2216 laudati
390 2160 528 2231 Religiosi
557 2161 795 2218 Benedictionem
821 2162 1022 2237 Apostolicam
1040 2159 1070 2214 in
1093 2158 1151 2213 fine

61 2234 244 2288 Contionum
273 2234 385 2304 possint
412 2232 503 2287 Fideli
528 2234 641 2305 populo
663 2234 823 2306 impertire,
850 2251 974 2307 eamque
1000 2232 1054 2287 sibi
1080 2230 1151 2285 dum

61 2304 235 2378 impertiunt
248 2302 364 2357 lucrari.

93 2389 131 2443 V.
146 2388 190 2443 Ut
208 2385 336 2458 denique
355 2384 409 2459 ipsi
430 2387 553 2455 Fratres,
568 2387 740 2444 benedicere
759 2388 847 2444 etiam
860 2388 914 2443 sub
928 2388 1015 2444 unica
1029 2384 1152 2443 formula

61 2471 202 2534 quattuor
216 2458 386 2530 Scapularia
404 2475 520 2514 necnon
535 2470 630 2515 cetera
648 2461 761 2533 possint
783 2477 816 2517 ac
838 2460 974 2516 fidelibus
991 2459 1150 2533 imponere,

62 2548 171 2604 eosque
193 2530 224 2584 iii
251 2529 441 2601 respectivam
463 2528 735 2587 Confraternitatem
760 2549 925 2604 aggregare,
953 2531 1152 2604 quineorum

62 2603 185 2658 nomina
208 2601 240 2656 in
262 2603 387 2672 Regesto
411 2601 629 2658 describantur:
652 2602 727 2659 facta
752 2603 870 2675 insuper
893 2602 995 2658 iisdem
1017 2600 1152 2657 fidelibus

60 2687 202 2744 potestate
228 2672 397 2753 Scapularia
428 2672 482 2727 sibi
509 2673 691 2744 imponendi,
721 2675 794 2729 dum
830 2674 971 2730 Sacerdos
999 2684 1152 2734 consuetas

60 2762 159 2815 preces
170 2744 322 2816 persolvit3
338 2743 426 2816 idque
440 2743 538 2814 magni
552 2760 713 2801 concursus
726 2759 868 2818 tempore,
883 2745 926 2800 uti
942 2743 1152 2800 Exercitiorum

61 2833 94 2870 ac
109 2816 289 2871 Missionum
302 2831 418 2870 necnon
431 2813 616 2870 functionum
630 2817 914 2898 praecipuarumqiie
926 2816 995 2871 anni
1005 2812 1152 2880 sollemni-

1231 1232 1271 1280 ΙΙ.
1281 1233 1296 1279 I
1296 1232 1364 1279 ndul-

1202 1292 1294 1347 gentiae
1300 1294 1345 1349 pro

1198 1346 1350 1409 frequentare

1206 1406 1266 1451 titus
1276 1420 1331 1453 con·

1206 1464 1287 1511 tiones.

1235 1870 1249 1916 I
1251 1869 1266 1915 I
1267 1869 1282 1915 I
1282 1904 1290 1916 .
1302 1869 1354 1916 Fa-

1205 1926 1299 1974 cultates
1310 1931 1352 1985 ap·

1202 1983 1310 2089 {litandi
1320 1998 1353 2031 re·

1159 2074 1162 2083 ·
1220 2058 1246 2089 us
1258 2041 1335 2089 indui-

1204 2102 1295 2159 gmtias
1309 2107 1365 2163 apo·

1204 2158 1308 2206 stolicas.

1230 2240 1245 2286 Ι
1250 2240 1278 2286 V.
1292 2241 1365 2287 Bene-

1205 2296 1278 2345 dictio
1288 2300 1307 2343 A
1308 2302 1348 2358 po·

1205 2356 1297 2403 italica.
1361 2394 1363 2398 .

1239 2437 1272 2484 V:
1281 2436 1366 2497 Scopu-

1204 2495 1322 2541 lariorum

1206 2555 1333 2612 impositio.

61 2898 165 2955 tatum,
180 2904 250 2942 cum
263 2886 293 2940 in
306 2885 386 2941 hisce
399 2885 513 2940 casibus
527 2886 660 2943 absolute
673 2888 853 2961 impossibile
868 2899 913 2955 sit,
930 2887 988 2943 sive
1004 2888 1043 2942 ob
1056 2884 1153 2941 defici·
1231 2949 1233 2952 Ι

62 2959 171 3014 entiam
197 2957 390 3013 sacerdotum
415 2970 487 3012 tunc
513 2958 664 3014 audiendis
689 2959 920 3015 confessionibus
944 2957 1164 3029 laboribusque.

64 3029 127 3084 aliis
137 3029 343 3107 intentorum,
365 3027 424 3083 sive
437 3029 476 3083 ob
490 3027 617 3100 reliquas
636 3030 744 3103 passim
758 3041 943 3086 occurrentes
957 3027 1150 3096 difficultates,

63 3113 90 3154 et
101 3100 221 3225 iteratisl
232 3098 368 3154 fidelium
385 3098 461 3154 votis
481 3114 643 3169 occurrere,
657 3114 745 3174 atque
763 3101 908 3157 iniunctas
921 3101 1009 3156 simul
1023 3099 1152 3155 formali-

63 3182 134 3227 tates
147 3189 209 3246 imp
223 3187 282 3226 ere.

99 3257 161 3310 Has
173 3271 264 3328 porro
279 3253 430 3310 facultates
442 3252 625 3311 humillimus
640 3255 748 3310 Orator
761 3273 797 3311 eo
812 3254 950 3310 fidentius
965 3273 982 3310 a
996 3253 1152 3310 Sanctitate

64 3326 128 3380 Tua
150 3343 179 3383 se
197 3337 404 3381 assecuturum
425 3327 556 3395 confidit,
580 3327 660 3399 quod
682 3339 710 3382 et
732 3327 789 3384 illis
806 3326 865 3381 iam
884 3326 932 3381 alii
951 3326 1076 3381 Ordines
1101 3341 1152 3381 seu

65 3397 316 3470 Congregationes
327 3397 485 3468 Regulares
497 3412 647 3465 ornentur,
658 3415 692 3453 ac
703 3414 756 3472 per
768 3415 815 3454 eas
825 3397 1068 3452 abundantiorem
1078 3395 1153 3452 inter

64 3467 165 3524 fideles
176 3468 306 3542 populos
321 3466 448 3523 fructum
467 3486 483 3525 e
497 3486 579 3526 sacro
598 3469 768 3542 praesertim
789 3468 879 3524 divini
893 3469 973 3525 verbi
991 3467 1152 3524 ministerio

63 3556 114 3616 per
128 3540 244 3595 Fratres
259 3538 391 3595 Minores
405 3543 565 3597 exercendo
578 3557 643 3613 spes
657 3540 767 3612 fulgeat
779 3539 918 3597 obtinere.
1093 3541 1096 3546 ’

97 3625 137 3678 Et
153 3625 241 3692 OeuS,
257 3635 312 3680 etc.

97 3709 145 3762 Ex
157 3709 234 3763 Aud,
249 3705 333 3762 SSmi.
351 3706 404 3762 Die
420 3709 452 3762 23
466 3708 535 3764 maii
552 3709 631 3782 1905.

97 3791 190 3846 8va
219 3792 286 3846 Dmu
310 3791 419 3845 Noster
442 3791 520 3859 Pius,
543 3793 640 3848 divina
656 3790 842 3847 Providentia
869 3794 947 3864 Papa
956 3792 992 3860 X,
1011 3790 1153 3846 referente

63 3878 110 3917 me
123 3860 309 3933 infrascripto
326 3862 357 3916 S.
374 3862 616 3935 congregationis
631 3862 762 3934 Negotiis
777 3862 984 3919 Ecclesiasticis
997 3859 1152 3919 extraordi-

63 3932 155 3987 nariis
167 3933 350 4006 praepositae
370 3934 596 4001 Subsecretario,
617 3934 778 4006 praedictas
801 3935 1008 4014 Indulgentias.
1019 3947 1047 3988 et
1065 3931 1153 3987 facul·

64 4016 138 4059 tates
151 4004 277 4076 benigne
290 4005 449 4060 concedere
461 4005 595 4078 dignatus
610 4018 652 4061 est
672 4005 709 4060 ad
722 4005 958 4078 quinquennium
974 4005 1152 4078 proximum.

64 4075 228 4130 Contrariis
242 4075 477 4148 quibuscumque
489 4078 611 4132 minime
623 4075 778 4132 obfiituris

99 4160 212 4214 Datum
237 4160 349 4214 Romae
376 4175 393 4214 e
420 4160 578 4216 Secretaria
602 4160 733 4217 eiusdem
765 4160 795 4218 S.
830 4158 1079 4232 Congregationis,
1108 4158 1154 4214 die

65 4246 170 4287 mense
184 4242 211 4285 et
224 4247 302 4285 anno
317 4230 479 4302 praedictis.

675 4300 815 4374 Iosephus
834 4300 963 4372 Aversa,
983 4301 1117 4358 Subsecr.

1234 3273 1307 3320 Ratio
1327 3288 1367 3322 cur

1207 3330 1261 3378 haic
1269 3329 1366 3391 facilius

1205 3388 1365 3438 concidantur.

1227 3729 1367 3779 Audieniiai

1210 3787 1259 3835 dies
1270 3790 1310 3846 (28

1208 3859 1245 3892 ma
1249 3849 1269 3893 ii
1278 3849 1356 3906 1905).

1236 3928 1358 3976 Concessio

1207 3988 1369 4090 lrrninquenna-

1217 4059 1247 4092 is.

1236 4167 1295 4214 Dies
1299 4171 1368 4226 prae·

1208 4225 1280 4274 dicto.
