<?xml version="1.0" encoding="UTF-8"?>
<!DOCTYPE html PUBLIC "-//W3C//DTD XHTML 1.0 Transitional//EN"
    "http://www.w3.org/TR/xhtml1/DTD/xhtml1-transitional.dtd">
<html xmlns="http://www.w3.org/1999/xhtml" xml:lang="en" lang="en">
 <head>
  <title>
</title>
<meta http-equiv="Content-Type" content="text/html;charset=utf-8" />
  <meta name='ocr-system' content='tesseract 3.04.00' />
  <meta name='ocr-capabilities' content='ocr_page ocr_carea ocr_par ocr_line ocrx_word'/>
</head>
<body>
  <div class='ocr_page' id='page_1' title='image "./dereligiosisins01vermgoog_0324.png"; bbox 0 0 2959 4900; ppageno 0'>
   <div class='ocr_carea' id='block_1_1' title="bbox 332 285 963 389">
    <p class='ocr_par' dir='ltr' id='par_1_1' title="bbox 332 285 963 389">
     <span class='ocr_line' id='line_1_1' title="bbox 332 285 963 389; baseline 0.002 -42"><span class='ocrx_word' id='word_1_1' title='bbox 332 285 392 349; x_wconf 69' lang='lat'><strong>132</strong></span> <span class='ocrx_word' id='word_1_2' title='bbox 664 380 669 389; x_wconf 33' lang='grc' dir='ltr'>ι</span> <span class='ocrx_word' id='word_1_3' title='bbox 782 311 963 348; x_wconf 71' lang='lat' dir='ltr'><strong>uouuunura</strong></span> 
     </span>
    </p>
   </div>
   <div class='ocr_carea' id='block_1_2' title="bbox 291 441 1452 3266">
    <p class='ocr_par' dir='ltr' id='par_1_2' title="bbox 331 441 1404 597">
     <span class='ocr_line' id='line_1_2' title="bbox 366 441 1404 522; baseline 0.002 -27"><span class='ocrx_word' id='word_1_4' title='bbox 366 441 411 510; x_wconf 84' lang='lat'><strong>45.</strong></span> <span class='ocrx_word' id='word_1_5' title='bbox 429 441 537 497; x_wconf 89' lang='lat' dir='ltr'>Utrum</span> <span class='ocrx_word' id='word_1_6' title='bbox 551 456 579 497; x_wconf 91' lang='lat' dir='ltr'><strong>et</strong></span> <span class='ocrx_word' id='word_1_7' title='bbox 600 458 690 522; x_wconf 89' lang='lat' dir='ltr'><strong>quarn</strong></span> <span class='ocrx_word' id='word_1_8' title='bbox 711 442 853 498; x_wconf 89' lang='lat' dir='ltr'><strong>iacturam</strong></span> <span class='ocrx_word' id='word_1_9' title='bbox 873 444 1021 499; x_wconf 88' lang='lat' dir='ltr'><strong>bonorum</strong></span> <span class='ocrx_word' id='word_1_10' title='bbox 1044 461 1176 514; x_wconf 85' lang='lat' dir='ltr'><strong>suorum,</strong></span> <span class='ocrx_word' id='word_1_11' title='bbox 1197 455 1264 516; x_wconf 92' lang='lat' dir='ltr'><strong>post</strong></span> <span class='ocrx_word' id='word_1_12' title='bbox 1283 442 1404 498; x_wconf 86' lang='lat' dir='ltr'><strong>ultimam</strong></span> 
     </span>
     <span class='ocr_line' id='line_1_3' title="bbox 331 510 1275 597; baseline 0.008 -32"><span class='ocrx_word' id='word_1_13' title='bbox 331 510 514 583; x_wconf 78' lang='lat' dir='ltr'>relationem,</span> <span class='ocrx_word' id='word_1_14' title='bbox 529 511 658 581; x_wconf 77' lang='lat' dir='ltr'><strong>fecerint,</strong></span> <span class='ocrx_word' id='word_1_15' title='bbox 672 513 717 569; x_wconf 88' lang='lat' dir='ltr'><strong>vel</strong></span> <span class='ocrx_word' id='word_1_16' title='bbox 729 514 837 569; x_wconf 89' lang='lat' dir='ltr'><strong>damna</strong></span> <span class='ocrx_word' id='word_1_17' title='bbox 849 515 1000 579; x_wconf 81' lang='lat' dir='ltr'>subierint,</span> <span class='ocrx_word' id='word_1_18' title='bbox 1016 529 1045 572; x_wconf 93' lang='lat' dir='ltr'><strong>et</strong></span> <span class='ocrx_word' id='word_1_19' title='bbox 1057 533 1116 597; x_wconf 89' lang='lat' dir='ltr'><strong>qua</strong></span> <span class='ocrx_word' id='word_1_20' title='bbox 1128 517 1163 570; x_wconf 90' lang='lat' dir='ltr'><strong>de</strong></span> <span class='ocrx_word' id='word_1_21' title='bbox 1178 531 1275 573; x_wconf 89' lang='lat' dir='ltr'><strong>causa.</strong></span> 
     </span>
    </p>

    <p class='ocr_par' dir='ltr' id='par_1_3' title="bbox 332 582 1405 727">
     <span class='ocr_line' id='line_1_4' title="bbox 366 582 1405 659; baseline 0.003 -23"><span class='ocrx_word' id='word_1_22' title='bbox 366 582 411 651; x_wconf 85' lang='lat'><strong>46.</strong></span> <span class='ocrx_word' id='word_1_23' title='bbox 428 583 509 637; x_wconf 90' lang='lat' dir='ltr'><strong>Num</strong></span> <span class='ocrx_word' id='word_1_24' title='bbox 529 596 558 639; x_wconf 88' lang='lat' dir='ltr'><strong>et</strong></span> <span class='ocrx_word' id='word_1_25' title='bbox 578 600 654 656; x_wconf 90' lang='lat' dir='ltr'><strong>quae</strong></span> <span class='ocrx_word' id='word_1_26' title='bbox 676 585 754 639; x_wconf 89' lang='lat' dir='ltr'><strong>bona</strong></span> <span class='ocrx_word' id='word_1_27' title='bbox 778 585 837 641; x_wconf 90' lang='lat' dir='ltr'><strong>sive</strong></span> <span class='ocrx_word' id='word_1_28' title='bbox 869 586 1031 642; x_wconf 88' lang='lat' dir='ltr'>immobilia</span> <span class='ocrx_word' id='word_1_29' title='bbox 1058 603 1117 643; x_wconf 84' lang='lat' dir='ltr'><strong>sive</strong></span> <span class='ocrx_word' id='word_1_30' title='bbox 1142 585 1266 641; x_wconf 87' lang='lat' dir='ltr'><strong>mobilia</strong></span> <span class='ocrx_word' id='word_1_31' title='bbox 1292 584 1405 659; x_wconf 89' lang='lat' dir='ltr'><strong>pretiosa</strong></span> 
     </span>
     <span class='ocr_line' id='line_1_5' title="bbox 332 651 841 727; baseline 0.012 -20"><span class='ocrx_word' id='word_1_32' title='bbox 332 651 568 722; x_wconf 89' lang='lat' dir='ltr'><strong>abalienaverint,</strong></span> <span class='ocrx_word' id='word_1_33' title='bbox 582 666 609 710; x_wconf 91' lang='lat' dir='ltr'><strong>et</strong></span> <span class='ocrx_word' id='word_1_34' title='bbox 623 672 682 727; x_wconf 90' lang='lat' dir='ltr'><strong>qua</strong></span> <span class='ocrx_word' id='word_1_35' title='bbox 694 655 841 713; x_wconf 84' lang='lat' dir='ltr'><strong>facultate.</strong></span> 
     </span>
    </p>

    <p class='ocr_par' dir='ltr' id='par_1_4' title="bbox 331 724 1404 871">
     <span class='ocr_line' id='line_1_6' title="bbox 364 724 1404 803; baseline 0.003 -25"><span class='ocrx_word' id='word_1_36' title='bbox 364 741 411 803; x_wconf 68' lang='lat'><strong>47.</strong></span> <span class='ocrx_word' id='word_1_37' title='bbox 427 724 507 779; x_wconf 91' lang='lat' dir='ltr'><strong>Num</strong></span> <span class='ocrx_word' id='word_1_38' title='bbox 528 725 645 782; x_wconf 90' lang='lat' dir='ltr'><strong>illorum</strong></span> <span class='ocrx_word' id='word_1_39' title='bbox 668 727 826 794; x_wconf 90' lang='lat' dir='ltr'><strong>bonorum,</strong></span> <span class='ocrx_word' id='word_1_40' title='bbox 853 742 929 799; x_wconf 88' lang='lat' dir='ltr'><strong>quae</strong></span> <span class='ocrx_word' id='word_1_41' title='bbox 954 727 1099 801; x_wconf 84' lang='lat' dir='ltr'><strong>capitalia</strong></span> <span class='ocrx_word' id='word_1_42' title='bbox 1126 738 1280 795; x_wconf 87' lang='lat' dir='ltr'><strong>vocantur,</strong></span> <span class='ocrx_word' id='word_1_43' title='bbox 1307 739 1404 799; x_wconf 84' lang='lat' dir='ltr'><strong>partem</strong></span> 
     </span>
     <span class='ocr_line' id='line_1_7' title="bbox 331 794 724 871; baseline 0.01 -22"><span class='ocrx_word' id='word_1_44' title='bbox 331 794 371 849; x_wconf 84' lang='lat' dir='ltr'><strong>alr</strong></span> <span class='ocrx_word' id='word_1_45' title='bbox 393 812 462 851; x_wconf 91' lang='lat' dir='ltr'><strong>uam</strong></span> <span class='ocrx_word' id='word_1_46' title='bbox 478 797 724 871; x_wconf 89' lang='lat' dir='ltr'><strong>consumpserint.</strong></span> 
     </span>
    </p>

    <p class='ocr_par' dir='ltr' id='par_1_5' title="bbox 331 867 1405 1011">
     <span class='ocr_line' id='line_1_8' title="bbox 366 867 1405 942; baseline 0.002 -22"><span class='ocrx_word' id='word_1_47' title='bbox 366 868 509 934; x_wconf 88' lang='lat' dir='ltr'><strong>4.Num</strong></span> <span class='ocrx_word' id='word_1_48' title='bbox 534 884 600 923; x_wconf 88' lang='lat' dir='ltr'><strong>arca</strong></span> <span class='ocrx_word' id='word_1_49' title='bbox 623 868 789 925; x_wconf 88' lang='lat' dir='ltr'><strong>communis</strong></span> <span class='ocrx_word' id='word_1_50' title='bbox 818 869 864 925; x_wconf 89' lang='lat' dir='ltr'><strong>vel</strong></span> <span class='ocrx_word' id='word_1_51' title='bbox 893 870 998 925; x_wconf 89' lang='lat' dir='ltr'><strong>domus</strong></span> <span class='ocrx_word' id='word_1_52' title='bbox 1022 868 1122 942; x_wconf 92' lang='lat' dir='ltr'><strong>aliqua</strong></span> <span class='ocrx_word' id='word_1_53' title='bbox 1145 867 1328 942; x_wconf 85' lang='lat' dir='ltr'><strong>particularis</strong></span> <span class='ocrx_word' id='word_1_54' title='bbox 1352 883 1405 923; x_wconf 87' lang='lat' dir='ltr'><strong>aere</strong></span> 
     </span>
     <span class='ocr_line' id='line_1_9' title="bbox 331 935 768 1011; baseline 0.011 -21"><span class='ocrx_word' id='word_1_55' title='bbox 331 935 429 994; x_wconf 87' lang='lat' dir='ltr'><strong>alieno</strong></span> <span class='ocrx_word' id='word_1_56' title='bbox 478 950 589 1005; x_wconf 90' lang='lat' dir='ltr'><strong>avetur,</strong></span> <span class='ocrx_word' id='word_1_57' title='bbox 604 952 632 995; x_wconf 91' lang='lat' dir='ltr'><strong>et</strong></span> <span class='ocrx_word' id='word_1_58' title='bbox 645 952 768 1011; x_wconf 90' lang='lat' dir='ltr'><strong>quanto.</strong></span> 
     </span>
    </p>

    <p class='ocr_par' dir='ltr' id='par_1_6' title="bbox 332 1008 1404 1152">
     <span class='ocr_line' id='line_1_10' title="bbox 366 1008 1404 1090; baseline 0.002 -28"><span class='ocrx_word' id='word_1_59' title='bbox 366 1026 411 1082; x_wconf 86' lang='lat'><strong>49.</strong></span> <span class='ocrx_word' id='word_1_60' title='bbox 455 1025 507 1063; x_wconf 89' lang='lat' dir='ltr'><strong>um</strong></span> <span class='ocrx_word' id='word_1_61' title='bbox 521 1009 558 1090; x_wconf 88' lang='lat' dir='ltr'><strong>ab</strong></span> <span class='ocrx_word' id='word_1_62' title='bbox 567 1008 671 1065; x_wconf 92' lang='lat' dir='ltr'><strong>ultima</strong></span> <span class='ocrx_word' id='word_1_63' title='bbox 682 1010 826 1067; x_wconf 85' lang='lat' dir='ltr'>relatione</span> <span class='ocrx_word' id='word_1_64' title='bbox 835 1028 912 1068; x_wconf 89' lang='lat' dir='ltr'><strong>nova</strong></span> <span class='ocrx_word' id='word_1_65' title='bbox 921 1010 1018 1068; x_wconf 89' lang='lat' dir='ltr'><strong>debita</strong></span> <span class='ocrx_word' id='word_1_66' title='bbox 1032 1010 1247 1079; x_wconf 79' lang='lat' dir='ltr'><strong>contraxerint3</strong></span> <span class='ocrx_word' id='word_1_67' title='bbox 1263 1025 1404 1083; x_wconf 76' lang='lat' dir='ltr'><strong>quaenam,</strong></span> 
     </span>
     <span class='ocr_line' id='line_1_11' title="bbox 332 1089 624 1152; baseline 0.014 -19"><span class='ocrx_word' id='word_1_68' title='bbox 332 1089 429 1152; x_wconf 88' lang='lat' dir='ltr'><strong>etqua</strong></span> <span class='ocrx_word' id='word_1_69' title='bbox 443 1091 624 1137; x_wconf 83' lang='lat' dir='ltr'><strong>auctoritate.</strong></span> 
     </span>
    </p>

    <p class='ocr_par' dir='ltr' id='par_1_7' title="bbox 331 1150 1403 1296">
     <span class='ocr_line' id='line_1_12' title="bbox 369 1150 1403 1226; baseline -0.001 -19"><span class='ocrx_word' id='word_1_70' title='bbox 369 1150 411 1207; x_wconf 80' lang='lat'><strong>50.</strong></span> <span class='ocrx_word' id='word_1_71' title='bbox 432 1150 513 1206; x_wconf 88' lang='lat' dir='ltr'><strong>Num</strong></span> <span class='ocrx_word' id='word_1_72' title='bbox 533 1168 729 1226; x_wconf 85' lang='lat' dir='ltr'><strong>unaquaeque</strong></span> <span class='ocrx_word' id='word_1_73' title='bbox 751 1152 858 1209; x_wconf 90' lang='lat' dir='ltr'><strong>domus</strong></span> <span class='ocrx_word' id='word_1_74' title='bbox 879 1164 1100 1226; x_wconf 88' lang='lat' dir='ltr'><strong>procuratorem</strong></span> <span class='ocrx_word' id='word_1_75' title='bbox 1121 1152 1182 1208; x_wconf 86' lang='lat' dir='ltr'><strong>sive</strong></span> <span class='ocrx_word' id='word_1_76' title='bbox 1208 1168 1403 1218; x_wconf 89' lang='lat' dir='ltr'><strong>oeconomum,</strong></span> 
     </span>
     <span class='ocr_line' id='line_1_13' title="bbox 331 1219 1367 1296; baseline 0.002 -21"><span class='ocrx_word' id='word_1_77' title='bbox 331 1219 500 1277; x_wconf 88' lang='lat' dir='ltr'><strong>distinctum</strong></span> <span class='ocrx_word' id='word_1_78' title='bbox 515 1238 532 1277; x_wconf 90' lang='lat' dir='ltr'><strong>a</strong></span> <span class='ocrx_word' id='word_1_79' title='bbox 546 1224 702 1294; x_wconf 83' lang='lat' dir='ltr'><strong>Superiore</strong></span> <span class='ocrx_word' id='word_1_80' title='bbox 715 1224 821 1280; x_wconf 90' lang='lat' dir='ltr'><strong>domus</strong></span> <span class='ocrx_word' id='word_1_81' title='bbox 833 1235 862 1281; x_wconf 89' lang='lat' dir='ltr'><strong>et</strong></span> <span class='ocrx_word' id='word_1_82' title='bbox 873 1224 910 1279; x_wconf 91' lang='lat' dir='ltr'><strong>ab</strong></span> <span class='ocrx_word' id='word_1_83' title='bbox 923 1240 1087 1281; x_wconf 91' lang='lat' dir='ltr'><strong>oeconomo</strong></span> <span class='ocrx_word' id='word_1_84' title='bbox 1099 1222 1239 1296; x_wconf 84' lang='lat' dir='ltr'><strong>generali,</strong></span> <span class='ocrx_word' id='word_1_85' title='bbox 1254 1224 1367 1278; x_wconf 88' lang='lat' dir='ltr'><strong>babeat.</strong></span> 
     </span>
    </p>

    <p class='ocr_par' dir='ltr' id='par_1_8' title="bbox 331 1292 1405 1561">
     <span class='ocr_line' id='line_1_14' title="bbox 368 1292 1404 1367; baseline 0 -19"><span class='ocrx_word' id='word_1_86' title='bbox 368 1292 411 1348; x_wconf 83' lang='lat'><strong>51.</strong></span> <span class='ocrx_word' id='word_1_87' title='bbox 428 1293 510 1348; x_wconf 88' lang='lat' dir='ltr'><strong>Num</strong></span> <span class='ocrx_word' id='word_1_88' title='bbox 526 1295 745 1363; x_wconf 85' lang='lat' dir='ltr'><strong>Procuratores,</strong></span> <span class='ocrx_word' id='word_1_89' title='bbox 759 1294 819 1351; x_wconf 89' lang='lat' dir='ltr'><strong>sive</strong></span> <span class='ocrx_word' id='word_1_90' title='bbox 832 1294 975 1367; x_wconf 78' lang='lat' dir='ltr'><strong>generalis</strong></span> <span class='ocrx_word' id='word_1_91' title='bbox 993 1294 1052 1351; x_wconf 88' lang='lat' dir='ltr'><strong>sive</strong></span> <span class='ocrx_word' id='word_1_92' title='bbox 1065 1295 1183 1363; x_wconf 89' lang='lat' dir='ltr'><strong>locales,</strong></span> <span class='ocrx_word' id='word_1_93' title='bbox 1196 1293 1343 1350; x_wconf 90' lang='lat' dir='ltr'><strong>rationem</strong></span> <span class='ocrx_word' id='word_1_94' title='bbox 1354 1310 1404 1349; x_wconf 86' lang='lat' dir='ltr'><strong>sua·</strong></span> 
     </span>
     <span class='ocr_line' id='line_1_15' title="bbox 331 1363 1404 1440; baseline 0 -21"><span class='ocrx_word' id='word_1_95' title='bbox 331 1378 398 1419; x_wconf 89' lang='lat' dir='ltr'><strong>rum</strong></span> <span class='ocrx_word' id='word_1_96' title='bbox 416 1363 704 1422; x_wconf 86' lang='lat' dir='ltr'><strong>administrationum</strong></span> <span class='ocrx_word' id='word_1_97' title='bbox 725 1366 910 1440; x_wconf 84' lang='lat' dir='ltr'><strong>praescriptis</strong></span> <span class='ocrx_word' id='word_1_98' title='bbox 922 1366 1104 1439; x_wconf 90' lang='lat' dir='ltr'><strong>temporibus</strong></span> <span class='ocrx_word' id='word_1_99' title='bbox 1123 1365 1321 1433; x_wconf 83' lang='lat' dir='ltr'><strong>reddiderint;</strong></span> <span class='ocrx_word' id='word_1_100' title='bbox 1334 1378 1362 1420; x_wconf 91' lang='lat' dir='ltr'><strong>et</strong></span> <span class='ocrx_word' id='word_1_101' title='bbox 1376 1380 1404 1418; x_wconf 86' lang='lat' dir='ltr'><strong>an</strong></span> 
     </span>
     <span class='ocr_line' id='line_1_16' title="bbox 331 1433 1405 1558; baseline 0.001 -69"><span class='ocrx_word' id='word_1_102' title='bbox 331 1433 500 1558; x_wconf 60' lang='lat' dir='ltr'><strong>puiusmodi</strong></span> <span class='ocrx_word' id='word_1_103' title='bbox 524 1436 650 1493; x_wconf 88' lang='lat' dir='ltr'><strong>rationes</strong></span> <span class='ocrx_word' id='word_1_104' title='bbox 673 1438 765 1493; x_wconf 90' lang='lat' dir='ltr'><strong>modo</strong></span> <span class='ocrx_word' id='word_1_105' title='bbox 791 1437 967 1510; x_wconf 85' lang='lat' dir='ltr'><strong>praescripto</strong></span> <span class='ocrx_word' id='word_1_106' title='bbox 988 1436 1168 1493; x_wconf 86' lang='lat' dir='ltr'><strong>examinatae</strong></span> <span class='ocrx_word' id='word_1_107' title='bbox 1191 1447 1220 1492; x_wconf 92' lang='lat' dir='ltr'><strong>et</strong></span> <span class='ocrx_word' id='word_1_108' title='bbox 1244 1437 1405 1510; x_wconf 83' lang='lat' dir='ltr'><strong>approbatae</strong></span> 
     </span>
     <span class='ocr_line' id='line_1_17' title="bbox 344 1518 449 1561; baseline 0 -1"><span class='ocrx_word' id='word_1_109' title='bbox 344 1518 449 1561; x_wconf 87' lang='lat' dir='ltr'><strong>uennt.</strong></span> 
     </span>
    </p>

    <p class='ocr_par' dir='ltr' id='par_1_9' title="bbox 368 1576 881 1635">
     <span class='ocr_line' id='line_1_18' title="bbox 368 1576 881 1635; baseline 0.006 -4"><span class='ocrx_word' id='word_1_110' title='bbox 368 1576 410 1631; x_wconf 80' lang='lat'><strong>52.</strong></span> <span class='ocrx_word' id='word_1_111' title='bbox 428 1578 508 1632; x_wconf 90' lang='lat' dir='ltr'><strong>Num</strong></span> <span class='ocrx_word' id='word_1_112' title='bbox 521 1576 586 1633; x_wconf 89' lang='lat' dir='ltr'><strong>lites</strong></span> <span class='ocrx_word' id='word_1_113' title='bbox 598 1578 634 1634; x_wconf 90' lang='lat' dir='ltr'><strong>de</strong></span> <span class='ocrx_word' id='word_1_114' title='bbox 647 1578 732 1635; x_wconf 91' lang='lat' dir='ltr'><strong>bonis</strong></span> <span class='ocrx_word' id='word_1_115' title='bbox 744 1577 881 1634; x_wconf 86' lang='lat' dir='ltr'><strong>habeant.</strong></span> 
     </span>
    </p>

    <p class='ocr_par' dir='ltr' id='par_1_10' title="bbox 331 1646 1403 1796">
     <span class='ocr_line' id='line_1_19' title="bbox 368 1646 1403 1712; baseline -0.001 -10"><span class='ocrx_word' id='word_1_116' title='bbox 368 1646 411 1703; x_wconf 85' lang='grc'><strong>53.</strong></span> <span class='ocrx_word' id='word_1_117' title='bbox 426 1649 506 1702; x_wconf 92' lang='lat' dir='ltr'><strong>Num</strong></span> <span class='ocrx_word' id='word_1_118' title='bbox 522 1648 552 1702; x_wconf 90' lang='lat' dir='ltr'><strong>in</strong></span> <span class='ocrx_word' id='word_1_119' title='bbox 566 1648 705 1705; x_wconf 91' lang='lat' dir='ltr'><strong>omnibus</strong></span> <span class='ocrx_word' id='word_1_120' title='bbox 719 1649 857 1705; x_wconf 89' lang='lat' dir='ltr'><strong>domibus</strong></span> <span class='ocrx_word' id='word_1_121' title='bbox 873 1649 947 1706; x_wconf 89' lang='lat' dir='ltr'><strong>adsit</strong></span> <span class='ocrx_word' id='word_1_122' title='bbox 959 1665 1027 1705; x_wconf 89' lang='lat' dir='ltr'><strong>arca</strong></span> <span class='ocrx_word' id='word_1_123' title='bbox 1040 1648 1133 1705; x_wconf 92' lang='lat' dir='ltr'><strong>tribus</strong></span> <span class='ocrx_word' id='word_1_124' title='bbox 1151 1648 1282 1705; x_wconf 89' lang='lat' dir='ltr'><strong>clavibus</strong></span> <span class='ocrx_word' id='word_1_125' title='bbox 1300 1647 1403 1712; x_wconf 86' lang='lat' dir='ltr'><strong>dausa;</strong></span> 
     </span>
     <span class='ocr_line' id='line_1_20' title="bbox 331 1719 1394 1796; baseline 0.007 -23"><span class='ocrx_word' id='word_1_126' title='bbox 331 1729 360 1773; x_wconf 91' lang='lat' dir='ltr'><strong>et</strong></span> <span class='ocrx_word' id='word_1_127' title='bbox 373 1734 410 1772; x_wconf 89' lang='lat' dir='ltr'><strong>an</strong></span> <span class='ocrx_word' id='word_1_128' title='bbox 425 1733 575 1775; x_wconf 89' lang='lat' dir='ltr'><strong>serventur</strong></span> <span class='ocrx_word' id='word_1_129' title='bbox 590 1719 668 1792; x_wconf 86' lang='lat' dir='ltr'><strong>leges</strong></span> <span class='ocrx_word' id='word_1_130' title='bbox 680 1722 718 1775; x_wconf 97' lang='lat' dir='ltr'><strong>ad</strong></span> <span class='ocrx_word' id='word_1_131' title='bbox 730 1736 794 1776; x_wconf 89' lang='lat' dir='ltr'><strong>rem</strong></span> <span class='ocrx_word' id='word_1_132' title='bbox 805 1721 891 1777; x_wconf 87' lang='lat' dir='ltr'><strong>latae.</strong></span> <span class='ocrx_word' id='word_1_133' title='bbox 1390 1786 1394 1796; x_wconf 52' lang='lat'>‚</span> 
     </span>
    </p>

    <p class='ocr_par' dir='ltr' id='par_1_11' title="bbox 331 1787 1404 1932">
     <span class='ocr_line' id='line_1_21' title="bbox 368 1787 1404 1865; baseline -0.001 -21"><span class='ocrx_word' id='word_1_134' title='bbox 368 1789 411 1859; x_wconf 84' lang='lat'><strong>54.</strong></span> <span class='ocrx_word' id='word_1_135' title='bbox 427 1791 508 1845; x_wconf 88' lang='lat' dir='ltr'><strong>Num</strong></span> <span class='ocrx_word' id='word_1_136' title='bbox 521 1802 550 1847; x_wconf 93' lang='lat' dir='ltr'><strong>et</strong></span> <span class='ocrx_word' id='word_1_137' title='bbox 562 1807 622 1863; x_wconf 92' lang='lat' dir='ltr'><strong>quo</strong></span> <span class='ocrx_word' id='word_1_138' title='bbox 634 1804 720 1865; x_wconf 89' lang='lat' dir='ltr'><strong>pacto</strong></span> <span class='ocrx_word' id='word_1_139' title='bbox 755 1793 892 1847; x_wconf 87' lang='lat' dir='ltr'><strong>ecuniam</strong></span> <span class='ocrx_word' id='word_1_140' title='bbox 905 1791 965 1851; x_wconf 90' lang='lat' dir='ltr'><strong>sive</strong></span> <span class='ocrx_word' id='word_1_141' title='bbox 982 1808 1030 1850; x_wconf 88' lang='lat' dir='ltr'><strong>res</strong></span> <span class='ocrx_word' id='word_1_142' title='bbox 1050 1790 1202 1865; x_wconf 89' lang='lat' dir='ltr'><strong>pretiosas,</strong></span> <span class='ocrx_word' id='word_1_143' title='bbox 1227 1808 1245 1846; x_wconf 90' lang='lat' dir='ltr'><strong>a</strong></span> <span class='ocrx_word' id='word_1_144' title='bbox 1267 1787 1404 1848; x_wconf 78' lang='lat' dir='ltr'><strong>saeculari-</strong></span> 
     </span>
     <span class='ocr_line' id='line_1_22' title="bbox 331 1860 1314 1932; baseline 0.004 -17"><span class='ocrx_word' id='word_1_145' title='bbox 331 1860 385 1915; x_wconf 90' lang='lat' dir='ltr'><strong>bus</strong></span> <span class='ocrx_word' id='word_1_146' title='bbox 398 1860 553 1932; x_wconf 83' lang='lat' dir='ltr'><strong>depositas,</strong></span> <span class='ocrx_word' id='word_1_147' title='bbox 569 1863 720 1919; x_wconf 91' lang='lat' dir='ltr'><strong>custodien</strong></span> <span class='ocrx_word' id='word_1_148' title='bbox 744 1879 775 1919; x_wconf 87' lang='lat' dir='ltr'><strong>as</strong></span> <span class='ocrx_word' id='word_1_149' title='bbox 786 1879 854 1919; x_wconf 89' lang='lat' dir='ltr'><strong>acce</strong></span> <span class='ocrx_word' id='word_1_150' title='bbox 875 1862 1008 1919; x_wconf 87' lang='lat' dir='ltr'><strong>taverint.</strong></span> <span class='ocrx_word' id='word_1_151' title='bbox 1310 1923 1314 1930; x_wconf 68' lang='grc'><em>,</em></span> 
     </span>
    </p>

    <p class='ocr_par' dir='ltr' id='par_1_12' title="bbox 330 1880 1404 2218">
     <span class='ocr_line' id='line_1_23' title="bbox 367 1880 1404 2002; baseline -0.003 -15"><span class='ocrx_word' id='word_1_152' title='bbox 367 1931 410 1987; x_wconf 87' lang='grc'><strong>55.</strong></span> <span class='ocrx_word' id='word_1_153' title='bbox 426 1931 472 2001; x_wconf 85' lang='lat' dir='ltr'><strong>(ln</strong></span> <span class='ocrx_word' id='word_1_154' title='bbox 494 1931 638 1988; x_wconf 84' lang='lat' dir='ltr'><strong>Institutis</strong></span> <span class='ocrx_word' id='word_1_155' title='bbox 658 1934 827 1998; x_wconf 77' lang='lat' dir='ltr'><strong>Sororum).</strong></span> <span class='ocrx_word' id='word_1_156' title='bbox 853 1880 962 1990; x_wconf 64' lang='lat' dir='ltr'><strong>furum</strong></span> <span class='ocrx_word' id='word_1_157' title='bbox 981 1934 1063 1989; x_wconf 90' lang='lat' dir='ltr'><strong>dotes</strong></span> <span class='ocrx_word' id='word_1_158' title='bbox 1085 1933 1229 1989; x_wconf 91' lang='lat' dir='ltr'><strong>Sororum</strong></span> <span class='ocrx_word' id='word_1_159' title='bbox 1248 1932 1326 1988; x_wconf 86' lang='lat' dir='ltr'><strong>iuxta</strong></span> <span class='ocrx_word' id='word_1_160' title='bbox 1337 1930 1404 2002; x_wconf 77' lang='lat' dir='ltr'><strong>leges</strong></span> 
     </span>
     <span class='ocr_line' id='line_1_24' title="bbox 331 2002 1403 2069; baseline -0.003 -12"><span class='ocrx_word' id='word_1_161' title='bbox 331 2002 487 2058; x_wconf 89' lang='lat' dir='ltr'><strong>canonicas</strong></span> <span class='ocrx_word' id='word_1_162' title='bbox 500 2004 530 2058; x_wconf 93' lang='lat' dir='ltr'><strong>in</strong></span> <span class='ocrx_word' id='word_1_163' title='bbox 544 2016 608 2059; x_wconf 91' lang='lat' dir='ltr'><strong>tuto</strong></span> <span class='ocrx_word' id='word_1_164' title='bbox 622 2021 655 2059; x_wconf 90' lang='lat' dir='ltr'><strong>ac</strong></span> <span class='ocrx_word' id='word_1_165' title='bbox 667 2004 816 2061; x_wconf 89' lang='lat' dir='ltr'><strong>fructifero</strong></span> <span class='ocrx_word' id='word_1_166' title='bbox 835 2005 1038 2062; x_wconf 88' lang='lat' dir='ltr'><strong>investimento</strong></span> <span class='ocrx_word' id='word_1_167' title='bbox 1056 2003 1218 2060; x_wconf 89' lang='lat' dir='ltr'><strong>collocatae</strong></span> <span class='ocrx_word' id='word_1_168' title='bbox 1239 2003 1358 2069; x_wconf 88' lang='lat' dir='ltr'><strong>fuerint;</strong></span> <span class='ocrx_word' id='word_1_169' title='bbox 1372 2017 1403 2055; x_wconf 89' lang='lat' dir='ltr'><strong>an</strong></span> 
     </span>
     <span class='ocr_line' id='line_1_25' title="bbox 331 2074 1403 2156; baseline -0.001 -28"><span class='ocrx_word' id='word_1_170' title='bbox 331 2084 359 2128; x_wconf 92' lang='lat' dir='ltr'><strong>et</strong></span> <span class='ocrx_word' id='word_1_171' title='bbox 379 2090 455 2146; x_wconf 90' lang='lat' dir='ltr'><strong>quae</strong></span> <span class='ocrx_word' id='word_1_172' title='bbox 477 2090 578 2130; x_wconf 88' lang='lat' dir='ltr'><strong>earum</strong></span> <span class='ocrx_word' id='word_1_173' title='bbox 601 2092 677 2146; x_wconf 89' lang='lat' dir='ltr'><strong>pars,</strong></span> <span class='ocrx_word' id='word_1_174' title='bbox 703 2092 764 2156; x_wconf 90' lang='lat' dir='ltr'><strong>quo</strong></span> <span class='ocrx_word' id='word_1_175' title='bbox 786 2076 877 2132; x_wconf 90' lang='lat' dir='ltr'><strong>modo</strong></span> <span class='ocrx_word' id='word_1_176' title='bbox 898 2089 927 2133; x_wconf 91' lang='lat' dir='ltr'><strong>et</strong></span> <span class='ocrx_word' id='word_1_177' title='bbox 951 2076 1035 2131; x_wconf 91' lang='lat' dir='ltr'><strong>cuius</strong></span> <span class='ocrx_word' id='word_1_178' title='bbox 1058 2075 1203 2148; x_wconf 89' lang='lat' dir='ltr'><strong>permissu</strong></span> <span class='ocrx_word' id='word_1_179' title='bbox 1225 2074 1256 2130; x_wconf 91' lang='lat' dir='ltr'><strong>in</strong></span> <span class='ocrx_word' id='word_1_180' title='bbox 1279 2087 1403 2148; x_wconf 85' lang='lat' dir='ltr'><strong>expensas</strong></span> 
     </span>
     <span class='ocr_line' id='line_1_26' title="bbox 330 2143 750 2218; baseline 0.01 -20"><span class='ocrx_word' id='word_1_181' title='bbox 330 2143 476 2200; x_wconf 87' lang='lat' dir='ltr'><strong>faciendas</strong></span> <span class='ocrx_word' id='word_1_182' title='bbox 490 2144 638 2218; x_wconf 87' lang='lat' dir='ltr'><strong>insumpta</strong></span> <span class='ocrx_word' id='word_1_183' title='bbox 653 2146 750 2202; x_wconf 81' lang='lat' dir='ltr'><strong>fuerit.</strong></span> 
     </span>
    </p>

    <p class='ocr_par' dir='ltr' id='par_1_13' title="bbox 330 2216 1402 2416">
     <span class='ocr_line' id='line_1_27' title="bbox 367 2216 1402 2292; baseline -0.002 -22"><span class='ocrx_word' id='word_1_184' title='bbox 367 2216 410 2271; x_wconf 88' lang='grc'><strong>56.</strong></span> <span class='ocrx_word' id='word_1_185' title='bbox 426 2217 508 2270; x_wconf 90' lang='lat' dir='ltr'><strong>Num</strong></span> <span class='ocrx_word' id='word_1_186' title='bbox 531 2228 559 2272; x_wconf 92' lang='lat' dir='ltr'><strong>et</strong></span> <span class='ocrx_word' id='word_1_187' title='bbox 580 2234 726 2289; x_wconf 89' lang='lat' dir='ltr'><strong>quaenam</strong></span> <span class='ocrx_word' id='word_1_188' title='bbox 748 2217 842 2290; x_wconf 85' lang='lat' dir='ltr'><strong>legata</strong></span> <span class='ocrx_word' id='word_1_189' title='bbox 863 2217 912 2292; x_wconf 90' lang='lat' dir='ltr'><strong>pia</strong></span> <span class='ocrx_word' id='word_1_190' title='bbox 935 2234 987 2274; x_wconf 92' lang='lat' dir='ltr'><strong>seu</strong></span> <span class='ocrx_word' id='word_1_191' title='bbox 1006 2216 1193 2274; x_wconf 83' lang='lat' dir='ltr'><strong>fundationes</strong></span> <span class='ocrx_word' id='word_1_192' title='bbox 1216 2217 1248 2272; x_wconf 94' lang='lat' dir='ltr'><strong>in</strong></span> <span class='ocrx_word' id='word_1_193' title='bbox 1271 2216 1402 2277; x_wconf 90' lang='lat' dir='ltr'><strong>instituto,</strong></span> 
     </span>
     <span class='ocr_line' id='line_1_28' title="bbox 330 2284 1401 2366; baseline -0.002 -25"><span class='ocrx_word' id='word_1_194' title='bbox 330 2284 389 2366; x_wconf 84' lang='lat' dir='ltr'><strong>sive</strong></span> <span class='ocrx_word' id='word_1_195' title='bbox 403 2303 457 2359; x_wconf 94' lang='lat' dir='ltr'><strong>pro</strong></span> <span class='ocrx_word' id='word_1_196' title='bbox 471 2286 566 2343; x_wconf 91' lang='lat' dir='ltr'><strong>missis</strong></span> <span class='ocrx_word' id='word_1_197' title='bbox 580 2289 771 2359; x_wconf 84' lang='lat' dir='ltr'><strong>celebrandis,</strong></span> <span class='ocrx_word' id='word_1_198' title='bbox 794 2289 854 2345; x_wconf 89' lang='lat' dir='ltr'><strong>sive</strong></span> <span class='ocrx_word' id='word_1_199' title='bbox 874 2306 929 2363; x_wconf 92' lang='lat' dir='ltr'><strong>pro</strong></span> <span class='ocrx_word' id='word_1_200' title='bbox 947 2288 1084 2361; x_wconf 90' lang='lat' dir='ltr'><strong>operibus</strong></span> <span class='ocrx_word' id='word_1_201' title='bbox 1098 2288 1227 2345; x_wconf 89' lang='lat' dir='ltr'><strong>caritatis</strong></span> <span class='ocrx_word' id='word_1_202' title='bbox 1240 2285 1401 2354; x_wconf 83' lang='lat' dir='ltr'><strong>exercendis,</strong></span> 
     </span>
     <span class='ocr_line' id='line_1_29' title="bbox 331 2369 477 2416; baseline 0.041 -5"><span class='ocrx_word' id='word_1_203' title='bbox 331 2369 477 2416; x_wconf 86' lang='lat' dir='ltr'><strong>exsistant.</strong></span> 
     </span>
    </p>

    <p class='ocr_par' dir='ltr' id='par_1_14' title="bbox 367 2428 1230 2504">
     <span class='ocr_line' id='line_1_30' title="bbox 367 2428 1230 2504; baseline 0.003 -20"><span class='ocrx_word' id='word_1_204' title='bbox 367 2428 411 2500; x_wconf 84' lang='lat'><strong>57.</strong></span> <span class='ocrx_word' id='word_1_205' title='bbox 426 2429 507 2484; x_wconf 90' lang='lat' dir='ltr'><strong>Num</strong></span> <span class='ocrx_word' id='word_1_206' title='bbox 519 2428 794 2486; x_wconf 88' lang='lat' dir='ltr'><strong>huiusmodionera</strong></span> <span class='ocrx_word' id='word_1_207' title='bbox 806 2429 932 2489; x_wconf 87' lang='lat' dir='ltr'><strong>fideliter</strong></span> <span class='ocrx_word' id='word_1_208' title='bbox 941 2430 1097 2504; x_wconf 86' lang='lat' dir='ltr'><strong>adimpleta</strong></span> <span class='ocrx_word' id='word_1_209' title='bbox 1110 2429 1230 2488; x_wconf 89' lang='lat' dir='ltr'><strong>fuerint.</strong></span> 
     </span>
    </p>

    <p class='ocr_par' dir='ltr' id='par_1_15' title="bbox 291 2500 1452 2772">
     <span class='ocr_line' id='line_1_31' title="bbox 367 2500 1399 2575; baseline 0.007 -20"><span class='ocrx_word' id='word_1_210' title='bbox 367 2500 410 2555; x_wconf 88' lang='grc'><strong>58.</strong></span> <span class='ocrx_word' id='word_1_211' title='bbox 426 2501 508 2554; x_wconf 89' lang='lat' dir='ltr'><strong>Num</strong></span> <span class='ocrx_word' id='word_1_212' title='bbox 529 2501 664 2573; x_wconf 88' lang='lat' dir='ltr'><strong>pecunia,</strong></span> <span class='ocrx_word' id='word_1_213' title='bbox 687 2519 748 2575; x_wconf 89' lang='lat' dir='ltr'><strong>qua</strong></span> <span class='ocrx_word' id='word_1_214' title='bbox 768 2503 939 2559; x_wconf 90' lang='lat' dir='ltr'><strong>huiusmodi</strong></span> <span class='ocrx_word' id='word_1_215' title='bbox 963 2503 1150 2559; x_wconf 86' lang='lat' dir='ltr'><strong>fundationes</strong></span> <span class='ocrx_word' id='word_1_216' title='bbox 1173 2502 1266 2558; x_wconf 86' lang='lat' dir='ltr'><strong>factae</strong></span> <span class='ocrx_word' id='word_1_217' title='bbox 1288 2500 1399 2561; x_wconf 81' lang='lat' dir='ltr'><strong>fuerunt.</strong></span> 
     </span>
     <span class='ocr_line' id='line_1_32' title="bbox 330 2508 1452 2648; baseline 0.002 -23"><span class='ocrx_word' id='word_1_218' title='bbox 330 2570 384 2625; x_wconf 90' lang='lat' dir='ltr'><strong>rite</strong></span> <span class='ocrx_word' id='word_1_219' title='bbox 396 2571 538 2626; x_wconf 82' lang='lat' dir='ltr'><strong>collocata</strong></span> <span class='ocrx_word' id='word_1_220' title='bbox 550 2584 579 2628; x_wconf 88' lang='lat' dir='ltr'><strong>et</strong></span> <span class='ocrx_word' id='word_1_221' title='bbox 591 2572 714 2628; x_wconf 91' lang='lat' dir='ltr'><strong>seorsim</strong></span> <span class='ocrx_word' id='word_1_222' title='bbox 726 2575 763 2629; x_wconf 84' lang='lat' dir='ltr'><strong>ab</strong></span> <span class='ocrx_word' id='word_1_223' title='bbox 772 2573 837 2629; x_wconf 87' lang='lat' dir='ltr'><strong>aliis</strong></span> <span class='ocrx_word' id='word_1_224' title='bbox 846 2574 1025 2647; x_wconf 80' lang='lat' dir='ltr'><strong>quibuslibet</strong></span> <span class='ocrx_word' id='word_1_225' title='bbox 1036 2573 1239 2629; x_wconf 86' lang='lat' dir='ltr'><strong>administrata</strong></span> <span class='ocrx_word' id='word_1_226' title='bbox 1250 2572 1341 2628; x_wconf 89' lang='lat' dir='ltr'><strong>fuerit.</strong></span> <span class='ocrx_word' id='word_1_227' title='bbox 1392 2639 1397 2648; x_wconf 32' lang='grc' dir='ltr'>ι</span> <span class='ocrx_word' id='word_1_228' title='bbox 1450 2508 1452 2645; x_wconf 55' lang='lat' dir='ltr'><strong>l</strong></span> 
     </span>
     <span class='ocr_line' id='line_1_33' title="bbox 291 2640 1398 2716; baseline -0.002 -20"><span class='ocrx_word' id='word_1_229' title='bbox 291 2661 292 2666; x_wconf 47' lang='lat'>¹</span> <span class='ocrx_word' id='word_1_230' title='bbox 367 2642 410 2713; x_wconf 86' lang='grc'><strong>59.</strong></span> <span class='ocrx_word' id='word_1_231' title='bbox 425 2643 507 2698; x_wconf 89' lang='lat' dir='ltr'><strong>Num</strong></span> <span class='ocrx_word' id='word_1_232' title='bbox 520 2643 666 2716; x_wconf 91' lang='lat' dir='ltr'><strong>Episcopo</strong></span> <span class='ocrx_word' id='word_1_233' title='bbox 679 2643 760 2700; x_wconf 85' lang='lat' dir='ltr'><strong>iuxta</strong></span> <span class='ocrx_word' id='word_1_234' title='bbox 774 2645 1023 2702; x_wconf 88' lang='lat' dir='ltr'><strong>Constitutionem</strong></span> <span class='ocrx_word' id='word_1_235' title='bbox 1035 2644 1179 2702; x_wconf 85' lang='lat' dir='ltr'><strong>Conditae</strong></span> <span class='ocrx_word' id='word_1_236' title='bbox 1198 2645 1235 2700; x_wconf 92' lang='lat' dir='ltr'><strong>de</strong></span> <span class='ocrx_word' id='word_1_237' title='bbox 1249 2640 1398 2707; x_wconf 82' lang='lat' dir='ltr'><strong>huiusmodi</strong></span> 
     </span>
     <span class='ocr_line' id='line_1_34' title="bbox 330 2711 1450 2772; baseline 0.007 -5"><span class='ocrx_word' id='word_1_238' title='bbox 330 2711 552 2769; x_wconf 90' lang='lat' dir='ltr'><strong>fundationibus</strong></span> <span class='ocrx_word' id='word_1_239' title='bbox 565 2714 640 2770; x_wconf 89' lang='lat' dir='ltr'><strong>ratio</strong></span> <span class='ocrx_word' id='word_1_240' title='bbox 652 2714 765 2772; x_wconf 88' lang='lat' dir='ltr'><strong>reddita</strong></span> <span class='ocrx_word' id='word_1_241' title='bbox 778 2716 875 2772; x_wconf 90' lang='lat' dir='ltr'><strong>fuerit.</strong></span> <span class='ocrx_word' id='word_1_242' title='bbox 1449 2744 1450 2747; x_wconf 40' lang='lat'>¹</span> 
     </span>
    </p>

    <p class='ocr_par' dir='ltr' id='par_1_16' title="bbox 329 2783 1451 2926">
     <span class='ocr_line' id='line_1_35' title="bbox 365 2783 1451 2860; baseline -0.003 -21"><span class='ocrx_word' id='word_1_243' title='bbox 365 2784 410 2840; x_wconf 88' lang='lat'><strong>60.</strong></span> <span class='ocrx_word' id='word_1_244' title='bbox 426 2785 577 2853; x_wconf 87' lang='lat' dir='ltr'><strong>Quantum</strong></span> <span class='ocrx_word' id='word_1_245' title='bbox 596 2785 762 2859; x_wconf 88' lang='lat' dir='ltr'><strong>superfluae</strong></span> <span class='ocrx_word' id='word_1_246' title='bbox 780 2787 922 2860; x_wconf 89' lang='lat' dir='ltr'><strong>pecuniae</strong></span> <span class='ocrx_word' id='word_1_247' title='bbox 943 2787 975 2842; x_wconf 90' lang='lat' dir='ltr'><strong>in</strong></span> <span class='ocrx_word' id='word_1_248' title='bbox 993 2785 1052 2843; x_wconf 89' lang='lat' dir='ltr'><strong>fine</strong></span> <span class='ocrx_word' id='word_1_249' title='bbox 1073 2785 1228 2842; x_wconf 92' lang='lat' dir='ltr'><strong>cuiuslibet</strong></span> <span class='ocrx_word' id='word_1_250' title='bbox 1247 2784 1316 2842; x_wconf 87' lang='lat' dir='ltr'><strong>anni</strong></span> <span class='ocrx_word' id='word_1_251' title='bbox 1327 2801 1342 2840; x_wconf 88' lang='lat' dir='ltr'><strong>a</strong></span> <span class='ocrx_word' id='word_1_252' title='bbox 1354 2783 1398 2838; x_wconf 90' lang='lat' dir='ltr'><strong>sin·</strong></span> <span class='ocrx_word' id='word_1_253' title='bbox 1449 2826 1451 2857; x_wconf 19' lang='lat' dir='ltr'><em>L</em></span> 
     </span>
     <span class='ocr_line' id='line_1_36' title="bbox 329 2855 1183 2926; baseline 0.004 -17"><span class='ocrx_word' id='word_1_254' title='bbox 329 2855 406 2926; x_wconf 84' lang='lat' dir='ltr'><strong>gulis</strong></span> <span class='ocrx_word' id='word_1_255' title='bbox 419 2856 554 2912; x_wconf 91' lang='lat' dir='ltr'><strong>domibus</strong></span> <span class='ocrx_word' id='word_1_256' title='bbox 569 2855 600 2911; x_wconf 91' lang='lat' dir='ltr'><strong>in</strong></span> <span class='ocrx_word' id='word_1_257' title='bbox 613 2873 711 2914; x_wconf 84' lang='lat' dir='ltr'><strong>arcam</strong></span> <span class='ocrx_word' id='word_1_258' title='bbox 724 2875 915 2914; x_wconf 89' lang='lat' dir='ltr'><strong>communem</strong></span> <span class='ocrx_word' id='word_1_259' title='bbox 926 2858 1070 2913; x_wconf 89' lang='lat' dir='ltr'><strong>collatum</strong></span> <span class='ocrx_word' id='word_1_260' title='bbox 1083 2857 1183 2914; x_wconf 90' lang='lat' dir='ltr'><strong>fuerit.</strong></span> 
     </span>
    </p>

    <p class='ocr_par' dir='ltr' id='par_1_17' title="bbox 329 2923 1450 3266">
     <span class='ocr_line' id='line_1_37' title="bbox 364 2923 1449 3002; baseline -0.003 -21"><span class='ocrx_word' id='word_1_261' title='bbox 364 2927 409 2982; x_wconf 76' lang='lat' dir='ltr'><strong>or,</strong></span> <span class='ocrx_word' id='word_1_262' title='bbox 425 2928 533 2983; x_wconf 92' lang='lat' dir='ltr'><strong>Utrum</strong></span> <span class='ocrx_word' id='word_1_263' title='bbox 558 2940 662 2984; x_wconf 89' lang='lat' dir='ltr'><strong>sonte</strong></span> <span class='ocrx_word' id='word_1_264' title='bbox 685 2947 724 2984; x_wconf 88' lang='lat' dir='ltr'><strong>an</strong></span> <span class='ocrx_word' id='word_1_265' title='bbox 752 2929 840 2985; x_wconf 89' lang='lat' dir='ltr'><strong>invite</strong></span> <span class='ocrx_word' id='word_1_266' title='bbox 866 2928 1036 2985; x_wconf 89' lang='lat' dir='ltr'><strong>huiusmodi</strong></span> <span class='ocrx_word' id='word_1_267' title='bbox 1060 2929 1204 3002; x_wconf 89' lang='lat' dir='ltr'><strong>pecuniae</strong></span> <span class='ocrx_word' id='word_1_268' title='bbox 1232 2927 1343 2983; x_wconf 89' lang='lat' dir='ltr'><strong>collatio</strong></span> <span class='ocrx_word' id='word_1_269' title='bbox 1370 2923 1397 2978; x_wconf 86' lang='lat' dir='ltr'><strong>ab</strong></span> <span class='ocrx_word' id='word_1_270' title='bbox 1448 2944 1449 2955; x_wconf 53' lang='lat'>¹</span> 
     </span>
     <span class='ocr_line' id='line_1_38' title="bbox 330 2997 666 3056; baseline 0.012 -4"><span class='ocrx_word' id='word_1_271' title='bbox 330 2997 467 3054; x_wconf 90' lang='lat' dir='ltr'><strong>omnibus</strong></span> <span class='ocrx_word' id='word_1_272' title='bbox 480 2998 555 3054; x_wconf 88' lang='lat' dir='ltr'><strong>facta</strong></span> <span class='ocrx_word' id='word_1_273' title='bbox 602 2999 666 3056; x_wconf 84' lang='lat' dir='ltr'><strong>erit.</strong></span> 
     </span>
     <span class='ocr_line' id='line_1_39' title="bbox 342 3065 1450 3149; baseline -0.005 -26"><span class='ocrx_word' id='word_1_274' title='bbox 342 3069 409 3147; x_wconf 26' lang='lat'><strong>⁸62.</strong></span> <span class='ocrx_word' id='word_1_275' title='bbox 425 3071 471 3123; x_wconf 88' lang='lat' dir='ltr'><strong>An</strong></span> <span class='ocrx_word' id='word_1_276' title='bbox 493 3071 683 3142; x_wconf 90' lang='lat' dir='ltr'><strong>superiorissa</strong></span> <span class='ocrx_word' id='word_1_277' title='bbox 704 3069 750 3126; x_wconf 88' lang='lat' dir='ltr'><strong>vel</strong></span> <span class='ocrx_word' id='word_1_278' title='bbox 773 3085 935 3127; x_wconf 88' lang='lat' dir='ltr'><strong>oeconoma</strong></span> <span class='ocrx_word' id='word_1_279' title='bbox 954 3070 1060 3127; x_wconf 88' lang='lat' dir='ltr'><strong>habeat</strong></span> <span class='ocrx_word' id='word_1_280' title='bbox 1079 3069 1231 3144; x_wconf 87' lang='lat' dir='ltr'><strong>pecunias,</strong></span> <span class='ocrx_word' id='word_1_281' title='bbox 1254 3070 1290 3126; x_wconf 90' lang='lat' dir='ltr'><strong>de</strong></span> <span class='ocrx_word' id='word_1_282' title='bbox 1311 3065 1399 3149; x_wconf 86' lang='lat' dir='ltr'><strong>quibus</strong></span> <span class='ocrx_word' id='word_1_283' title='bbox 1448 3086 1450 3091; x_wconf 88' lang='lat'><em>·</em></span> 
     </span>
     <span class='ocr_line' id='line_1_40' title="bbox 330 3138 1399 3264; baseline -0.002 -72"><span class='ocrx_word' id='word_1_284' title='bbox 330 3138 428 3264; x_wconf 53' lang='lat' dir='ltr'><strong>lrbdeqe,</strong></span> <span class='ocrx_word' id='word_1_285' title='bbox 457 3141 509 3196; x_wconf 93' lang='lat' dir='ltr'><strong>etsi</strong></span> <span class='ocrx_word' id='word_1_286' title='bbox 531 3156 586 3213; x_wconf 91' lang='lat' dir='ltr'><strong>pro</strong></span> <span class='ocrx_word' id='word_1_287' title='bbox 611 3143 691 3198; x_wconf 91' lang='lat' dir='ltr'><strong>bono</strong></span> <span class='ocrx_word' id='word_1_288' title='bbox 719 3141 857 3212; x_wconf 90' lang='lat' dir='ltr'><strong>Instituti,</strong></span> <span class='ocrx_word' id='word_1_289' title='bbox 886 3142 1032 3215; x_wconf 90' lang='lat' dir='ltr'><strong>disponat,</strong></span> <span class='ocrx_word' id='word_1_290' title='bbox 1058 3142 1131 3213; x_wconf 91' lang='lat' dir='ltr'><strong>quin</strong></span> <span class='ocrx_word' id='word_1_291' title='bbox 1156 3141 1252 3197; x_wconf 90' lang='lat' dir='ltr'><strong>ullam</strong></span> <span class='ocrx_word' id='word_1_292' title='bbox 1275 3151 1399 3195; x_wconf 82' lang='lat' dir='ltr'><strong>rationem</strong></span> 
     </span>
     <span class='ocr_line' id='line_1_41' title="bbox 329 3224 439 3266; baseline 0.018 -2"><span class='ocrx_word' id='word_1_293' title='bbox 329 3226 360 3265; x_wconf 92' lang='lat' dir='ltr'><strong>re</strong></span> <span class='ocrx_word' id='word_1_294' title='bbox 401 3224 439 3266; x_wconf 90' lang='lat' dir='ltr'><strong>at.</strong></span> 
     </span>
    </p>
   </div>
   <div class='ocr_carea' id='block_1_3' title="bbox 722 3334 1034 3390">
    <p class='ocr_par' dir='ltr' id='par_1_18' title="bbox 722 3334 1034 3390">
     <span class='ocr_line' id='line_1_42' title="bbox 722 3334 1034 3390; baseline -0.003 -2"><span class='ocrx_word' id='word_1_295' title='bbox 722 3334 778 3390; x_wconf 88' lang='grc' dir='ltr'><strong>ΙΙΙ.</strong></span> <span class='ocrx_word' id='word_1_296' title='bbox 801 3334 844 3388; x_wconf 80' lang='lat' dir='ltr'><strong>Da</strong></span> <span class='ocrx_word' id='word_1_297' title='bbox 864 3335 1034 3388; x_wconf 75' lang='lat' dir='ltr'><strong>Drscnnm</strong></span> 
     </span>
    </p>
   </div>
   <div class='ocr_carea' id='block_1_4' title="bbox 436 3382 1448 3535">
    <p class='ocr_par' dir='ltr' id='par_1_19' title="bbox 436 3382 1448 3535">
     <span class='ocr_line' id='line_1_43' title="bbox 436 3382 1448 3535; baseline 0.003 -29"><span class='ocrx_word' id='word_1_298' title='bbox 436 3455 466 3521; x_wconf 82' lang='lat' dir='ltr'><strong>a)</strong></span> <span class='ocrx_word' id='word_1_299' title='bbox 482 3452 530 3509; x_wconf 88' lang='lat' dir='ltr'><strong>De</strong></span> <span class='ocrx_word' id='word_1_300' title='bbox 541 3453 602 3509; x_wconf 85' lang='lat' dir='ltr'><strong>vita</strong></span> <span class='ocrx_word' id='word_1_301' title='bbox 615 3451 772 3527; x_wconf 84' lang='lat' dir='ltr'><strong>religiosa.</strong></span> <span class='ocrx_word' id='word_1_302' title='bbox 1446 3382 1448 3535; x_wconf 48' lang='lat' dir='ltr'><strong>l</strong></span> 
     </span>
    </p>
   </div>
   <div class='ocr_carea' id='block_1_5' title="bbox 316 3527 1399 4316">
    <p class='ocr_par' dir='ltr' id='par_1_20' title="bbox 329 3527 1399 3818">
     <span class='ocr_line' id='line_1_44' title="bbox 364 3527 1399 3610; baseline -0.004 -19"><span class='ocrx_word' id='word_1_303' title='bbox 364 3536 408 3591; x_wconf 81' lang='lat'><strong>63.</strong></span> <span class='ocrx_word' id='word_1_304' title='bbox 424 3535 506 3590; x_wconf 89' lang='lat' dir='ltr'><strong>Num</strong></span> <span class='ocrx_word' id='word_1_305' title='bbox 524 3536 555 3591; x_wconf 93' lang='lat' dir='ltr'><strong>in</strong></span> <span class='ocrx_word' id='word_1_306' title='bbox 572 3552 753 3610; x_wconf 89' lang='lat' dir='ltr'><strong>unaquaque</strong></span> <span class='ocrx_word' id='word_1_307' title='bbox 775 3535 863 3592; x_wconf 91' lang='lat' dir='ltr'><strong>domo</strong></span> <span class='ocrx_word' id='word_1_308' title='bbox 884 3535 1019 3592; x_wconf 84' lang='lat' dir='ltr'><strong>exercitia</strong></span> <span class='ocrx_word' id='word_1_309' title='bbox 1040 3534 1204 3608; x_wconf 87' lang='lat' dir='ltr'><strong>spiritualia</strong></span> <span class='ocrx_word' id='word_1_310' title='bbox 1222 3551 1275 3608; x_wconf 91' lang='lat' dir='ltr'><strong>pro</strong></span> <span class='ocrx_word' id='word_1_311' title='bbox 1293 3527 1399 3604; x_wconf 83' lang='lat' dir='ltr'><strong>singulis</strong></span> 
     </span>
     <span class='ocr_line' id='line_1_45' title="bbox 329 3605 1399 3679; baseline -0.007 -16"><span class='ocrx_word' id='word_1_312' title='bbox 329 3607 440 3674; x_wconf 89' lang='lat' dir='ltr'><strong>diebus,</strong></span> <span class='ocrx_word' id='word_1_313' title='bbox 454 3607 612 3677; x_wconf 89' lang='lat' dir='ltr'><strong>mensibus,</strong></span> <span class='ocrx_word' id='word_1_314' title='bbox 627 3607 712 3663; x_wconf 83' lang='lat' dir='ltr'><strong>annis</strong></span> <span class='ocrx_word' id='word_1_315' title='bbox 731 3607 776 3663; x_wconf 91' lang='lat' dir='ltr'><strong>vel</strong></span> <span class='ocrx_word' id='word_1_316' title='bbox 795 3607 859 3663; x_wconf 90' lang='lat' dir='ltr'><strong>aliis</strong></span> <span class='ocrx_word' id='word_1_317' title='bbox 873 3607 958 3663; x_wconf 90' lang='lat' dir='ltr'><strong>certis</strong></span> <span class='ocrx_word' id='word_1_318' title='bbox 970 3605 1152 3679; x_wconf 90' lang='lat' dir='ltr'><strong>temporibus</strong></span> <span class='ocrx_word' id='word_1_319' title='bbox 1164 3616 1270 3662; x_wconf 85' lang='lat' dir='ltr'><strong>statuta</strong></span> <span class='ocrx_word' id='word_1_320' title='bbox 1285 3611 1399 3660; x_wconf 84' lang='lat' dir='ltr'><strong>accurate</strong></span> 
     </span>
     <span class='ocr_line' id='line_1_46' title="bbox 330 3689 1305 3818; baseline -0.002 -14"><span class='ocrx_word' id='word_1_321' title='bbox 330 3689 620 3818; x_wconf 41' lang='lat' dir='ltr'><strong>pegtfgllllttrllrrfomnes</strong></span> <span class='ocrx_word' id='word_1_322' title='bbox 633 3748 748 3804; x_wconf 89' lang='lat' dir='ltr'><strong>sodales</strong></span> <span class='ocrx_word' id='word_1_323' title='bbox 762 3748 869 3804; x_wconf 89' lang='lat' dir='ltr'><strong>cotidie</strong></span> <span class='ocrx_word' id='word_1_324' title='bbox 884 3746 991 3803; x_wconf 88' lang='lat' dir='ltr'><strong>missae</strong></span> <span class='ocrx_word' id='word_1_325' title='bbox 1003 3746 1146 3805; x_wconf 89' lang='lat' dir='ltr'><strong>sacrificio</strong></span> <span class='ocrx_word' id='word_1_326' title='bbox 1160 3749 1305 3804; x_wconf 88' lang='lat' dir='ltr'><strong>assistant.</strong></span> 
     </span>
    </p>

    <p class='ocr_par' dir='ltr' id='par_1_21' title="bbox 316 3817 1398 4316">
     <span class='ocr_line' id='line_1_47' title="bbox 364 3817 1398 3896; baseline -0.004 -20"><span class='ocrx_word' id='word_1_327' title='bbox 364 3822 409 3876; x_wconf 83' lang='lat'><strong>65.</strong></span> <span class='ocrx_word' id='word_1_328' title='bbox 427 3820 534 3875; x_wconf 92' lang='lat' dir='ltr'><strong>Utrum</strong></span> <span class='ocrx_word' id='word_1_329' title='bbox 552 3836 655 3876; x_wconf 90' lang='lat' dir='ltr'><strong>omnes</strong></span> <span class='ocrx_word' id='word_1_330' title='bbox 674 3820 788 3876; x_wconf 90' lang='lat' dir='ltr'><strong>sodales</strong></span> <span class='ocrx_word' id='word_1_331' title='bbox 806 3819 949 3876; x_wconf 84' lang='lat' dir='ltr'><strong>exercitiis</strong></span> <span class='ocrx_word' id='word_1_332' title='bbox 970 3819 1179 3875; x_wconf 88' lang='lat' dir='ltr'><strong>communibus</strong></span> <span class='ocrx_word' id='word_1_333' title='bbox 1193 3817 1329 3876; x_wconf 89' lang='lat' dir='ltr'><strong>interesse</strong></span> <span class='ocrx_word' id='word_1_334' title='bbox 1341 3827 1398 3896; x_wconf 79' lang='lat' dir='ltr'><strong>pos·</strong></span> 
     </span>
     <span class='ocr_line' id='line_1_48' title="bbox 328 3887 1398 3968; baseline -0.007 -21"><span class='ocrx_word' id='word_1_335' title='bbox 328 3891 395 3958; x_wconf 91' lang='lat' dir='ltr'><strong>sint,</strong></span> <span class='ocrx_word' id='word_1_336' title='bbox 412 3903 490 3946; x_wconf 83' lang='lat' dir='ltr'><strong>etan</strong></span> <span class='ocrx_word' id='word_1_337' title='bbox 504 3890 560 3946; x_wconf 92' lang='lat' dir='ltr'><strong>illis</strong></span> <span class='ocrx_word' id='word_1_338' title='bbox 575 3891 625 3963; x_wconf 95' lang='lat' dir='ltr'><strong>qui</strong></span> <span class='ocrx_word' id='word_1_339' title='bbox 647 3891 827 3964; x_wconf 87' lang='lat' dir='ltr'><strong>quandoque</strong></span> <span class='ocrx_word' id='word_1_340' title='bbox 848 3907 902 3958; x_wconf 87' lang='lat' dir='ltr'><strong>pro</strong></span> <span class='ocrx_word' id='word_1_341' title='bbox 925 3891 1050 3962; x_wconf 86' lang='lat' dir='ltr'><strong>negotiis</strong></span> <span class='ocrx_word' id='word_1_342' title='bbox 1068 3889 1238 3946; x_wconf 89' lang='lat' dir='ltr'><strong>domesticis</strong></span> <span class='ocrx_word' id='word_1_343' title='bbox 1257 3890 1293 3945; x_wconf 90' lang='lat' dir='ltr'><strong>ab</strong></span> <span class='ocrx_word' id='word_1_344' title='bbox 1313 3887 1398 3968; x_wconf 79' lang='lat' dir='ltr'><strong>aliquo</strong></span> 
     </span>
     <span class='ocr_line' id='line_1_49' title="bbox 328 3961 1397 4088; baseline -0.009 -70"><span class='ocrx_word' id='word_1_345' title='bbox 328 3961 629 4088; x_wconf 44' lang='lat' dir='ltr'><strong>elqeqcitieqpogmnqiiuni</strong></span> <span class='ocrx_word' id='word_1_346' title='bbox 641 3961 820 4032; x_wconf 88' lang='lat' dir='ltr'><strong>eximuntur,</strong></span> <span class='ocrx_word' id='word_1_347' title='bbox 841 3962 944 4018; x_wconf 91' lang='lat' dir='ltr'><strong>saltem</strong></span> <span class='ocrx_word' id='word_1_348' title='bbox 962 3961 1141 4041; x_wconf 89' lang='lat' dir='ltr'><strong>concedatur</strong></span> <span class='ocrx_word' id='word_1_349' title='bbox 1153 3975 1269 4036; x_wconf 88' lang='lat' dir='ltr'><strong>tempus</strong></span> <span class='ocrx_word' id='word_1_350' title='bbox 1281 3969 1397 4033; x_wconf 87' lang='lat' dir='ltr'><strong>pnvann</strong></span> 
     </span>
     <span class='ocr_line' id='line_1_50' title="bbox 316 4049 1397 4229; baseline -0.004 -69"><span class='ocrx_word' id='word_1_351' title='bbox 316 4052 337 4092; x_wconf 41' lang='lat' dir='ltr'><strong>&#39;l</strong></span> <span class='ocrx_word' id='word_1_352' title='bbox 362 4049 506 4160; x_wconf 45' lang='lat' dir='ltr'><strong>{tillim}</strong></span> <span class='ocrx_word' id='word_1_353' title='bbox 525 4074 693 4160; x_wconf 78' lang='lat' dir='ltr'><strong>observetur</strong></span> <span class='ocrx_word' id='word_1_354' title='bbox 717 4104 873 4159; x_wconf 89' lang='lat' dir='ltr'><strong>Decretum</strong></span> <span class='ocrx_word' id='word_1_355' title='bbox 896 4102 1153 4174; x_wconf 82' lang='lat' dir='ltr'><strong>Quemadmodum</strong></span> <span class='ocrx_word' id='word_1_356' title='bbox 1167 4105 1199 4175; x_wconf 82' lang='lat' dir='ltr'><strong>a)</strong></span> <span class='ocrx_word' id='word_1_357' title='bbox 1215 4113 1353 4229; x_wconf 78' lang='lat' dir='ltr'><strong>quantum</strong></span> <span class='ocrx_word' id='word_1_358' title='bbox 1368 4093 1397 4149; x_wconf 87' lang='lat' dir='ltr'><strong>ad</strong></span> 
     </span>
     <span class='ocr_line' id='line_1_51' title="bbox 328 4173 1397 4246; baseline -0.008 -15"><span class='ocrx_word' id='word_1_359' title='bbox 328 4174 522 4231; x_wconf 88' lang='lat' dir='ltr'><strong>conscientiae</strong></span> <span class='ocrx_word' id='word_1_360' title='bbox 543 4173 809 4230; x_wconf 84' lang='lat' dir='ltr'><strong>manifestationem</strong></span> <span class='ocrx_word' id='word_1_361' title='bbox 822 4190 883 4228; x_wconf 91' lang='lat' dir='ltr'><strong>non</strong></span> <span class='ocrx_word' id='word_1_362' title='bbox 895 4174 1077 4246; x_wconf 78' lang='lat' dir='ltr'><strong>exigendam,</strong></span> <span class='ocrx_word' id='word_1_363' title='bbox 1093 4173 1120 4245; x_wconf 86' lang='lat' dir='ltr'><strong>b)</strong></span> <span class='ocrx_word' id='word_1_364' title='bbox 1135 4190 1214 4245; x_wconf 90' lang='lat' dir='ltr'><strong>quoa</strong></span> <span class='ocrx_word' id='word_1_365' title='bbox 1253 4182 1397 4245; x_wconf 80' lang='lat' dir='ltr'><strong>sacramen·</strong></span> 
     </span>
     <span class='ocr_line' id='line_1_52' title="bbox 327 4239 1397 4316; baseline -0.006 -15"><span class='ocrx_word' id='word_1_366' title='bbox 327 4245 416 4301; x_wconf 82' lang='lat' dir='ltr'><strong>talem</strong></span> <span class='ocrx_word' id='word_1_367' title='bbox 427 4244 658 4301; x_wconf 89' lang='lat' dir='ltr'><strong>confessionem:</strong></span> <span class='ocrx_word' id='word_1_368' title='bbox 682 4262 756 4301; x_wconf 90' lang='lat' dir='ltr'><strong>num</strong></span> <span class='ocrx_word' id='word_1_369' title='bbox 777 4244 884 4316; x_wconf 87' lang='lat' dir='ltr'><strong>pariter</strong></span> <span class='ocrx_word' id='word_1_370' title='bbox 906 4256 1035 4302; x_wconf 90' lang='lat' dir='ltr'><strong>servetur</strong></span> <span class='ocrx_word' id='word_1_371' title='bbox 1055 4244 1206 4301; x_wconf 89' lang='lat' dir='ltr'><strong>decretum</strong></span> <span class='ocrx_word' id='word_1_372' title='bbox 1226 4245 1319 4301; x_wconf 88' lang='lat' dir='ltr'><strong>Sacra</strong></span> <span class='ocrx_word' id='word_1_373' title='bbox 1341 4239 1397 4295; x_wconf 83' lang='lat' dir='ltr'><strong>Trt·</strong></span> 
     </span>
    </p>
   </div>
   <div class='ocr_carea' id='block_1_6' title="bbox 0 0 1484 4900">
    <p class='ocr_par' dir='ltr' id='par_1_22' title="bbox 0 0 1484 4900">
     <span class='ocr_line' id='line_1_53' title="bbox 0 0 1484 4900; baseline 0 0"><span class='ocrx_word' id='word_1_374' title='bbox 0 0 1484 4900; x_wconf 95' lang='lat' dir='ltr'><strong> </strong></span> 
     </span>
    </p>
   </div>
  </div>
 </body>
</html>
