2959 4900
114 297 169 378 [47.
181 295 230 378 48]
245 316 489 355 τιτυι,11111111111
499 319 677 356 exstrueris.
690 317 809 355 nectum
822 322 830 350 ι
844 315 882 353 or
893 314 996 352 nemra
1008 318 1017 346 1
1031 293 1110 350 orci.
1134 290 1190 354 129

112 451 228 508 tationes
241 463 269 507 et
281 450 373 507 libelli
386 451 539 525 supplices.
567 455 659 510 Porro
681 452 729 510 hic
750 451 845 508 visum
864 457 910 506 'est
932 465 1025 519 casus,
1046 460 1190 522 quatenus
1262 505 1264 509 ,

112 523 191 580 nobis
210 522 411 589 innotuerunt,
431 541 492 580 una
512 525 599 580 simul
612 541 787 599 proponere,
803 537 831 579 et
845 521 959 589 deinde,
981 519 1012 576 in
1025 518 1190 601 annotatio-

111 595 193 651 nibus
209 593 318 674 apponi
332 593 436 675 solitis,
452 613 487 651 ex
508 595 569 652 istis
590 595 737 669 responsis
757 593 886 650 mutuari
909 593 1009 650 lumen
1032 591 1068 647 ad
1093 607 1191 664 ipsum

110 668 252 725 decretum
261 683 355 738 magrs
365 666 516 739 magisque
527 667 745 724 illustrandum.

145 749 166 803 l.
179 747 364 823 Rescriptum
379 749 388 784 ¹
402 765 438 819 19
451 749 613 806 decembris
627 767 699 822 1904
712 750 753 806 ad
765 749 944 824 Episcopum
957 745 1141 821 Aliphanum
1156 748 1177 802 ².

146 832 304 912 Episcopus
332 832 497 907 Aliphanus
525 833 675 891 humiliter
700 835 772 907 petit
798 831 976 890 solutionem
1004 829 1190 912 sequentium

109 903 272 973 dubiorum,
295 921 371 976 quae
392 921 453 961 sese
474 905 605 962 referunt
626 906 663 962 ad
682 906 832 963 decretum
859 904 900 960 Ut
916 902 1025 970 debita,
1049 901 1191 958 edituma

109 978 140 1030 S.
153 975 383 1048 Congregatrone
397 976 524 1032 Consilii
539 977 587 1033 die
604 997 629 1033 11
647 977 716 1033 maii
734 995 811 1052 1904.

145 1061 166 1115 l.
186 1060 231 1115 An
257 1060 364 1117 missae
388 1078 464 1133 quae
499 1077 534 1117 ex
564 1079 653 1118 onere
684 1073 828 1136 perpetuo
858 1059 1011 1116 inhaerent
1041 1056 1188 1123 ecclesiae,

108 1130 292 1199 monasterio,
317 1131 615 1201 confratemitatibus,
631 1145 682 1188 aut
705 1132 777 1188 locis
799 1131 855 1206 piis
874 1130 1120 1258 quibuscumque,
1140 1130 1190 1185 sed

108 1201 138 1256 in
158 1202 238 1258 nulla
260 1201 390 1259 Ecclesia
411 1216 479 1258 sunt
499 1204 675 1261 constitutae
688 1204 728 1261 ita
746 1217 808 1260 uta
822 1219 883 1276 quo
896 1202 955 1258 ibet
968 1202 1117 1258 sacerdote
1136 1217 1190 1273 pro

108 1272 372 1330 administratorum
384 1273 505 1331 arbitrio
517 1275 613 1331 ubivis
625 1275 765 1350 applicari
776 1273 897 1348 possint,
911 1273 1056 1330 accenseri
1066 1273 1190 1329 debeant

108 1345 180 1400 inter
191 1344 325 1401 fundatas
336 1346 381 1402 vel
396 1346 495 1420 potius
510 1346 586 1405 inter
601 1347 754 1404 manuales
766 1347 804 1403 ad
818 1344 954 1403 effectum
967 1343 1073 1420 decreti
1084 1346 1094 1400 l

144 1429 180 1483 ll.
200 1428 247 1484 An
273 1429 443 1486 Sacerdotes
468 1430 576 1502 quibus
601 1448 619 1486 a
641 1430 803 1486 rectoribus
830 1447 881 1486 seu
902 1427 1190 1491 administratoribus

108 1499 292 1556 ecclesiarum
313 1500 506 1557 committitur
529 1501 685 1558 satisfactio
707 1502 796 1557 unius
810 1513 861 1556 aut
879 1499 1010 1574 plurium
1025 1499 1190 1572 legatorum

106 1570 267 1638 missarum,
288 1572 320 1627 in
343 1572 472 1629 Ecclesia
494 1572 694 1639 fundatorum,
709 1573 822 1648 possint
841 1589 894 1645 pro
909 1589 963 1628 suo
978 1571 1098 1627 arbitrio
1111 1587 1190 1627 com·

108 1642 220 1700 mittere
244 1661 346 1700 earum
372 1643 528 1701 missarum
554 1643 781 1701 celebrationem
807 1644 872 1700 aliis
897 1643 1096 1700 sacerdotibus
1122 1659 1189 1699 curn

109 1713 215 1770 minori
228 1715 424 1788 eleemosyna,
440 1716 528 1772 etiam
542 1728 622 1773 extra
637 1715 798 1773 Ecclesiam
811 1715 970 1790 propriam.
1186 1728 1188 1737 ¹

140 1799 194 1852 lll.
207 1797 253 1853 An
267 1799 431 1856 sacerdotes
444 1799 573 1856 fruentes
586 1799 755 1874 capellaniis
768 1799 905 1867 fundatis,
917 1798 976 1854 sive
989 1796 1189 1855 ecclesiasticis

106 1869 163 1924 sive
172 1867 333 1939 laicalibus,
344 1871 456 1944 possint
470 1871 534 1927 aliis
547 1869 746 1929 sacerdotibus
761 1871 864 1927 missas
876 1885 997 1926 suarum
1016 1868 1189 1943 capellania-

106 1957 172 1996 rum
185 1942 372 1998 celebrandas
390 1942 573 2000 committere
586 1954 691 2000 statuta
711 1944 898 2016 eleemosyna
917 1958 971 2016 pro
984 1958 1037 1999 suo
1048 1941 1188 1997 arbitriol

141 2024 192 2080 lV.
211 2025 259 2081 An
273 2025 429 2101 episcopus
450 2027 543 2100 possit
563 2028 617 2084 sub
639 2027 769 2084 censuris
791 2026 866 2082 latae
887 2025 1048 2082 sententiae
1062 2024 1189 2099 compel-

106 2096 165 2151 lere
187 2097 361 2168 sacerdotes,
384 2097 573 2155 beneficiatos
595 2111 624 2155 et
646 2098 895 2155 administratores
917 2097 1050 2154 locorum
1071 2096 1189 2171 piorum

104 2166 132 2221 in
146 2166 206 2224 fine
220 2167 376 2225 cuiuslibet
389 2168 458 2225 anni
470 2170 508 2225 ad
521 2170 576 2226 sibi
589 2171 744 2227 tradendas
757 2169 859 2226 missas
871 2169 978 2243 quibus
990 2169 1065 2225 infra
1077 2186 1189 2225 annum

104 2255 164 2294 non
178 2237 377 2308 satisfecerint,
392 2255 421 2299 et
439 2243 493 2298 sub
515 2241 619 2299 iisdem
632 2242 735 2316 poenis
757 2241 815 2297 illis
837 2240 993 2316 prohibere
1016 2257 1053 2297 ne
1073 2240 1189 2296 mittant

104 2321 181 2365 extra
192 2310 372 2368 dioecesim?

468 2385 521 2441 Die
538 2384 740 2460 19decembris
757 2402 834 2459 ¹9⁰4·

137 2468 225 2524 Sacra
238 2469 434 2543 Congregatio
448 2471 570 2528 Concilii
584 2470 750 2527 Tridentini
767 2471 912 2544 lnterpres
925 2469 1080 2543 praedictis
1093 2470 1190 2527 dubiis

105 2538 141 2593 ita
154 2541 394 2613 respondendum
407 2542 537 2599 censuit:
1025 2542 1028 2547 ¹

137 2611 182 2666 Ad
196 2613 218 2666 l.
243 2612 401 2669 llabendas
414 2631 476 2670 esse
488 2615 526 2670 ad
539 2613 630 2669 instar
644 2612 838 2670 manualium.

137 2682 180 2737 Ad
198 2683 238 2737 ll.
259 2686 329 2739 Non
343 2702 438 2759 posse.

105 2754 181 2876 dAd
202 2754 264 2835 Ι111.
286 2755 426 2829 Negative
453 2769 481 2812 et
507 2756 662 2813 servandas
688 2772 751 2811 esse
778 2754 983 2827 dispositiones
1008 2755 1121 2812 articuli
1147 2759 1187 2813 Xl

124 2837 220 2881 ecretr.

137 2897 182 2951 Ad
199 2899 249 2953 lV.
274 2899 386 2954 Contra
403 2908 629 2981 transgressores
650 2897 765 2955 articuli
787 2899 828 2953 IV
842 2896 920 2954 citati
943 2898 1050 2955 decreti
1072 2898 1190 2971 Episco-

104 2983 172 3046 pum
195 2970 354 3042 procedere
376 2987 462 3051 posse
483 2989 514 3027 111
536 2970 713 3043 particulari,
739 2968 858 3027 servatis
883 2969 919 3025 de
942 2970 1006 3027 iure
1030 2971 1187 3042 servandis,

104 3051 189 3095 enam
202 3058 271 3097 cum
285 3057 426 3099 censuris.

433 3115 614 3169 Vrucrnrrus
628 3112 715 3169 Card.
733 3111 831 3186 Episc.
848 3112 1029 3170 Praenestin.
1044 3113 1151 3186 Praes.

481 3244 486 3255 .
774 3194 808 3252 C.
826 3194 873 3251 De
884 3195 955 3264 Lai,
970 3196 1082 3253 Secret.

141 3277 179 3333 ll.
192 3278 346 3353 Responsa
360 3279 391 3334 in
403 3279 537 3335 Bredan.
551 3282 563 3316 ³
575 3278 697 3353 27scbr.
711 3279 793 3349 1905.

1237 830 1240 837 '
1274 831 1365 878 Orator

1273 889 1374 934 nabla.

1273 1067 1311 1114 Dc
1324 1064 1404 1126 quali-

1245 1128 1292 1180 tate
1301 1127 1390 1171 missa·

1244 1195 1306 1230 rum.

1269 1437 1306 1484 Dc
1313 1427 1404 1483 exsecu-

1245 1497 1356 1554 tromper

1243 1553 1306 1601 alios
1316 1554 1385 1600 extra

1243 1609 1376 1660 Ecclesiam

1238 1667 1402 1731 fundationis.

1267 1797 1305 1845 De
1322 1795 1403 1842 missis

1243 1852 1396 1960 ppppellania·

1273 1927 1296 1960 m

1273 2025 1311 2073 Dc
1311 2025 1380 2129 golc-

1243 2088 1303 2132 state
1332 2083 1384 2141 pss-

1243 2142 1294 2202 crpi
1300 2136 1394 2201 serendi

1243 2210 1362 2248 censuras.

1271 2382 1331 2431 Dies
1342 2381 1367 2439 (r
1402 2433 1405 2442 Ι

1243 2440 1291 2491 dcc.
1304 2395 1383 2500 190419.

1244 2574 1402 2675 'iiim’

1272 2697 1364 2749 etan.

1272 2769 1379 2823 datu.

1272 2900 1373 2952 AdtV.

140 3380 156 3409 «
172 3372 199 3415 ιο
214 3362 249 3417 In
262 3362 389 3419 dioecesi
399 3362 499 3419 vicarii
513 3363 544 3418 in
557 3364 647 3419 domo
661 3361 783 3437 parochi
792 3374 944 3435 tamquam
958 3362 1020 3419 eius
1033 3362 1189 3420 familiares
1281 3382 1288 3397 ·
1310 3407 1314 3414 .

106 3427 221 3510 degunt,
241 3434 393 3490 communi
416 3445 530 3491 utentes
549 3434 637 3490 victu.
654 3433 794 3490 Parochis
812 3452 866 3507 pro
880 3434 978 3491 vicarii
991 3434 1070 3491 victu
1092 3446 1120 3491 et
1132 3452 1189 3491 ser·
1284 3466 1287 3475 ·

106 3512 172 3557 vrtro
201 3505 342 3561 salarium
374 3506 524 3561 modicum
549 3522 585 3562 ex
614 3505 754 3562 ecclesiae
779 3505 920 3563 reditibus
949 3505 1081 3575 solvitur,
1108 3507 1189 3579 quod

107 3568 227 3631 ferendis
247 3576 295 3632 his
318 3577 451 3649 expensis
465 3576 561 3651 impar
580 3588 633 3633 est.
649 3578 736 3634 Unde
758 3577 970 3633 consuetudine
989 3577 1190 3634 introductum
1266 3583 1284 3649 ’,

107 3654 157 3712 est,
178 3659 211 3702 ut
232 3658 285 3729 pro
312 3647 391 3704 victu
418 3661 447 3704 et
469 3648 586 3705 servitio
607 3649 706 3705 vicarii
719 3648 866 3729 ‘parochis
890 3648 920 3704 in
943 3648 1063 3705 cumulo
1086 3650 1190 3706 cedant
1250 3700 1254 3709 .

107 3710 213 3795 fructus
237 3736 394 3775 missarum
417 3720 618 3794 pinguiorum‚
647 3732 675 3777 et
699 3720 814 3776 v1cariis
838 3720 984 3777 tribuatur
1010 3720 1188 3795 stipendium

106 3785 282 3867 ordinarium
303 3791 409 3847 missae
430 3791 531 3854 lectae,
554 3792 643 3847 unius
668 3791 784 3849 floreni.
816 3794 849 3846 ln
877 3791 934 3847 hoc
960 3809 1029 3848 casu
1052 3792 1189 3873 stipendii

109 3857 242 3916 ordinarii
262 3874 455 3935 augmentum
477 3863 601 3919 solvitur
623 3863 753 3937 parocho
775 3881 829 3936 pro
850 3862 929 3919 victu
948 3874 977 3919 et
999 3864 1125 3935 servibo,
1150 3865 1190 3920 ita

108 3937 202 3985 tamen
221 3946 253 3988 ut
282 3952 317 3989 ex
339 3933 490 4007 stipendiis
513 3934 716 4009 pinguioribus
741 3952 802 3991 non
827 3937 893 4009 plus
911 3935 1072 3992 retineatur
1099 3952 1189 4009 quam

109 3995 227 4059 honesta
237 4005 436 4079 compensatio
450 4006 589 4081 postulat.

138 4171 232 4289 Line?
242 4176 268 4226 S.
281 4177 371 4234 Stents,
382 4181 402 4225 t.
415 4180 612 4238 37(1904·1905),
625 4192 653 4238 p.
666 4183 719 4228 521.

139 4304 151 4337 ³
164 4243 626 4361 lnutgiiZdiamausamafferimus
634 4324 666 4360 ex
674 4314 764 4363 Artas.
775 4312 998 4370 Eccrssmsrrcs,
1007 4316 1072 4372 1905,
1080 4326 1107 4372 p.
1116 4326 1145 4370 7⁰
1152 4326 1188 4363 ss.
