2959 4900
227 316 266 396 i0
669 339 875 392 surrmurrr'rn

272 489 381 577 Quod
408 489 572 559 ducimus
599 489 859 560 affirmandum.
887 489 1003 560 Simili
1019 489 1115 558 enim
1131 501 1214 557 tunc
1238 489 1316 556 loco

204 606 206 611 ·
226 593 308 648 sunt
335 580 454 737 ap1b0,
472 602 544 671 quo
561 595 611 650 est
627 581 833 672 Capitulum
849 581 1010 670 generale
1030 580 1073 648 ad
1092 577 1317 669 Superiorem

225 689 352 758 genera
367 691 436 738 em.

225 859 239 928 l
270 770 313 839 V.
332 772 388 839 De
407 770 750 862 Consruternr‘totum
765 771 819 841 uel
831 772 982 840 Piorum
1004 770 1181 840 Unionrrm
1203 779 1318 838 trans·

238 861 363 930 atione.

269 952 375 1020 Anno
403 951 559 1040 proxime
587 952 638 1021 ela
666 974 705 1021 so
738 953 833 1042 1903,
863 951 921 1019 die
953 974 991 1041 19
1018 950 1150 1040 aprilis,
1170 949 1317 1019 Sorores

225 1061 315 1130 quae
331 1061 351 1109 a
367 1041 506 1110 caritate
530 1056 564 1110 et
591 1063 609 1109 a
639 973 676 1110 S.
694 1039 882 1110 Vincentio
899 1063 918 1107 a
938 1041 1050 1108 Paulo
1066 1053 1315 1128 nuncupantur

224 1131 457 1218 impetrarunt
474 1153 493 1200 a
512 1131 548 1200 S.
569 1130 850 1220 Congregatione
871 1129 1176 1220 Indulgentiarum
1194 1128 1315 1224 Indu13

224 1232 300 1286 tum
328 1241 413 1308 quo,
439 1221 476 1288 in
498 1223 668 1307 praesenti
693 1220 872 1288 vexatione
896 1219 1143 1308 religiosorum
1167 1217 1313 1305 Galliae,

226 1306 398 1384 Sodalicia
416 1309 571 1378 instituta
587 1309 679 1399 apud
697 1309 790 1398 ipsas
817 1308 964 1399 possint,
983 1307 1119 1376 intactis
1135 1307 1316 1398 indulgen·

223 1397 294 1553 stip),
312 1399 349 1465 in
366 1399 433 1465 alia
449 1399 592 1467 eceleeia
614 1419 734 1466 vacare
757 1399 932 1466 consuetis
956 1397 1092 1488 pietatis
1108 1395 1315 1465 exercitatio·

224 1508 258 1553 nr
288 1509 341 1556 us.
1038 1540 1041 1543 .

269 1575 457 1664 Observes,
494 1598 575 1645 cum
613 1576 810 1668 Episcopus
844 1575 1044 1667 permittere
1075 1589 1180 1665 queat
1208 1588 1316 1644 trans·

223 1665 390 1734 lationem
408 1665 571 1735 Sodalicii
588 1666 631 1735 ab
648 1689 719 1736 una
747 1669 786 1735 in
812 1669 918 1734 altam
945 1666 1139 1754 ecclesiam,
1171 1666 1314 1732 Indulto

226 1753 262 1824 S.
284 1753 384 1824 Sedis
401 1777 491 1846 opus
507 1756 613 1824 fuisse
629 1778 702 1824 non
724 1756 846 1824 videri.
867 1755 988 1843 Quare
1015 1756 1052 1822 in
1074 1755 1151 1844 ipso
1170 1754 1314 1821 Indulto

223 1844 373 1932 legimus
391 1845 427 1914 S.
440 1847 769 1934 Congregationem
783 1866 937 1914 annuere
977 1855 1124 1913 uatenus
1147 1865 1234 1934 opus
1254 1843 1311 1914 sit.

223 1933 295 2003 Cfr.
315 1935 430 2003 Reuue
446 1934 663 2025 tlre'ologr'que
676 1935 866 2024 frumine,
891 1867 986 2024 moi,
1004 1957 1038 2024 p.
1057 1934 1135 2021 481.
