2959 4900
109 272 196 354 [105]
242 296 265 331 s.
278 296 303 331 c.
315 296 357 330 111.
371 296 407 331 ur
418 296 482 330 11110.
493 303 507 336 ⁴
519 294 581 329 nnc.
596 266 662 339 1905,
676 294 822 329 nnosessro
833 296 907 330 arun
918 296 1057 333 1101113133

145 428 216 499 Ora,
231 430 282 485 tali
305 430 421 502 giovani
442 430 564 484 essendo
587 427 733 501 prossime
752 430 940 484 aterminare
968 432 993 485 ’11
1019 430 1147 486 triennio
1169 433 1215 487 dei

1297 450 1331 496 Ε1
1362 447 1428 509 sacto

108 500 169 556 voti
181 501 312 575 semplici
324 501 506 574 temporanei
527 516 543 555 e
561 500 723 557 dovendosi
766 512 937 557 ammettere
953 504 1010 557 alla
1032 502 1217 561 Professione
1264 509 1391 566 praesenti,

110 571 244 639 solenne,
261 572 474 645 atranquillita
489 588 541 627 sua
562 588 578 627 e
597 589 614 626 3
627 570 726 629 rimuo
737 578 806 626 Vere
841 572 958 632 ualsiasi
972 574 1125 647 equivoc0,
1148 592 1215 650 sup·

110 641 187 715 plica
200 646 228 699 la
242 646 272 700 S.
287 644 323 698 V.
337 652 388 717 per
402 643 430 697 la
443 644 595 698 soluzione
608 644 655 699 dei
670 642 805 718 seguenti
819 590 921 700 inubi.

155 717 179 771 I.
197 717 262 771 Pub
275 714 419 771 tollerarsi
431 714 530 770 l’anno
543 713 591 769 del
604 716 665 771 cosi
678 716 760 773 detto
775 734 791 765 a
803 714 967 773 Giovanato
983 738 998 769 >a
1014 717 1098 790 dopo
1114 715 1214 790 quello

112 794 158 850 del
170 786 342 857 Noviziat03
353 802 475 857 oppure,
487 802 601 857 appena
612 788 772 842 terminato
781 785 802 840 il
817 788 983 857 Noviziato,
995 805 1026 844 se
1040 788 1128 844 nulla
1138 798 1212 857 osta,

111 860 235 921 devonsi
258 869 429 914 ammettere
448 858 475 913 le
496 856 618 913 Novizie
638 858 696 915 alla
719 856 904 915 Professione
924 860 970 917 dei
996 860 1058 916 voti
1080 859 1214 933 semplici

113 931 244 993 secondo
257 930 277 983 il
289 942 392 985 tenore
406 928 453 984 del
470 931 593 984 Decreto
606 930 780 1001 Apostolico
796 930 843 985 del
860 932 873 987 3
890 931 1008 1005 maggio
1027 933 1114 1005 19031

150 1008 191 1061 11.
208 1000 314 1069 Quelle
326 1000 443 1072 giovani
465 1000 518 1055 che
533 999 561 1055 al
573 1012 706 1073 presente
718 1002 819 1056 hanno
833 1002 894 1058 voti
914 1020 975 1059 sem
999 1003 1046 1057 lici
1066 1016 1213 1073 tempora·

113 1079 171 1145 nei,
196 1074 327 1129 secondo
346 1070 463 1126 l'antica
482 1073 705 1143 consuetudine,
726 1072 822 1146 prima
841 1072 870 1128 di
893 1020 1002 1129 fareiit
1030 1072 1214 1130 Professione

113 1146 278 1211 solenne&
297 1142 460 1199 necessario
478 1143 532 1198 che
550 1141 683 1199 facciano
702 1144 712 1199 i
731 1143 792 1200 voti
812 1145 944 1218 semplici
966 1163 984 1201 a
1003 1162 1107 1201 norma
1127 1144 1212 1199 edin

114 1216 288 1278 esecuzione
308 1215 355 1270 del
376 1214 465 1270 citato
491 1216 612 1294 Decreto
634 1215 817 1289 Apostolico.
839 1233 953 1297 oppure
975 1219 992 1272 ὲ
1011 1215 1173 1272 sufficiente
1192 1215 1212 1270 il

113 1288 244 1347 triennio
258 1286 305 1341 dei
319 1286 379 1341 voti
393 1287 577 1357 temporanei
591 1286 655 1342 fatti
669 1287 798 1342 secondo
812 1287 929 1344 l'antrca
945 1288 1176 1344 consuetudinel

152 1364 208 1418 111.
254 1359 282 1413 el
296 1373 364 1412 caso
377 1356 513 1430 negativo
533 1355 591 1411 alla
605 1359 731 1414 seconda
750 1370 831 1430 parte
844 1359 891 1415 del
911 1360 1040 1415 secondo
1061 1358 1180 1426 dubbio,
1197 1374 1212 1413 e

115 1434 171 1489 che
182 1432 246 1489 cioe
255 1428 276 1483 il
286 1427 415 1483 triennio
425 1428 472 1484 dei
481 1427 542 1483 voti
550 1429 680 1498 semplici
690 1430 872 1501 temporanei
882 1447 944 1488 non
952 1431 1028 1486 fosse
1038 1430 1210 1496 sufficiente,

115 1505 262 1561 l'Oratore
276 1500 402 1571 implora
414 1499 590 1572 la'dispensa
602 1501 649 1555 del
664 1500 752 1557 citato
769 1502 892 1557 Decreto
908 1502 954 1558 del
968 1503 983 1557 3
998 1502 1115 1573 maggio
1133 1518 1209 1581 1902,

116 1576 215 1632 conia
229 1571 336 1629 1300111
355 1571 384 1624 di
399 1583 569 1626 ammettere
591 1571 618 1627 le
632 1583 799 1629 mentovate
818 1572 935 1644 giovani
948 1573 1005 1628 alla
1027 1572 1212 1628 Professione

116 1649 241 1704 solenne
249 1643 299 1715 col
314 1642 379 1699 solo
392 1642 519 1697 triennio
538 1640 585 1697 dei
598 1643 657 1698 voti
672 1644 803 1717 semplici
822 1644 1016 1716 temporanei,
1038 1644 1211 1699 rimanendo

116 1731 225 1791 troppo
244 1731 366 1788 gravosa
385 1713 413 1767 la
427 1712 598 1786 ripetizione
612 1714 641 1769 di
655 1731 698 1768 un
717 1718 791 1771 altro
804 1715 932 1771 triennio
946 1716 976 1769 di
995 1714 1055 1770 voti
1069 1714 1209 1788 semplici,

116 1787 235 1845 nonche
247 1803 307 1841 una
322 1784 448 1855 benigna
462 1780 619 1853 san'atoria,
634 1787 757 1858 qualora
772 1803 902 1856 occorra‚
919 1803 971 1859 per
984 1786 1081 1867 quelle
1094 1785 1208 1856 giovari

116 1862 181 1927 che,
193 1857 272 1913 dalla
285 1857 351 1911 data
364 1856 411 1911 del
423 1854 475 1928 pist
487 1856 566 1911 volte
578 1856 667 1913 citato
680 1859 796 1914 decreto
811 1856 872 1912 fino
886 1858 922 1914 ad
936 1874 1014 1929 oggi,
1028 1856 1128 1912 hanno
1141 1856 1211 1911 latta

117 1934 147 1989 13
170 1928 356 1987 Professione
381 1928 518 1994 solenne„
537 1944 598 1983 non
624 1944 771 1986 osservata
794 1929 822 1983 13
845 1928 940 1985 forma
963 1929 1021 1984 eil
1044 1941 1145 1983 tenore
1164 1928 1210 1981 del

118 2006 244 2059 Decreto
255 1998 427 2064 medesimo,
443 2000 566 2054 essendo
579 1998 625 2056 cib
639 2012 784 2057 avvenuto
799 2000 829 2055 in
842 2001 942 2057 buona
957 2000 1031 2057 fede.

153 2074 219 2129 Che
231 2070 307 2127 della
322 2070 428 2141 grazia,
444 2086 503 2125 ecc.
1166 2134 1167 2141 ἵ

153 2144 264 2217 Vigore
277 2141 445 2215 specialium
467 2140 641 2196 facultatum
663 2161 680 2197 a
702 2143 781 2198 ssmo
797 2141 924 2197 Domino
938 2144 1049 2198 Nostro
1061 2157 1210 2197 concessa·

117 2234 197 2283 rum,
212 2216 301 2269 Sacra
320 2212 516 2283 Congregatio
537 2214 646 2267 Eurorum
664 2224 693 2271 et
713 2216 823 2268 Rmorum
842 2213 872 2269 S.
896 2215 929 2267 R.
953 2216 987 2268 E.
1010 2211 1210 2269 Cardinalium

118 2286 244 2359 negotiis
262 2294 290 2340 et
304 2283 569 2338 consultationibus
585 2286 647 2340 EE.
662 2297 690 2339 et
706 2287 768 2341 RR.
785 2284 958 2367 praepositis
977 2284 1073 2339 dubiis
1093 2300 1211 2353 respon-

117 2359 249 2415 dendum
260 2354 373 2411 censuit
379 2366 468 2426 prout
475 2356 644 2427 respondet:
657 2356 703 2411 Ad
714 2360 737 2412 1.
747 2358 898 2430 Negatzve
907 2359 944 2412 ad
954 2356 1080 2428 primam
1088 2368 1208 2425 partem,

116 2431 142 2486 Α
142 2426 310 2506 ffirmative
330 2426 367 2481 ad
386 2426 562 2496 secundam;
587 2428 624 2483 ad
647 2430 686 2484 ll.
710 2427 861 2502 Negative
882 2429 918 2483 ad
938 2428 1063 2501 primam
1088 2438 1209 2500 partem,

116 2504 143 2557 A
143 2499 311 2577 ffirmative
324 2498 361 2553 ad
375 2498 552 2566 secundam;
567 2500 603 2554 ad
619 2501 674 2557 111.
690 2503 842 2573 provisum
856 2501 887 2555 in
902 2501 1042 2556 secundo.

157 2576 279 2637 Romae,
299 2588 318 2640 4
336 2569 498 2625 decembris
521 2573 598 2643 1905.

748 2644 784 2699 D.
800 2643 886 2698 Card.
903 2643 1052 2703 Funuara,
1073 2642 1175 2712 Praes.

687 2713 844 2788 Philippus
860 2713 1000 2782 Giustini,
1015 2713 1210 2768 Secretarius.

121 2806 232 2815 —-.-—-

143 2857 199 2913 Age
209 2865 303 2911 portu,
314 2865 378 2898 cum
388 2850 497 2909 puellae
516 2849 584 2898 istae
603 2849 631 2897 in
646 2864 679 2898 eo
694 2850 749 2898 sint
760 2856 790 2898 ut
806 2850 954 2899 triennium
968 2851 1122 2908 compleant
1138 2854 1214 2897 voto·

114 2933 175 2968 rum
185 2917 356 2976 simplicium
373 2915 610 2976 temporariorum,
627 2916 666 2964 ita
682 2925 712 2964 ut
728 2918 765 2965 ad
781 2918 940 2965 sollemnem
958 2915 1214 2968 admittendaesint

115 2984 321 3047 professionem,
333 2989 435 3040 orator,
446 2995 497 3042 pro
508 2996 577 3042 pace
587 2989 673 3031 suaet
683 2984 719 3032 ad
729 2997 838 3032 omnem
848 2981 1056 3043 ambiguitatem
1066 2981 1213 3030 tollendam

116 3052 230 3110 supplex
240 3057 318 3109 rogat
329 3050 357 3098 S.
367 3050 400 3096 V.
412 3048 577 3096 solutionem
587 3049 761 3108 sequentium
773 3047 929 3097 dubiorum.

143 3123 167 3169 Ι.
180 3119 320 3171 Potestne,
332 3114 459 3163 absoluto
471 3114 635 3164 Noviciatus
645 3129 727 3171 anno,
746 3115 856 3165 tolerari
868 3128 957 3163 annus
968 3113 1007 3161 sic
1018 3112 1085 3161 dicti
1099 3130 1108 3158 1
1121 3112 1213 3162 Iunio·

113 3193 191 3234 ratus
203 3200 225 3240 1,
236 3197 281 3238 311,
294 3181 342 3229 vix
356 3195 420 3229 cum
436 3180 577 3241 perficitur
587 3182 752 3238 noviciatus,
764 3181 874 3238 debent,
886 3179 939 3228 nisi
950 3179 1057 3240 aliquid
1068 3178 1213 3236 obstiterit,

116 3249 252 3300 Noviciae
273 3248 309 3296 ad
330 3246 484 3306 simplicem
509 3247 617 3296 admitti
642 3247 850 3299 Professionem.
869 3246 1022 3295 secundum
1046 3245 1215 3306 praescripta

118 3314 229 3364 Decreti
241 3313 393 3372 Apostolici
406 3311 495 3360 3111311
508 3313 583 3371 1902?
668 3362 672 3370 .

145 3385 183 3430 ΙΙ.
197 3380 314 3428 Puellae
329 3392 401 3439 quae
415 3392 490 3426 nunc
505 3377 678 3438 temporariis
688 3378 768 3430 votis.
781 3379 933 3426 secundum
948 3377 1091 3439 antiquam
1101 3390 1215 3426 consue-

115 3448 251 3501 tudinem,
261 3451 398 3500 tenentur,
411 3442 548 3492 debentne
556 3444 717 3505 priusquam
727 3446 887 3493 sollemnem
898 3444 1002 3492 iaciant
1009 3442 1214 3503 professionem,

115 3513 256 3573 simplicia
267 3524 428 3570 nuncupare
444 3518 509 3558 vota
519 3510 554 3558 ad
570 3524 697 3560 normam
712 3510 789 3560 citati
808 3510 918 3558 Decreti
935 3509 1096 3570 Apostolici,
1113 3509 1157 3557 cui
1175 3509 1216 3558 sic

118 3579 365 3638 obtemperaretur,
388 3590 424 3624 an
440 3575 559 3624 sufficiat
579 3575 647 3636 ipsis
666 3576 812 3625 triennalia
827 3575 977 3626 secundum
993 3575 1134 3636 antiquam
1151 3589 1216 3623 con·

116 3645 292 3694 suetudinem
304 3641 401 3690 fecisse
411 3646 476 3689 vota
486 3642 495 3689 ?

146 3713 201 3760 111.
214 3712 250 3758 Et
260 3712 397 3770 quatenus
407 3707 533 3768 negative
544 3708 742 3767 respondeatur
753 3708 789 3757 ad
807 3710 922 3760 alteram
936 3706 1049 3756 alterius
1059 3705 1137 3754 dubii
1154 3721 1214 3766 par-

116 3783 183 3832 tem,
200 3776 240 3824 ita
258 3782 290 3823 ut
305 3773 453 3822 triennalia
467 3781 532 3821 vota
547 3787 603 3821 non
618 3773 766 3831 sufficiant,
786 3776 886 3824 Orator
900 3774 969 3834 petit
984 3772 1215 3832 dispensationem

120 3841 230 3890 Decreti
247 3839 342 3889 3111311
359 3857 425 3899 1902,
443 3852 499 3886 una
519 3853 582 3887 cum
602 3839 733 3888 facultate
752 3840 915 3889 admittendi
937 3839 1091 3900 praedictas
1111 3841 1216 3897 puellas

118 3909 154 3956 ad
164 3909 325 3956 sollemnem
336 3904 542 3955 Professionem.
557 3908 692 3966 completo
703 3908 762 3954 solo
773 3907 892 3954 triennio
902 3913 1028 3954 votorum
1038 3904 1214 3964 simplicium.

1268 566 1389 619 Quaerit

1274 783 1279 792 Ι
1296 726 1334 792 D!
1365 738 1427 769 anno

1268 790 1410 835 tunsoratus,

1298 1005 1426 1066 Depuellis

1268 1078 1325 1123 quae
1349 1066 1376 1111 111
1402 1077 1426 1109 eo

1268 1119 1427 1169 1113111101-

1268 1180 1362 1228 lamnam

1267 1240 1376 1285 emittant

1262 1294 1391 1355 professio·

1266 1368 1327 1409 nem,

1292 1424 1330 1469 De
1358 1437 1425 1471 sanc-

1266 1479 1328 1529 tione
1346 1480 1426 1541 facto·

1265 1550 1318 1587 rum
1336 1543 1425 1597 praete·

1265 1598 1376 1644 ritorum.

120 3973 263 4034 Siquidem
273 3971 357 4020 nimis
367 3972 512 4020 molestum
524 3970 592 4031 ipsis
603 3972 672 4021 foret
684 3974 800 4021 alterum
811 3981 938 4020 votorum
948 3971 1115 4031 simplicium
1126 3970 1216 4020 facere
1296 3955 1299 3976 ³
1313 3971 1315 3979 ’

120 4039 278 4088 triennium.
291 4038 365 4086 Petit
381 4037 474 4093 etiam,
491 4043 627 4098 quatenus
638 4053 707 4098 opus
718 4039 763 4096 sit,
775 4037 922 4099 benignam
937 4037 1106 4085 sanationem
1118 4037 1146 4085 in
1157 4052 1214 4097 gra·

120 4107 187 4153 tiam
204 4118 299 4152 earum
315 4104 469 4162 puellarum
486 4116 557 4163 quae
573 4110 635 4163 post
649 4104 761 4163 saepius
777 4105 919 4152 laudatum
937 4103 1078 4151 decretum
1097 4102 1216 4151 adhunc

120 4172 194 4219 diem
209 4172 367 4219 sollemnem
382 4169 505 4217 fecerunt
520 4169 717 4229 professionem
734 4179 829 4218 contra
841 4170 956 4218 formam
969 4183 1002 4218 ac
1014 4174 1134 4218 tenorem
1145 4169 1215 4218 eius-

119 4239 183 4286 dem
193 4237 295 4285 decreti
307 4251 313 4285 :
326 4235 393 4294 ipsis
404 4235 477 4284 enim
487 4235 561 4284 bona
571 4238 639 4286 fides
650 4237 825 4297 suffragatur.

151 4305 186 4350 Et
199 4306 279 4352 Deus.
292 4315 344 4350 etc.
