2959 4900
311 396 348 431 mr
363 393 503 431 urssaauu
518 393 655 430 ornamus
669 393 742 430 arun
759 391 919 430 asererosos
1101 366 1159 430 103

76 625 96 704 ξ
121 553 153 598 2.
183 531 394 613 Constitutio
426 530 645 621 Apostolicae
670 529 781 618 Sedit,
812 551 849 596 12
877 527 1028 596 octobris
1061 529 1156 618 1359,

75 684 81 701 ί
109 643 142 703 2,
160 642 196 688 n.
216 643 266 688 12.

121 721 153 790 3.
185 722 372 789 Decretum
401 721 438 790 S.
473 721 603 810 Congr.
635 719 796 808 Concilii,
827 719 997 808 Vigilanti
1021 717 1156 806 Studi0,

76 811 334 990 {gnippgffldpi
360 832 432 901 quo
460 811 564 878 etiam
581 809 776 877 referuntur
792 809 970 936 superiora
994 829 1157 898 responsa

119 1022 152 1088 4.
171 1003 357 1070 Decretum
374 1003 423 1070 Ut
434 1001 555 1084 debita,
573 1001 730 1069 eiusdem
744 1000 1046 1091 Congregationis‚
1064 1000 1157 1088 quod

77 1092 113 1158 in
126 1091 180 1159 his
195 1092 379 1180 periodicis
392 1092 483 1159 foliis
499 1091 673 1178 dedimus,
690 1093 859 1180 etpaucis
876 1090 1159 1158 annotationibus

77 1181 337 1268 declaravimus
352 1203 387 1250 n.
409 1198 460 1262 19,
480 1204 512 1270 p.
531 1193 620 1268 44et
632 1201 678 1248 ss.

121 1281 276 1347 Summa
289 1283 417 1366 capita
425 1304 518 1379 ¹quae
535 1302 731 1371 proponere
748 1302 911 1370 paramus
927 1281 1072 1350 attinent
1089 1281 1130 1348 ad
1150 1309 1157 1350 :

126 1406 153 1451 1.
171 1382 384 1452 Prudentem
400 1406 544 1452 onerum
561 1384 748 1452 missarum
764 1385 1020 1474 susceptionem,

123 1504 152 1548 2.
179 1481 320 1549 Vetitam
339 1481 494 1570 ipsorum
512 1481 759 1563 reductionem,

121 1580 152 1646 3.
170 1578 387 1646 Accuratarn
399 1601 519 1648 eorum
532 1581 794 1667 exsecutionem,

120 1700 152 1763 4.
170 1676 380 1764 Diligentem
408 1698 527 1744 eorum
556 1679 851 1767 consignationem
879 1687 911 1746 et
935 1661 1188 1768 pecuniarum
1216 1705 1218 1709 ·

82 1765 269 1835 custodiam
284 1766 336 1834 rel
347 1765 570 1848 collationem,
675 1795 679 1803 ·

124 1865 154 1931 5..
177 1862 328 1930 Cautum
339 1884 459 1931 eorum
473 1865 746 1945 translationem,

123 1963 154 2029 6.
172 1960 341 2028 Rationes
357 1961 560 2043 reddendas,

123 2083 152 2147 7.
171 2057 374 2126 Sanctiones
390 2068 423 2126 et
429 2081 574 2148 poenas,

123 2157 152 2223 8.
179 2157 327 2224 Vetitam
344 2158 562 2246 quarundam
580 2157 693 2247 legum
707 2158 1034 2248 interpretationem,

124 2278 155 2344 9.
173 2254 437 2345 Praescriptam
454 2257 625 2323 lectionem
638 2255 691 2324 rel
703 2257 1054 2338 connnunieationem

130 2375 176 2420 10.
195 2353 334 2441 Legum
345 2353 413 2421 rim
429 2363 462 2420 et
473 2354 716 2421 extensionem.
1060 2362 1061 2366 ’

147 2532 337 2580 narremus
359 2533 398 2580 n.
422 2513 890 2678 canonicaruntsanctionun
914 2514 1094 2584 summaria

530 2626 661 2695 proposi
681 2626 711 2680 to

272 2770 302 2840 1.
328 2770 382 2837 De
400 2770 568 2859 prudenti
590 2792 733 2839 onerum
758 2770 968 2859 susceptione

132 2944 156 2987 1.
182 2922 358 3010 Perpetua
386 2940 494 2987 onera
522 2914 696 3007 suscipere
724 2932 905 3007 nequeunt
933 2945 945 2982 t
973 2916 1164 2988 saeculares

92 3010 222 3095 quidem
245 3009 320 3076 sine
351 3008 514 3097 Episcopi
543 3009 596 3075 vel
621 3009 695 3075 eius
718 3008 888 3098 generalis
904 3006 1045 3095 Vicani,
1065 3028 1164 3097 regu·

93 3098 169 3165 lares
191 3120 272 3165 vero
296 3099 369 3165 sine
395 3097 575 3167 Generalis
603 3098 655 3165 vel
686 3097 915 3165 provincialis
939 3117 1113 3175 consensu
1132 3114 1165 3166 et

95 3186 228 3273 licentia,
254 3187 290 3254 in
318 3186 453 3275 scriptis
475 3200 508 3256 et
534 3187 640 3276 gratis
663 3186 886 3254 concedenda
912 3212 924 3249 u
947 3185 1002 3271 (C.
1022 3188 1160 3277 Nuper,

96 3296 123 3340 n.
141 3277 189 3360 8);
218 3298 281 3343 nec
305 3276 406 3344 venia
427 3290 478 3343 est
501 3276 723 3344 concedenda
750 3290 950 3366 antequam,
976 3277 1163 3365 perspectis

96 3379 161 3431 ante
176 3366 340 3453 susceptis
356 3366 534 3452 oneribus,
555 3365 702 3433 Praelati
720 3365 880 3433 noverint
903 3365 985 3433 haec
1014 3378 1046 3433 et
1074 3388 1164 3434 nova

96 3473 173 3539 quae
188 3454 388 3523 accesserint
405 3476 424 3521 a
447 3454 683 3523 sacerdotibus
699 3454 826 3544 expleri
844 3474 958 3545 posse,
977 3468 1010 3521 et
1026 3455 1164 3523 relictos

97 3542 211 3612 reditus
245 3565 331 3632 esse,
365 3565 429 3631 pro
463 3543 648 3633 regionum
684 3544 855 3632 moribus,
889 3542 1163 3633 obligationibus

98 3648 321 3722 congruentes.
341 3633 396 3715 (C.
412 3634 550 3724 Nuper,
571 3656 606 3703 n.
626 3638 676 3725 9.)
993 3724 996 3730 Ι

129 3745 216 3827 Onera
224 3758 366 3822 perpetua
380 3764 441 3828 non
460 3764 493 3803 ea
512 3759 627 3804 tanturn
646 3759 714 3804 sunt
732 3765 808 3829 quae
829 3747 924 3829 stricte
943 3747 973 3803 in
993 3758 1165 3828 perpetuum

100 3820 312 3897 suntlrmposita,
333 3820 383 3875 sed
403 3832 490 3874 ettam
509 3837 594 3893 quae,
615 3820 699 3893 spatii
719 3820 910 3875 diuturnitate
930 3830 1077 3899 perpetuis
1097 3831 1165 3874 sunt

101 3892 318 3962 aequiperanda3
346 3891 427 3963 quod
453 3894 579 3965 spatium
607 3893 640 3948 50
665 3891 749 3946 annis
774 3903 910 3965 putamus
931 3890 1046 3947 detinni
1069 3908 1162 3961 posse.

103 3958 270 4018 assimulato
281 3962 335 4018 ista
347 3961 444 4018 oneris
458 3962 588 4035 perpetui
600 3976 627 4019 et
640 3962 771 4018 diuturni
786 3963 950 4036 postulatur
963 3974 1026 4017 turn
1039 3962 1164 4018 rationa-

103 4026 147 4083 bili
157 4030 220 4159 lepis
231 4033 378 4091 intellectu
391 4046 454 4088 turn
466 4034 561 4090 verbis
574 4034 704 4091 eiusdem
718 4053 747 4090 n.
759 4036 785 4104 8,
799 4034 860 4098 ubi,
874 4047 988 4108 praeter
1002 4034 1163 4104 manuales,

105 4115 156 4170 non
193 4103 385 4179 istinguuntur
400 4104 456 4161 nisi
474 4106 579 4162 missae
601 4124 726 4179 quarum
745 4123 821 4162 onus
844 4106 949 4163 dicitnr
967 4118 1140 4179 perpetuum
1155 4128 1161 4176 ;

108 4299 284 4419 p¹5Decretum
294 4304 368 4355 istud
378 4308 418 4353 est
429 4318 461 4353 ex
471 4307 548 4366 parte
557 4306 674 4354 relatum
684 4303 755 4354 inter
765 4304 918 4351 Monummta
929 4305 1030 4361 nostra,
1051 4302 1079 4351 in
1100 4307 1165 4352 nota

126 4396 132 4410 ·
152 4380 183 4422 77·
556 4382 559 4384 ’
