2959 4900
101 301 223 384 [97-99]
246 324 326 359 mssa
340 324 415 359 arun
430 294 582 367 coueur1.;
600 323 714 358 sussen
729 324 773 358 au.
791 324 875 367 κως
892 322 1105 359 ruuutcsurmu
1148 301 1188 365 53

191 484 259 571 98.
282 538 324 546 -
345 498 382 568 s.
406 499 442 567 o.
467 451 745 568 [assumtum
770 498 821 566 tt
844 496 1095 567 nttuttntun

388 668 649 724 RESCRIPTUM
666 671 687 723 5
704 669 801 725 ΜΑΠ
818 670 900 723 1905

369 818 437 875 ·De
452 819 581 875 funere
599 820 693 890 apud
712 818 897 890 regulares

132 980 336 1037 Pisaurensis.
356 980 522 1035 Funerum.

133 1062 157 1116 1.
171 1062 280 1117 Utrum
294 1062 352 1117 ΡΡ.
364 1060 522 1133 Capuccini
537 1058 723 1116 Pisaurenses
736 1060 878 1116 associare
891 1060 1005 1134 possint
1018 1061 1055 1114 ad
1073 1076 1189 1115 coeme-

95 1132 205 1189 terium
218 1149 377 1188 commune
389 1149 458 1188 cum
470 1132 544 1187 stola
559 1142 588 1187 et
600 1130 694 1187 Cruce
708 1131 837 1205 propria,
853 1144 881 1187 et
900 1132 1010 1205 absque
1023 1131 1187 1187 interventu

94 1204 217 1329 paroclui
232 1203 371 1273 defuncti,
387 1204 525 1260 cadavera
538 1201 671 1257 fidelium
683 1220 759 1275 quae
771 1203 803 1259 in
816 1202 948 1275 ipsorum
959 1202 1087 1259 ecclesiis
1099 1202 1187 1259 allata

108 1291 181 1331 uere
193 1318 199 1329 .

133 1361 173 1415 ΙΙ.
191 1360 357 1439 Possumne
370 1358 509 1440 praedicti
524 1357 663 1430 Religiosi
676 1358 822 1419 associare
834 1358 871 1413 ad
881 1358 1091 1415 coemeterium
1104 1360 1188 1414 cada-

93 1447 162 1486 vera
178 1443 309 1502 exposita
323 1432 354 1485 in
368 1446 501 1503 ipsorum
513 1430 643 1496 ecclesia,
667 1430 692 1485 si
706 1447 785 1495 casu,
800 1448 817 1485 a
835 1430 1004 1501 parentibus
1019 1431 1064 1485 vel
1079 1448 1096 1485 a
1110 1430 1187 1486 civili

93 1502 279 1569 auctoritate,
293 1501 534 1558 determinaretur
547 1501 593 1557 via
606 1518 683 1574 quae
695 1518 757 1556 non
772 1513 846 1557 esset
860 1501 890 1557 in
904 1512 983 1557 recto
997 1502 1126 1557 tramite.

132 1585 193 1639 ΙΙΙ,
210 1584 287 1638 Cum
310 1599 363 1655 pro
385 1583 519 1638 Patribus
541 1581 715 1655 Capuccinis
736 1583 959 1641 Pisaurensibus
980 1584 1034 1639 iter
1056 1584 1086 1639 in
1109 1594 1188 1639 recto

94 1654 312 1727 tramitequod
325 1655 362 1709 ad
380 1653 590 1710 coemeterium
603 1655 696 1722 ducit,
707 1652 744 1709 sit
756 1655 802 1711 via
815 1656 854 1710 ita
867 1666 990 1728 angusta
1009 1656 1084 1710 utin
1097 1656 1188 1727 longo

93 1738 192 1782 tractu
203 1726 263 1781 duo
275 1742 378 1781 currus
390 1742 490 1781 coram
504 1724 692 1781 obviantibus
710 1738 859 1800 nequeant
876 1726 999 1782 transire
1011 1726 1068 1781 nisi
1083 1726 1188 1782 alteru-

93 1810 138 1853 ter
152 1809 233 1853 retro
252 1797 375 1864 incedat,
387 1809 548 1870 possuntne
566 1796 636 1853 dicti
651 1798 750 1853 Patres
765 1796 853 1853 funus
865 1798 1050 1866 associantes
1064 1798 1188 1853 transire

92 1886 146 1941 per
155 1868 246 1924 aliam
258 1868 336 1923 viam
348 1870 437 1942 paulo
447 1868 690 1937 commodiorem,
703 1868 814 1941 absque
826 1870 993 1925 interventu
1008 1868 1152 1924 Parochil

133 1954 186 2009 IV.
215 1954 305 2008 Estne
328 1952 508 2008 contrarium
533 1951 683 2008 clausulae
707 1952 773 2007 sine
793 1971 915 2028 pompa,
945 1954 969 2009 si
1000 1953 1092 2024 aliqui
1117 1953 1188 2008 socii

93 2023 236 2092 defuncti,
257 2023 308 2096 qui
327 2024 358 2078 in
376 2024 524 2097 praedicta
543 2023 664 2080 ecclesia
686 2024 791 2080 allatus
813 2038 864 2087 est,
886 2025 970 2080 illum
989 2024 1133 2080 associent
1152 2025 1189 2079 ad

93 2096 316 2159 coemeterium,
329 2095 369 2149 ita
380 2108 415 2150 ut
425 2095 616 2169 prohibeatur
631 2096 690 2152 PP.
705 2096 882 2170 Capuccinis
896 2113 933 2151 ne
947 2096 1032 2151 illum
1045 2097 1189 2151 associent

93 2168 207 2239 absque
220 2166 385 2222 interventu
401 2166 547 2222 Parochil
570 2233 572 2235 v
1094 2172 1099 2181 “

130 2250 275 2319 Tandem,
288 2262 420 2321 potestne
430 2250 570 2324 Superior
584 2252 642 2305 ΡΡ.
658 2251 896 2323 Capuccinorum
911 2251 1023 2307 Pisauri
1033 2251 1189 2323 prohibere

94 2339 133 2377 ne
155 2321 301 2394 parochus
323 2321 462 2389 defuncti,
488 2322 609 2394 expositi
634 2322 665 2376 in
692 2323 813 2377 ecclesia
839 2322 1054 2394 religiosorum,
1080 2322 1189 2379 deferat

94 2392 204 2449 stolam
219 2393 249 2447 in
264 2393 408 2466 exsequiis
420 2407 448 2448 et
462 2392 577 2448 intonet
589 2394 811 2466 responsorium
823 2394 937 2449 Libera
953 2412 998 2449 me
1012 2394 1169 2454 Domine?

134 2481 227 2535 Porro
242 2477 472 2534 Eminentissimi
489 2479 597 2546 Patres,
614 2495 646 2532 re
658 2491 773 2533 mature
791 2495 944 2552 perpensa,
958 2479 1187 2554 rescripserunt:

128 2563 178 2617 Ad
193 2564 215 2618 1.
232 2563 257 2616 A
256 2561 434 2637 ffirmative.

129 2646 177 2701 Ad
193 2647 233 2701 ΙΙ.
249 2646 411 2720 Negative.

129 2727 175 2782 Ad
191 2729 247 2784 ΙΙΙ.
260 2728 390 2784 Attentis
404 2729 558 2802 expositis,
573 2727 711 2812 negative
724 2728 755 2784 in
769 2746 850 2786 casu.

130 2811 177 2866 Ad
192 2813 244 2868 lV.
259 2812 419 2886 Negatire.

1269 1082 1390 1136 Quaeri·

1241 1136 1299 1179 tur.

1270 1189 1313 1236 An
1321 1193 1341 1233 et
1349 1202 1403 1243 qm-

1242 1245 1310 1293 modo
1345 1247 1401 1294 ΡΡ.

1243 1305 1372 1363 Capuccini

1238 1363 1405 1421 possintasso-

1242 1418 1406 1466 ciareadcoe-

1242 1478 1404 1533 materiamm-
1432 1520 1438 1533 ,

1243 1534 1340 1581 dovera.

131 2896 178 2949 Ad
190 2897 227 2951 V.
241 2897 363 2952 Attenta
377 2896 611 2953 immemorabili
629 2895 838 2953 consuetudine
851 2897 881 2952 in
894 2897 1014 2954 civitate
1025 2898 1188 2955 Pisauren-
1272 2922 1276 2929 ·

96 2966 131 3034 si,
146 2969 287 3044 negative
299 2968 329 3023 in
344 2985 425 3028 casu.
484 3013 489 3021 .
1126 2989 1127 2992 ’

481 3139 801 3147 ---.--.-

99 3266 165 3351 99.
188 3318 231 3327 -
252 3279 288 3349 s.
317 3278 352 3348 t.
380 3278 536 3349 ttuutt.
567 3280 619 3348 ετ
646 3279 709 3350 ss.
738 3267 866 3348 netto}
897 3278 944 3362 (u
971 3279 1059 3364 sept.
1084 3233 1188 3384 iaus>

347 3452 555 3507 RESPONSA
574 3453 629 3506 DE
645 3451 936 3506 INDULGENTIIS

553 3562 729 3659 Patavina

132 3762 176 3816 Ad
196 3763 226 3823 S.
243 3761 510 3834 Congregationem
526 3761 719 3833 Indulgentiis
738 3760 892 3832 Sacrisque
908 3759 1050 3832 Reliquiis
1065 3773 1188 3831 praepo·

99 3831 207 3889 sitama
227 3833 415 3889 Moderatore
427 3833 679 3889 Archisodalitatis
693 3851 711 3888 a
721 3834 751 3887 S.
764 3832 903 3900 Antonio,
919 3843 1031 3887 erectae
1043 3831 1073 3885 in
1088 3829 1188 3886 Eccle-

98 3903 367 4032 uuunuluieuuuadicata
385 3904 415 3958 in
437 3903 553 3961 civitate
579 3903 727 3973 Patavina,
751 3903 902 3977 sequentia
915 3902 1004 3958 dubia
1024 3900 1188 3957 dirimenda

137 4061 159 4115 Ι.
173 4062 221 4116 An
231 4062 284 4132 qui
295 4077 405 4117 nomen
418 4061 498 4117 dedit
510 4061 643 4132 pluribus
653 4057 959 4127 Confraternitatibus‚
972 4075 1048 4130 quae
1058 4036 1188 4131 gaudent
1245 4031 1286 4074 “⁸⁵

100 4129 213 4188 indulto
243 4133 377 4189 lucrandi
404 4132 611 4204 indulgentias,
641 4148 713 4204 quas
746 4130 920 4186 Stationales
946 4130 1105 4203 appellant,
1140 4145 1188 4185 eas

100 4203 205 4328 lsuuirari
227 4206 321 4331 ualeat
345 4215 390 4260 tot
412 4205 534 4274 vicibus,
558 4213 632 4276 quot
652 4213 720 4257 sunt
743 4202 910 4257 sodalitates
939 4202 1046 4274 quibus
1075 4211 1117 4257 est
1139 4199 1188 4255 ad·

157 4285 222 4346 ptus

1273 3783 1372 3831 Orator.

1273 3914 1364 3954 naut·
1378 3912 1405 3958 de

1243 3968 1366 4036 iudulgm-
1461 3979 1462 3992 ¹

1460 3115 1462 3264 Ι

1460 3295 1462 3372 t

1460 3381 1462 3448 t

1461 3729 1462 3794 t

1459 4101 1462 4170 t

1282 4097 1377 4144 Statio-

1243 4169 1308 4213 num,
