2959 4900
134 1891 233 1938 Orator.

132 1949 234 1992 Dabla.

133 2110 158 2158 Ι.
170 2110 208 2156 Di
217 2123 258 2158 ea-

102 2168 178 2228 pitulo
188 2182 242 2216 con·

102 2230 199 2284 gregato
210 2227 238 2275 oi

104 2296 191 2330 vacans
202 2286 247 2332 Ge·

105 2341 194 2390 neralt's
204 2357 254 2389 mu-

104 2413 158 2448 nus.

134 3568 164 3614 ΙΙ
169 3604 174 3615 .
186 3568 224 3614 De

105 3624 257 3750 attaris,

104 3739 265 3789 Prouinciali.

770 441 951 478 MONUMENTA

773 583 948 643 Aunorario

332 776 337 786 υ
357 707 423 762 Hoc
441 707 580 781 rescripto
601 709 708 764 clarius
726 721 845 790 apparet
868 725 929 782 quo
950 727 1056 781 genere
1076 711 1335 778 instrumentorum
1354 709 1391 762 uti

319 776 403 834 liceat
415 779 570 837 accedente
582 780 667 836 venia
682 780 841 836 Ordinarii.
866 783 986 849 Verum,
1010 800 1047 838 ne
1069 782 1098 837 id
1122 781 1303 854 frequentius
1314 799 1393 854 quam

319 865 370 920 par
385 863 427 904 est
438 851 594 923 contingat,
618 852 705 908 simul
727 868 883 908 monemur
907 853 937 907 iii
961 853 1045 909 venia
1066 854 1121 910 ista
1142 853 1237 910 inesse
1261 853 1393 908 rationem

318 920 481 994 cuiuspiam
494 922 719 998 dispensationis
733 941 751 980 a
765 924 828 996 lege
841 924 1002 982 communi.

407 1249 477 1336 63.
503 1303 543 1314 -
566 1263 661 1335 sc.
686 1264 963 1338 eristuruauii
987 1267 1040 1335 er
1063 1264 1314 1336 aeeuiiaiuii

602 1451 845 1509 RESPONSUM
863 1453 872 1488 1
892 1455 912 1508 5
930 1453 1027 1508 MAI!
1045 1453 1127 1508 1905

318 1615 599 1674 constitutiones
621 1617 865 1690 interpretans
896 1617 1204 1676 Missionarloritm
1234 1613 1398 1670 Filiorum

578 1759 604 1778 ·.
646 1701 746 1759 Imm.
768 1702 948 1762 cordiali.
969 1703 1015 1758 Μ.
1036 1702 1077 1759 V.
1130 1748 1132 1753 .

355 1869 522 1927 Moderator
543 1870 693 1927 Generalis
715 1873 958 1945 Congregationis
986 1869 1243 1928 Missionariorum
1263 1865 1400 1922 Filiorum

321 1941 503 1998 Immaculati
517 1943 620 1999 Cordis
637 1945 743 2000 Beatae
758 1945 870 2002 Mariae
894 1943 1033 2017 Virginis,
1048 1944 1084 1999 ad
1102 1940 1269 1998 sanctitatis
1287 1939 1400 1994 Vestrae

319 2014 407 2088 pedes
419 2013 570 2071 humiliter
582 2015 768 2088 provolutus
786 2016 907 2091 exponit
919 2030 952 2072 ut
965 2015 1098 2088 sequitur
1113 2034 1119 2070 :

355 2100 378 2154 l.
394 2098 428 2152 In
442 2098 695 2155 constitutionum
713 2116 778 2174 cap.
795 2101 849 2170 ΙΙΙ,
866 2119 896 2156 n.
913 2099 1016 2156 dhaec
1028 2098 1193 2154 habentur:
1212 2091 1400 2174 «Superioris

319 2169 468 2226 Generalis
483 2171 587 2227 electio
601 2169 652 2226 fiet
666 2171 696 2226 in
710 2172 848 2246 Capitulo
863 2172 999 2229 Generali
1013 2169 1221 2242 suffragiorum
1240 2165 1401 2293 pluralitate

318 2258 381 2297 non
404 2242 524 2315 quidem
546 2243 666 2298 relativa
691 2245 741 2299 sed
760 2244 912 2301 absoluta:
940 2243 997 2299 hoc
1020 2257 1118 2298 autem
1140 2240 1246 2314 Capitu
1261 2255 1311 2293 um
1335 2237 1400 2291 duo-

319 2313 434 2369 decimo
447 2331 567 2388 quoque
585 2331 664 2370 anno
678 2315 888 2371 convocabitur
906 2337 933 2371 n.
952 2314 1063 2370 Deinde
1084 2313 1114 2368 in
1128 2329 1191 2384 cap.
1204 2310 1300 2371 ΧΧΙΙ,
1317 2325 1348 2364 n.
1362 2309 1399 2379 37,

319 2383 354 2441 de
372 2385 475 2442 iisdem
489 2387 529 2442 Ca
551 2385 631 2441 itulis
654 2386 845 2442 Generalibus
868 2385 1022 2442 statuitur:
1048 2407 1064 2436 a
1079 2383 1262 2440 Duodecimn
1287 2395 1401 2454 quoque

318 2474 398 2513 anno
415 2403 642 2515 celebrassuntur
664 2475 680 2513 a
702 2458 860 2532 Superiore
880 2459 1015 2515 Generali
1039 2464 1199 2514 convocata
1223 2467 1358 2582 tempore
1378 2463 1401 2506 et

317 2528 395 2599 loco,
408 2548 485 2604 quae
498 2530 553 2604 ipsi
566 2547 584 2586 o
608 2530 780 2602 portuniora
795 2530 950 2587 videantur
962 2553 989 2587 ii.
1007 2532 1040 2586 ln
1053 2545 1179 2585 numero
1196 2544 1266 2583 vero
1302 2544 1320 2598 9
1333 2540 1402 2581 eius-

318 2602 385 2659 dem
399 2602 520 2676 capitis:
545 2623 561 2653 «
597 2602 745 2675 apitulum
768 2603 911 2659 Generale
926 2614 1041 2683 praeter
1064 2614 1197 2673 tempora
1219 2596 1402 2679 dictalhabe-

319 2673 434 2731 bitur...
454 2692 522 2731 cum
548 2675 588 2731 ob
615 2673 775 2731 Directoris
798 2675 948 2731 Generalis
974 2685 1100 2730 mortem
1122 2674 1169 2732 vel
1186 2671 1403 2726 destitutionem

319 2762 414 2803 novus
427 2746 482 2801 erit
494 2746 645 2817 eligendus
657 2768 683 2803 ».
706 2750 750 2803 Ex
764 2746 872 2803 horum
885 2748 1019 2804 locorum
1032 2742 1189 2805 collatione
1202 2742 1260 2798 hoc
1282 2740 1404 2821 dubium

319 2816 464 2889 exsurgit:
489 2818 661 2891 Capitulum
677 2831 875 2876 convocatum
895 2819 930 2873 ad
953 2818 1128 2875 electionem
1148 2814 1216 2872 novi
1241 2814 1404 2887 Superioris

320 2888 469 2945 Generalis
483 2891 523 2946 ob
535 2903 662 2947 mortem
675 2892 721 2947 vel
735 2890 957 2947 destitutionem
971 2888 1174 2956 antecessoris,
1187 2884 1240 2960 qui
1251 2885 1404 2941 defunctus

317 2963 362 3017 vel
375 2960 530 3017 destitutus
540 2962 595 3017 fuit
606 2975 768 3036 antequam
789 2975 905 3036 tempus
930 2961 1087 3019 duodecim
1105 2974 1254 3016 annorum
1275 2957 1311 3012 ab
1335 2957 1404 3013 elec-

317 3034 398 3091 tione
411 3033 528 3107 lapsum
540 3033 651 3104 fuisset,
677 3034 887 3091 habendumne
911 3046 954 3090 est
970 3047 1003 3090 ut
1023 3031 1194 3106 Capitulum
1208 3028 1402 3093 ordinarium,

318 3108 348 3163 in
363 3122 424 3179 quo
438 3106 562 3178 proinde
581 3106 648 3179 eligi
662 3106 788 3163 debeant
814 3106 992 3173 Consiliarii,
1017 3104 1153 3161 Minister
1175 3114 1204 3159 et
1227 3104 1406 3179 Procurator

320 3178 485 3245 GeneraleS,
502 3178 594 3237 immo
607 3192 636 3233 et
649 3178 827 3235 secretarius
841 3178 1007 3249 Generalis3
1023 3177 1068 3233 vel
1082 3176 1178 3249 potius
1191 3185 1234 3231 est
1247 3171 1404 3229 extraordi-

319 3249 445 3316 narium,
460 3249 584 3321 ideoque
596 3248 676 3306 solus
690 3252 720 3305 in
734 3266 770 3306 eo
781 3249 921 3325 Superior
932 3249 1082 3306 Generalis
1097 3245 1250 3320 eligendus
1263 3261 1359 3317 usque
1372 3242 1405 3297 ad

318 3320 487 3394 proximum
513 3320 684 3395 Capitulum
716 3322 859 3379 Generale
891 3321 1085 3388 ordinarium,
1116 3320 1146 3375 in
1175 3335 1235 3393 quo
1261 3316 1404 3389 eligentur

318 3392 458 3469 Superior
472 3393 631 3461 Generalis,
646 3394 709 3449 eius
723 3392 901 3461 Consiliarii,
926 3392 1114 3462 Secretarius,
1130 3390 1265 3446 Minister
1285 3400 1314 3445 et
1339 3389 1405 3442 Pro-

316 3477 434 3523 curator
448 3465 625 3521 Generalesl

354 3556 392 3609 ΙΙ.
408 3554 505 3625 Caput
516 3554 543 3608 V
555 3553 592 3610 de
607 3552 831 3609 Consultoribus
853 3551 1061 3619 Generalibus,
1085 3568 1114 3607 n.
1144 3570 1175 3623 19
1191 3548 1263 3604 haec
1286 3547 1402 3604 statuit:

318 3626 568 3697 «Cuiuscumque
594 3624 799 3699 (Consultoris)
823 3624 952 3680 desectus
974 3641 1026 3697 per
1040 3622 1139 3677 alium
1159 3640 1176 3677 a
1206 3620 1358 3676 Directore
1379 3631 1404 3673 et

318 3699 439 3770 reliquis
453 3696 679 3753 Consultoribus
692 3697 819 3753 electum
837 3696 965 3770 suppleri
984 3694 1117 3763 debebit;
1139 3692 1278 3765 idemque
1292 3706 1404 3747 servan-

320 3771 391 3825 dum
406 3768 667 3842 proportionaliter
691 3770 722 3823 in
747 3769 875 3825 aliorum
898 3766 1091 3849 Superiorum
1113 3782 1165 3821 seu
1192 3763 1404 3821 Consultorum

319 3841 433 3899 defectu
446 3862 472 3893 ».
497 3842 541 3895 Ex
562 3840 619 3896 hoc
641 3842 706 3896 loco
731 3857 857 3915 sequens
882 3850 996 3897 eruitur
1017 3836 1192 3894 difficultas:
1218 3836 1333 3892 Electio
1353 3850 1403 3906 pro

317 3912 480 3987 supplendo
505 3911 618 3968 defectu
646 3911 770 3968 alicuius
795 3911 982 3969 Consultoris
1011 3908 1201 3966 Provincialis
1221 3907 1403 3987 ,competitus

318 3983 461 4041 Directori
475 3983 611 4043 Generali
623 4001 692 4039 cum
705 3984 765 4040 suis
780 3983 980 4052 Consiliariis3
1001 3983 1046 4039 vel
1062 3980 1215 4054 Superiori
1230 3975 1403 4059 provinciali

316 4075 385 4114 cum
397 4056 489 4112 altero
512 4056 688 4112 Consultore
708 4056 901 4127 Prouinciali3
926 4072 996 4111 nam
1018 4054 1098 4111 iuxta
1119 4066 1234 4109 nostras
1256 4052 1402 4130 Constitu-

316 4129 411 4185 tiones
426 4127 565 4199 Superior
590 4127 780 4184 Prouincialis
802 4129 879 4184 duos
898 4139 1016 4184 tantuin
1030 4124 1242 4183 habere'debet
1262 4122 1402 4179 Consilia-

316 4201 377 4257 rios
392 4199 610 4256 Provincialesl

346 4426 353 4451 ¹
370 4425 523 4473 Aumacrii
533 4422 757 4480 Ecciasrasricii,
772 4426 837 4481 1905,
850 4435 878 4481 p.
892 4428 943 4481 239.
