2959 4900
108 309 174 392 [19]
228 331 251 367 s.
268 332 293 368 e.
310 332 335 366 e.
353 331 507 367 nscnnruu
523 335 549 365 11
565 331 627 367 usn
644 335 709 377 1904,
726 331 763 366 aa
778 330 921 367 utssanuit
934 328 1072 366 ornamus
1154 305 1194 367 47

105 465 236 520 tundam
249 464 415 537 legatorum
424 483 478 539 pro
492 479 575 540 parte
587 465 687 522 locum
699 476 834 521 tenerent
846 481 994 537 congruae
1010 459 1194 535 parochialis,

108 536 166 592 Emi
182 538 281 592 Patres
304 549 483 593 censuerunt
505 536 618 593 licitum
637 553 699 592 esse
721 536 861 609 parocho,
882 536 909 591 si·
925 553 977 609 per
990 551 1021 590 se
1035 532 1196 590 satisfacere

106 625 170 664 non
183 607 285 680 possit,
300 624 349 664 eas
361 608 462 664 missas
483 608 566 664 alteri
594 607 735 664 sacerdoti
754 607 947 676 committere,
966 605 1106 662 attributa
1124 603 1196 660 elee-

105 696 234 752 mosyna
248 677 396 735 ordinaria
415 679 473 735 loci
492 680 551 736 sive
569 697 623 753 pro
642 679 737 736 missis
760 679 841 734 lectis
860 678 919 734 sive
937 676 1068 733 cantatis.
1085 697 1102 728 >›
1116 677 1154 732 Et
1166 675 1196 731 in

105 749 280 806 Hildesien.
295 750 475 806 declaratum
489 764 542 819 est,
554 772 570 803 α
587 753 620 807 ln
634 751 735 823 legatis
748 751 904 806 missarum
922 749 1022 821 aliqua
1034 748 1064 803 in
1077 746 1197 804 ecclesia

104 821 237 877 fundatis
249 821 366 877 retineri
377 839 463 895 posse
476 822 575 878 favore
584 822 788 878 ministrorum
800 833 828 876 et
841 819 1027 876 ecclesiarum
1040 818 1196 874 inservien-

102 894 183 948 tium
196 909 261 947 eam
272 893 421 948 redituum
436 894 602 967 portionem
614 911 690 966 quae
703 893 733 949 in
753 893 854 948 limine
873 891 1063 960 fundationis,
1079 889 1124 947 vel
1138 889 1197 945 alio

101 963 239 1036 legitimo
252 964 352 1032 modo,
368 963 437 1038 ipsis
449 965 594 1038 assignata
610 965 663 1021 fuit
677 964 907 1038 independenter
926 963 962 1018 ab
980 979 1069 1037 opere
1080 960 1196 1035 speciali

102 1035 283 1110 praestando
296 1053 350 1108 pro
362 1035 448 1108 legati
463 1036 699 1110 adimplemento.
715 1058 732 1089 »

145 1118 281 1192 Denique
289 1117 378 1176 officii
388 1119 573 1194 singulorum
584 1121 810 1177 Ordinatiorum
819 1119 873 1176 erit
882 1135 984 1175 curare
993 1129 1027 1173 ut
1036 1115 1197 1189 insingulis
1282 1118 1314 1184 0.
1340 1118 1388 1183 ‘'⁸2’‘

107 1191 250 1258 ecclesiis.
264 1200 379 1264 praeter
393 1192 531 1248 tabellam
544 1210 668 1250 onerum
690 1202 902 1267 perpetuorum
921 1202 950 1246 et
967 1189 1076 1245 librum
1091 1187 1121 1242 in
1136 1204 1196 1260 quo
1251 1175 1287 1222 0'
1304 1185 1402 1277 ‘Mn-⁰3·-

105 1261 264 1318 manuales
282 1262 388 1319 missae
410 1281 485 1337 quae
506 1282 522 1319 a
545 1263 681 1320 fidelibus
701 1263 858 1319 traduntur
879 1279 914 1317 ex
932 1261 1035 1318 ordine
1058 1276 1127 1315 cum
1145 1276 1198 1313 sua
1251 1231 1414 1348 22?de

103 1333 295 1406 eleemosyna
308 1348 523 1406 recenseantur,
540 1335 658 1462 insuper
671 1335 836 1391 habeantur
849 1333 916 1389 libri
929 1333 960 1388 in
980 1333 1086 1406 quibus
1106 1330 1197 1386 dicto-
1252 1325 1348 1394 taaittar
1363 1348 1413 1392 stat

102 1423 176 1461 rum
188 1422 314 1460 onerum
325 1419 352 1463 et
365 1406 519 1462 missarum
532 1407 600 1462 satis
612 1407 688 1463 actio
701 1406 841 1478 signetur.
1252 1403 1376 1453 halm-

143 1490 281 1561 Ipsorum
290 1490 398 1562 pariter
408 1489 463 1546 erit
471 1490 590 1563 vigilare
600 1490 782 1564 superplena
792 1501 822 1545 et
830 1488 1001 1545 omnimoda
1014 1485 1199 1543 exsecutione

104 1561 270 1634 praesentis
290 1561 407 1630 decreti,
431 1566 511 1634 quod
530 1561 673 1618 Sanctitas
693 1564 754 1617 Sua
775 1561 812 1616 ab
836 1559 974 1615 omnibus
994 1556 1199 1614 inviolabiliter

105 1631 218 1688 servari
233 1631 323 1698 iubet,
340 1634 493 1688 contrariis
506 1633 685 1705 quibuslibet
696 1633 819 1688 minime
831 1631 1025 1687 obstantibus.

144 1717 256 1772 Datum
272 1718 383 1772 Romae
396 1735 430 1772 ex
446 1719 534 1774 Sacra
549 1717 784 1791 Congregatione
797 1714 922 1771 Concilii
935 1714 982 1770 die
993 1733 1019 1770 11
1036 1712 1105 1769 maii
1122 1730 1198 1786 1904.

339 1803 358 1864 †
377 1802 557 1858 Vmcanrius
570 1802 657 1858 Card.
675 1803 730 1874 Ep.
749 1798 963 1867 Praedestinus,
978 1799 1164 1871 Praefectus.

673 1884 707 1941 C.
727 1885 776 1940 De
794 1883 865 1945 Lai.
884 1881 1081 1938 Secretarius.
1144 1925 1147 1930 .

538 2028 767 2084 Aunorarrouas

147 2169 175 2206 1.
199 2149 286 2204 Prius
320 2167 409 2221 quam
435 2148 578 2222 positivae
612 2160 817 2223 proponantur
845 2149 1019 2217 sanctiones,
1044 2147 1204 2220 explicatur

107 2220 302 2276 manualium
318 2220 475 2276 missarum
495 2219 580 2277 ratio.
596 2221 679 2289 Quae
697 2220 854 2303 descriptio
867 2237 928 2277 non
941 2221 1063 2294 ponitur
1074 2231 1107 2274 ut
1114 2233 1204 2293 gene-

106 2293 199 2360 ralis,
215 2293 265 2348 sed
275 2309 356 2348 mere
366 2293 442 2348 istud
456 2290 595 2349 definitur
607 2310 682 2364 quae
690 2292 805 2358 missae,
815 2310 845 2347 tn
854 2292 960 2348 ordine
969 2292 1009 2348 ad
1016 2300 1204 2366 praesentem

106 2363 222 2439 legem,
242 2363 394 2420 habendae
420 2363 477 2419 sint
502 2380 555 2435 pro
577 2364 775 2434 manualibus,
794 2363 839 2421 vel
861 2363 1048 2420 manualibus
1070 2361 1204 2435 aequipe-

108 2447 227 2494 rentur.

146 2522 215 2593 Age
229 2538 330 2593 porro,
356 2520 386 2575 in
407 2520 559 2594 praesenti
577 2522 703 2590 decreto,
719 2537 824 2577 omnes
836 2519 941 2578 missae
960 2532 1028 2576 sunt
1044 2519 1205 2588 manuales

109 2592 170 2648 nisi
188 2592 218 2646 in
229 2592 333 2667 aliqua
351 2592 497 2660 Ecclesia,
513 2592 543 2647 in
557 2604 732 2665 perpetuum
745 2594 790 2649 vel
803 2592 1009 2665 longissimum
1021 2603 1138 2665 tempus
1150 2590 1208 2646 sint

109 2663 302 2731 constitutae,
319 2666 364 2719 vel
375 2664 434 2718 sint
446 2662 591 2720 beneficio
604 2681 745 2721 annexae.
760 2668 856 2720 lmmo
868 2663 927 2718 iam
940 2663 1075 2737 regimini
1087 2680 1207 2717 manua-

111 2736 192 2791 lium
204 2735 368 2791 missarum'
383 2735 569 2791 subiciuntur
587 2735 692 2793 missae
711 2735 850 2791 fundatae
869 2735 989 2809 quidem
1007 2734 1051 2792 vel
1064 2733 1209 2794 beneficio

112 2824 258 2873 annexae,
273 2824 349 2879 quae
363 2807 401 2861 ob
412 2807 519 2861 iustam
534 2824 654 2863 causam
667 2818 695 2862 et
707 2807 837 2880 legitima
852 2807 967 2863 ratione
976 2806 1133 2862 traduntur
1145 2805 1209 2861 aliis

113 2877 318 2935 sacerdotibus
330 2877 532 2934 celebrandae.

150 2981 178 3018 2.
201 2962 332 3029 Quaeres
345 2978 492 3034 quaenam
512 2960 672 3018 fundatio«
684 2962 751 3017 talis
769 2978 803 3017 ac
819 2974 880 3017 tam
894 2961 1032 3017 diuturna
1046 2959 1210 3015 »habenda

113 3033 152 3089 sit
166 3044 200 3087 ut
211 3049 266 3105 pro
282 3044 427 3107 perpetua
441 3032 532 3105 possit
546 3032 741 3089 considerari?
758 3034 835 3089 Sane
854 3033 961 3090 sufficit
978 3031 1105 3107 spatium
1124 3030 1210 3103 quin·

116 3104 259 3177 quaginta
269 3122 426 3171 annorum,
442 3122 510 3160 cum
524 3122 559 3161 ex
572 3104 723 3178 privilegio
735 3104 885 3161 Benedicti
898 3106 977 3175 XlV,
993 3116 1133 3186 perpetua
1143 3101 1210 3158 mis-

116 3194 218 3232 sarum
228 3192 319 3231 onera
330 3175 360 3231 in
376 3175 504 3231 ecclesiis
515 3175 711 3232 Minimorum
719 3176 797 3232 ultra
813 3177 1089 3250 quinquagesrmum
1098 3192 1212 3231 annum

117 3248 225 3303 durare
243 3264 306 3302 non
325 3247 451 3311 debeant
463 3250 484 3303 ¹.
498 3248 610 3303 Verum
623 3260 761 3322 putamus
780 3248 810 3304 id
828 3266 864 3304 ex
883 3248 1026 3305 adiunctis
1040 3259 1069 3303 et
1080 3246 1212 3303 moribus

118 3318 241 3392 receptis
250 3317 413 3391 plurimum
417 3321 558 3401 pendere.
572 3319 649 3375 lllud
657 3319 819 3375 formaliter
826 3330 870 3376 est
879 3320 1099 3389 attendendum,
1110 3330 1211 3373 utrum

118 3407 212 3447 necne
227 3390 334 3446 missae
346 3390 386 3445 ita
401 3402 459 3445 srnt
469 3389 653 3460 constitutae,
665 3403 699 3445 ut
707 3403 829 3447 testator
838 3391 1054 3448 demonstretur
1065 3389 1139 3446 velle
1151 3405 1212 3460 non

119 3478 189 3519 suae
202 3472 320 3517 tantum
333 3460 448 3517 animae
461 3462 569 3518 directe
582 3462 747 3533 consulere,
761 3463 810 3518 sed
821 3462 909 3518 etiam
921 3462 1052 3535 aliquam
1061 3460 1213 3517 ecclesiam

120 3550 226 3606 augere
240 3531 385 3589 beneficio
398 3550 450 3588 seu
467 3533 577 3589 favore.
592 3534 638 3589 Ad
652 3551 743 3606 quam
756 3533 1016 3590 demonstrandam
1030 3533 1213 3590 voluntatem

122 3604 176 3677 ipsi
188 3604 305 3679 probati
319 3620 391 3659 usus
404 3604 569 3678 plurimum
581 3605 689 3662 valent.

159 3688 182 3744 3.
202 3688 249 3743 Ad
270 3686 432 3760 legitimam
447 3688 700 3769 eleemosynarum
718 3689 875 3746 missarum
889 3688 1085 3763 receptionem
1099 3685 1213 3743 videtur

123 3775 173 3832 per
184 3776 215 3815 se
225 3758 294 3815 satis
310 3775 373 3814 esse
387 3758 411 3813 si
416 3758 569 3833 probabili
579 3759 687 3818 rudicio
697 3760 861 3817 existimare
870 3772 898 3816 te
907 3760 1001 3834 possis
1010 3759 1151 3814 idoneum
1161 3755 1213 3829 qui

124 3830 223 3887 missas
239 3830 316 3885 intra
326 3846 492 3902 congruum
506 3843 620 3905 tempus
635 3832 773 3901 celebres,
784 3831 824 3886 ita
835 3843 870 3887 ut
881 3832 1054 3887 omnimoda
1068 3827 1213 3885 certitudo

124 3918 184 3957 non
194 3902 372 3975 requiratur.
381 3903 424 3957 lta
431 3913 517 3958 sonat
529 3902 625 3976 ipsum
635 3904 796 3973 decretum,
805 3920 872 3959 cum
885 3920 915 3960 n.
927 3923 935 3959 r
947 3904 1083 3960 decernat
1092 3921 1109 3953 t<
1121 3897 1213 3956 nemi·

158 4096 267 4160 1Ωιιοᾱ,
290 4098 329 4145 De
344 4096 450 4156 synodo,
469 4096 487 4144 l.
507 4103 541 4148 13,
562 4108 587 4143 c.
600 4095 649 4143 ult.
666 4108 694 4143 n.
708 4100 759 4153 9et
778 4102 814 4151 13,
834 4098 929 4143 narrat
947 4092 1006 4154 ipse
1023 4106 1053 4141 se
1070 4090 1168 4141 iecisse
1178 4092 1213 4141 (3ο

129 4162 244 4211 Paternar
262 4163 443 4220 sollicitudinis,
466 4178 532 4221 1749,
558 4174 614 4222 qua
633 4159 714 4208 simul
734 4160 921 4221 praescriptae
942 4165 1006 4207 sunt
1022 4158 1164 4208 cautiones
1178 4170 1214 4207 ne

130 4227 231 4345 gilde}
233 4230 425 4345 1qpcipiantur.
450 4227 680 4278 Constitutionem
704 4227 806 4277 frustra
830 4226 1016 4289 quaesivimus
1036 4226 1065 4275 in
1089 4223 1214 4275 Bullario
