2959 4900
95 478 172 583 mig.
181 478 254 582 Piii

94 606 251 641 morantium.

103 737 187 804 'Vir
217 756 255 803 oi

94 814 120 861 N
121 828 163 862 ouo
171 814 254 863 Testa·

94 876 177 919 morio.

115 1113 184 1162 VIII
186 1114 254 1163 ,Sin-

92 1172 185 1231 gazaris
197 1186 254 1219 cura

94 1230 121 1275 de
137 1229 194 1277 locis
213 1231 255 1289 qai

94 1285 125 1334 ad
135 1286 206 1347 fidem
221 1286 255 1334 uel

94 1357 168 1392 mores
195 1346 254 1392 atti·

93 1407 155 1449 nent.

122 1468 173 1515 IX.
195 1468 253 1515 Non

93 1525 228 1583 negligenda

89 1586 183 1641 prali'ra
214 1585 253 1630 in·

89 1640 215 1701 formatio.

122 1753 157 1800 X.
171 1751 254 1800 Selecli

93 1808 184 1857 alumni
205 1810 254 1857 lia·

92 1869 145 1923 guis
165 1867 254 1915 studere

94 1923 178 1973 debent.

308 304 368 367 120
760 328 939 365 monumenta

343 458 395 513 Vl.
411 459 585 516 Praesertim
606 458 718 515 curabit
740 470 775 514 ut
793 458 824 514 in
836 458 964 515 alumnis
982 456 1210 531 intellegentiam
1228 467 1256 512 et
1268 453 1386 512 studium
1449 435 1453 448 ’

309 528 495 585 Psalmorum
516 547 592 604 quos
620 530 720 587 divino
743 529 842 587 officio
863 530 971 587 cotidie
992 529 1139 586 recitaturi
1167 539 1245 594 sunt,
1275 526 1384 603 excitetg

307 600 527 673 nonnullosque
553 602 683 658 Psalmos
708 602 835 674 exempli
853 618 940 657 causa
966 602 1183 674 interpretando
1204 598 1260 671 ipsi
1286 598 1386 654 alumni

308 686 359 726 sua
381 682 409 727 te
422 671 565 728 industria
578 672 708 745 reliquos
722 672 958 747 interpretentur.

371 743 411 798 ll.
431 744 520 811 Quod
541 760 611 800 vero
630 744 666 799 ad
686 746 805 800 Novum
826 745 1057 807 Testamentum,
1081 760 1179 815 presse
1200 740 1386 810 dillucideque
1450 767 1452 788 ÷

307 811 432 881 docebit,
444 826 584 887 quattuor
595 814 754 887 Evangelia
763 832 837 887 quas
846 814 974 870 habeant
983 814 1238 896 siugulaproprias
1246 826 1386 882 tamquam

307 895 403 950 notas,
419 896 448 941 et
457 886 609 957 quomodo
618 883 786 942 authentica
798 902 860 944 esse
872 886 1081 952 ostendantur;
1097 898 1167 941 item
1179 885 1270 941 totius
1283 896 1387 962 evange
1451 941 1453 947 ,

307 954 380 1011 licae
392 955 530 1013 historiae
543 956 788 1031 complexionem,
810 975 845 1015 ac
857 958 1021 1015 doctrinam
1039 957 1070 1013 in
1084 956 1225 1032 Epistulis
1237 966 1386 1024 ceterisque

310 1024 405 1081 Libris
419 1028 660 1100 comprehensam
674 1041 809 1099 exponet.

343 1098 427 1154 VIII.
444 1098 496 1154 Sin
517 1099 629 1156 ularem
650 1100 800 1173 quandam
818 1117 921 1156 curam
942 1098 1091 1155 adhibebit
1113 1098 1142 1154 in
1156 1099 1191 1154 iis
1214 1093 1385 1152 illustrandis
1451 1113 1453 1150 ε

307 1168 459 1242 utriusque
509 1172 662 1227 estamenti
674 1170 747 1227 locis
759 1172 811 1244 qui
823 1171 860 1227 ad
875 1170 964 1226 fidem
975 1187 1132 1244 moresque
1149 1168 1324 1226 christianos
1336 1181 1385 1239 per·

310 1250 413 1295 tinent.

344 1310 394 1366 IX.
410 1310 486 1367 Illud
498 1329 622 1387 semper,
645 1311 772 1367 maxime
790 1326 859 1365 vero
883 1312 914 1369 in
926 1312 995 1368 novi
1014 1311 1194 1369 Testamenti
1215 1306 1386 1383 expositione

306 1381 493 1451 meminerit,
509 1385 568 1440 suis
589 1400 618 1440 se
632 1382 793 1456 praeceptis
811 1384 996 1439 conformare
1018 1399 1069 1439 eos
1084 1383 1135 1457 qui
1156 1395 1256 1455 postea
1280 1396 1348 1435 voce
1363 1387 1386 1433 et

307 1452 441 1524 exemplo
453 1454 528 1511 vitae
549 1455 663 1511 erudire
677 1454 713 1511 ad
726 1451 934 1525 sempiternam
955 1455 1079 1510 salutem
1092 1455 1238 1527 populum
1261 1451 1385 1528 debeant

309 1522 400 1594 Igitur
419 1525 494 1583 inter
508 1526 674 1583 docendum
686 1524 938 1581 commonefacere
950 1525 1108 1597 discipulos
1120 1524 1257 1586 studebit,
1272 1538 1346 1595 quae
1357 1531 1387 1575 sit

306 1595 417 1664 optima
426 1596 471 1652 via
481 1598 630 1679 Evangelii
638 1596 833 1669 praedicandi,
841 1614 950 1669 eosque
959 1613 994 1655 ex
1004 1596 1158 1653 occasione
1168 1597 1204 1652 ad
1214 1591 1386 1667 exsequenda

307 1664 459 1738 diligenter
473 1669 579 1725 Christi
595 1668 713 1724 Domini
726 1679 756 1724 et
770 1668 983 1741 Apostolorum
994 1668 1170 1742 praescripta
1181 1666 1298 1723 alliciet.

342 1747 379 1803 X.
393 1748 516 1805 Alumni
530 1748 580 1822 qui
593 1748 747 1805 meliorem
760 1747 795 1802 de
809 1764 840 1803 se
851 1764 933 1821 spem
945 1747 1060 1814 facient,
1081 1747 1209 1804 hebraeo
1222 1759 1351 1801 sermone
1363 1751 1387 1820 et

307 1834 410 1942 praeco
433 1819 551 1889 biblico,
571 1832 659 1893 atque
679 1818 778 1886 etiam,
799 1819 899 1891 quoad
917 1818 980 1875 eius
1007 1817 1070 1875 fieri
1093 1819 1194 1891 possit,
1222 1816 1320 1887 aliqua
1338 1812 1386 1867 alia

318 1888 408 1961 ingua
430 1891 569 1959 semitica,
590 1904 623 1946 ut
641 1890 754 1964 syriaca
775 1902 826 1945 aut
839 1890 943 1958 araba,
966 1902 1059 1945 erunt·
1074 1889 1236 1946 excolendi.
1262 1886 1386 1941 «Sacrae

307 1960 473 2033 Scripturae
482 1962 627 2034 magistris
635 1977 752 2018 necesse
761 1974 804 2017 est
813 1972 902 2034 atque
915 1962 1068 2033 theologos
1077 1961 1206 2026 addecet,
1221 1976 1269 2015 eas
1281 1958 1386 2033 linguas

307 2032 438 2103 cognitas
448 2033 555 2090 habere
567 2033 676 2105 quibus
687 2031 754 2088 libri
768 2032 902 2088 canonici
917 2045 986 2090 sunt
998 2032 1131 2105 primitus
1145 2032 1182 2087 ab
1192 2026 1385 2106 hagiographis

307 2104 424 2170 exarati,
446 2106 621 2178 easdemque
634 2104 781 2177 optimum
793 2103 871 2159 factu
892 2104 947 2159 erit
958 2104 982 2158 si
995 2103 1092 2161 colant
1103 2104 1216 2159 alumni
1239 2100 1384 2159 Ecclesiae,

307 2175 358 2247 qui
379 2176 549 2248 praesertim
568 2177 605 2231 ad
625 2175 808 2231 academicos
826 2174 993 2247 theologiae
1013 2176 1119 2247 gradus
1137 2174 1276 2245 aspIrant.
1298 2173 1386 2250 Atque

307 2246 394 2301 etiam
418 2248 581 2303 curandum
595 2261 628 2303 ut
638 2247 775 2302 omnibus
789 2246 819 2300 in
832 2245 996 2302 Academiis
1015 2248 1051 2303 de
1064 2245 1165 2302 ceteris
1178 2245 1249 2300 item
1269 2254 1385 2311 antiquis

247 2358 248 2362 ,
307 2316 424 2388 linguiS,
448 2318 575 2374 maxime
594 2318 730 2375 semiticis
756 2317 814 2373 sint
831 2318 1025 2390 magisteria»
1047 2318 1130 2389 (Litt.
1148 2315 1268 2387 Encycl.
1289 2308 1385 2368 Provi-

121 2482 171 2529 XI.
192 2484 254 2528 Am·

90 2537 252 2599 phrsiteapo·

93 2598 253 2655 sitioubigra·

93 2653 135 2699 dus
177 2655 253 2714 conse-

93 2718 185 2760 rantur.

93 2917 159 2966 XII.
177 2921 254 2968 Proi-

30 2981 31 2984 ’
79 2980 203 3038 φανιηίκν

93 3034 190 3092 quidam
222 3037 254 3084 ad

93 3092 237 3142 academicos

93 3149 121 3196 S.
147 3151 252 3200 Saritai·

30 3231 34 3235 ·
95 3219 185 3266 raegro
203 3224 237 3259 us.

93 3289 176 3339 XIII.
193 3293 253 3339 Pra-

94 3345 149 3394 dens
165 3353 254 3408 magis-

95 3407 150 3452 terii
189 3422 254 3455 exer.

94 3463 160 3510 cendi
179 3469 252 3516 ratio.

112 3929 153 3976 XI
160 3930 188 3979 V.
200 3931 252 3978 Cer-

94 3989 254 4108 {alitilia}

94 4103 202 4151 mendum

96 4162 187 4218 tempus.

306 2388 514 2462 dentissimus).

343 2469 394 2522 XI.
412 2471 446 2524 ln
460 2469 628 2525 Seminariis
641 2485 716 2541 quae
728 2469 792 2525 iure
811 2469 938 2541 gaudent
962 2469 1145 2526 academicos
1156 2465 1316 2538 theologiae
1329 2479 1384 2534 gra·

307 2539 361 2595 dus
374 2540 552 2606 conferendi
567 2541 666 2612 augeri
678 2540 910 2614 praelectionum
923 2539 958 2595 de
969 2541 1057 2597 Sacra
1066 2540 1215 2612 Scriptura
1227 2550 1382 2615 numerum,

307 2611 452 2683 altiusque
471 2624 625 2684 propterea
643 2612 793 2684 generales
804 2610 942 2682 speciales
964 2610 1001 2667 ue
1013 2609 1181 2683 pertractari
1200 2620 1382 2688 quaestiones

308 2699 341 2737 ac
350 2683 474 2739 biblicae
481 2685 526 2738 vel
535 2682 763 2754 archeologicae,
770 2683 815 2738 vel
826 2699 953 2754 geograp
975 2682 1045 2747 icae,
1053 2683 1098 2738 vel
1108 2674 1382 2757 chronologicaevel

306 2753 629 2880 theologicaeitemque
636 2753 791 2810 historicae
801 2753 927 2826 exegesis
934 2754 1000 2824 plus
1007 2752 1146 2827 temporis
1153 2751 1300 2822 studiique
1306 2748 1382 2804 tribui

307 2836 409 2896 oporte
431 2839 461 2882 it.

343 2905 410 2960 XII.
424 2904 583 2962 Peculiaris
594 2904 744 2976 diligentia
753 2905 783 2960 in
797 2904 827 2960 id
840 2903 1013 2960 insumenda
1025 2904 1088 2971 erit,
1095 2916 1128 2959 ut
1141 2902 1304 2958 secundum
1315 2900 1382 2969 leges

307 2993 324 3030 a
337 2976 553 3032 Commissione
568 2976 678 3032 BibIIca
690 2975 790 3047 editas,
805 2974 908 3030 delecti
919 2975 1031 3030 alumni
1046 2975 1082 3030 ad
1094 2973 1278 3031 academicos
1291 2973 1381 3050 Sacrae

308 3047 474 3118 Scripturae
486 3048 592 3120 gradus
604 3059 811 3128 comparentur
825 3067 832 3103 :
858 3048 940 3118 quod
961 3049 1080 3118 quidem
1093 3045 1129 3101 ad
1143 3045 1267 3100 idoneos
1285 3043 1380 3098 divina·

307 3135 372 3242 rupi
403 3118 579 3174 Litterarum
605 3130 759 3191 magistros
789 3117 959 3174 Seminariis
990 3116 1173 3191 quaerendos
1201 3133 1262 3171 non
1290 3125 1381 3186 parum

307 3207 341 3244 va
355 3188 422 3244 ebit.

343 3269 427 3324 XIII.
445 3270 553 3323 Doctor
566 3269 670 3324 Sacrae
684 3269 851 3342 Scripturae
864 3269 1021 3325 tradendae
1033 3280 1167 3324 sanctum
1181 3265 1381 3346 habebitnum·

307 3356 396 3408 quam
418 3340 597 3395 acommuni
618 3339 751 3395 doctrina
771 3356 805 3395 ac
818 3339 988 3397 Traditione
1008 3340 1153 3396 Ecclesiae
1172 3339 1218 3394 vel
1239 3349 1381 3392 minimum

307 3411 470 3467 discedere:
493 3411 596 3536 utique
617 3427 684 3467 vera
704 3410 842 3466 scientiae
866 3410 954 3467 huius
975 3412 1164 3478 incrementa,
1192 3419 1381 3484 quaecumque

306 3483 503 3538 recentiorum
516 3499 549 3537 so
562 3482 644 3538 lertia
655 3483 776 3554 peperit,
791 3482 821 3536 in
834 3497 897 3537 rem
910 3500 993 3538 suam
1006 3492 1164 3543 convertet,
1179 3481 1230 3536 sed
1243 3492 1382 3534 temeraria

307 3567 483 3608 novatorum
504 3566 669 3609 commenta
691 3554 846 3625 negleget3
868 3553 946 3610 idem
968 3570 1015 3609 eas
1040 3553 1190 3608 dumtaxat
1211 3549 1382 3623 quaestiones

306 3625 470 3679 tractandas
490 3625 635 3697 suscipiet,
650 3641 776 3695 quarum
797 3625 930 3680 tractatio
948 3625 986 3680 ad
1004 3623 1233 3695 intellegentiam
1252 3635 1280 3677 et
1298 3618 1382 3675 defen·

307 3695 420 3751 sionem
435 3695 651 3767 Scripturarum
664 3695 825 3764 conducat3
840 3696 966 3768 denique
978 3695 1121 3751 rationem
1134 3692 1291 3775 magisterii
1303 3687 1382 3769 suiad

307 3782 354 3821 eas
376 3783 495 3822 normas
518 3766 631 3839 diriget,
655 3767 827 3838 prudentiae
851 3769 961 3840 plenas
989 3783 1064 3839 quae
1092 3765 1208 3822 Litteris
1233 3760 1382 3835 Encychcis

308 3838 590 3893 Providentissimus
605 3838 802 3893 contInentur.

342 3918 422 3972 XIV.
438 3916 560 3971 Alumni
572 3928 669 3972 autem
690 3917 772 4041 quod
786 3916 903 3972 scholae
917 3915 1160 3989 praelectionibus
1182 3915 1219 3968 ad
1234 3913 1308 3968 hanc
1320 3925 1383 3966 asse·

308 3988 455 4060 quendam
483 3988 666 4062 disciplinam
713 3988 794 4052 eerit,
823 3987 935 4060 privato
963 3987 1062 4043 labore
1089 3985 1245 4059 suppleant
1270 3995 1381 4062 oportet.

309 4061 386 4114 Cum
417 4059 720 4140 enimnparticulatim
748 4075 868 4114 omnem
893 4075 1028 4114 enarrare
1052 4057 1233 4129 Scripturam
1261 4066 1383 4125 magister

256 4168 260 4176 «
307 4147 377 4204 prae
391 4141 531 4210 angustiis
543 4129 682 4203 temporis
692 4147 754 4185 non
764 4129 864 4203 possit,
880 4129 1015 4210 privatim
1028 4129 1092 4199 ipsi,
1106 4139 1186 4184 certo
1199 4128 1236 4182 ad
1249 4127 1383 4181 hancrem

307 4212 467 4258 constituto
480 4201 573 4273 spatio
587 4202 617 4256 ln
630 4200 691 4257 dies
700 4201 842 4272 singulos,
857 4212 961 4257 veteris
972 4199 1100 4272 novique
1112 4197 1291 4255 Testamenti
1305 4208 1382 4251 aiten-

308 4287 367 4326 tam
391 4271 546 4328 lectionem
572 4272 807 4341 continuabunt3
831 4272 861 4326 ln
886 4289 946 4344 quo
968 4271 1113 4343 optimum
1134 4269 1213 4326 factu
1235 4270 1287 4327 erit
1308 4269 1382 4322 breve
