2959 4900
125 1131 221 1179 Erectio

101 1189 161 1257 Viae
171 1189 232 1237 Cru-

96 1258 140 1295 css.

119 1923 259 1984 Consentes·

99 1984 165 2029 nitas
175 1982 249 2029 Chor-

98 2038 240 2099 digererent.

124 2484 260 2533 Benedictio

100 2541 242 2590 chordorum

100 2599 232 2705 strio

129 2829 246 2880 Ezareis-

99 2900 151 2933 mus
160 2890 188 2936 in
197 2888 252 2939 Sn-¹

101 2949 191 2995 tamen.

129 3192 251 3239 Moniales

103 3248 222 3309 infirmae.

97 3312 143 3368 pro
153 3307 243 3355 absolu-

101 3367 262 3470 tullionegene-

101 3437 130 3471 ra
141 3437 159 3471 i.

131 4086 164 4132 In
174 4085 252 4131 Xeno·

103 4142 195 4190 dociiis
206 4157 246 4190 as-

102 4203 214 4248 sistentes.

307 328 346 391 22
752 346 932 381 uouuiranra

306 481 356 551 ris,
368 497 410 608 gc·
426 478 613 554 Imperatoris
627 479 672 536 vel
688 477 776 553 Regis
790 478 973 552 applicentur
986 479 1172 549 (Benedictus
1185 480 1265 549 XIV,
1284 499 1313 554 19
1330 496 1382 552 sep

306 566 367 609 tem
388 568 453 607 risi
494 571 532 608 2.

343 625 370 681 8.
388 569 500 680 Pariiir
511 555 665 697 inivilegio
678 621 787 694 gaudet
804 618 895 677 Missa
907 636 968 676 una
987 637 1094 693 quaea
1110 623 1261 696 Religiosis
1277 621 1384 678 Ordinis

308 696 339 751 in
361 692 533 767 suffragium
554 693 670 749 animae
689 709 813 748 suorum
831 691 991 765 respective
1014 704 1168 764 parentum
1189 694 1384 753 defunctorum

309 765 504 823 celebrabitur
518 765 585 835 ild,
605 782 638 820 10
651 763 751 837 aprilis
768 783 799 836 17
820 765 857 836 5).

344 856 372 911 9.
388 836 496 892 Missae
507 852 610 893 omnes
621 852 698 908 quae
711 836 743 890 in
756 782 931 961 sufiragium
943 834 1058 891 animae
1069 837 1205 893 Fratrum
1217 837 1262 894 vel
1283 836 1386 892 Monia-

308 908 383 965 lium
397 907 517 964 Ordinis
529 925 547 963 a
559 922 750 980 quocumque
762 922 842 962 sacer
864 917 921 976 ote,
947 904 1007 962 slve
1021 906 1147 979 regulari
1166 907 1225 963 slve
1243 906 1384 974 saeculari,

310 980 503 1106 celibffmui’
527 991 596 1121 11115ιῖ
618 994 733 1050 semper
745 989 774 1034 et
786 977 899 1049 uquue
920 976 1119 1050 privilegiatae
1141 979 1149 1040 I
1155 979 1224 1035 Pius
1247 980 1285 1048 X,
1308 980 1387 1034 Breve

313 1068 347 1108 to
371 1068 387 1107 e
407 1066 522 1106 ruenni
545 1066 564 1105 o
597 1094 604 1107 .

349 1140 390 1179 10.
405 1068 552 1177 Omnibtis
566 1119 709 1176 Ministris
725 1118 958 1175 Provincialibus
973 1119 1093 1175 Ordinis
1106 1137 1244 1177 concessa
1253 1132 1298 1177 est
1310 1119 1388 1175 facul·

310 1204 354 1249 tas
367 1192 497 1265 erigendi
510 1191 540 1246 iri
561 1191 697 1248 Ecclesiis
711 1190 757 1247 sui
772 1190 901 1258 Ordinis,
916 1205 1033 1247 necnon
1045 1203 1073 1247 et
1086 1191 1117 1247 iri
1129 1192 1248 1249 adnexis
1262 1189 1387 1247 oratoriis

311 1265 458 1321 Stationes
486 1262 562 1318 Viae
583 1262 688 1321 Crucis
710 1278 838 1337 quarum
861 1261 1062 1335 indulgentiae
1083 1262 1221 1319 lucrifieri
1242 1263 1340 1319 valent
1358 1262 1387 1316 ab

310 1334 453 1393 universis
468 1333 715 1390 christifidelibus
731 1354 738 1389 ε
758 1333 879 1414 insuper
892 1332 981 1389 iidem
996 1333 1123 1390 Ministri
1136 1334 1273 1391 facultate
1286 1334 1389 1408 pollent

310 1408 348 1466 ad
372 1406 499 1463 eundem
520 1404 658 1462 effectum
683 1404 838 1477 delegandi
863 1404 1037 1478 Superiores
1064 1406 1171 1463 locales
1193 1422 1246 1479 pro
1265 1416 1389 1479 tempore

311 1478 479 1535 exsistentes
493 1477 577 1546 (Pius
592 1476 644 1540 lx.
659 1477 673 1532 5
686 1476 785 1532 martii
801 1476 890 1556 1874).
1085 1499 1090 1507 ·

351 1569 392 1608 11.
410 1551 471 1605 Rm0
496 1550 529 1607 P.
547 1547 684 1604 Ministro
703 1546 840 1604 Generali
851 1563 906 1620 pro
923 1557 1056 1618 tempore
1070 1564 1206 1604 concessa
1221 1559 1263 1604 est
1276 1546 1389 1603 facultas

311 1619 503 1677 benedicendi
514 1630 602 1691 atque
616 1617 752 1675 fidelibus
761 1616 933 1692 imponendi
946 1618 1103 1692 Scapulare
1122 1619 1153 1675 S.
1171 1618 1277 1691 Ioseph
1297 1620 1347 1692 Sp.
1361 1618 1388 1673 B.
1450 1608 1451 1645 ³

313 1692 356 1751 M.
370 1692 419 1759 V.,
439 1708 508 1747 cum
520 1700 663 1764 potestate
681 1690 719 1745 ad
737 1688 909 1746 huiusmodi
928 1689 1094 1763 Scapulanis
1115 1690 1350 1747 benedictionem
1367 1700 1390 1743 et

312 1762 530 1835 impositionem
544 1762 723 1830 Sacerdotes,
738 1760 798 1817 slve
816 1760 963 1833 regulares
978 1761 1037 1817 sive
1055 1762 1225 1830 saeculares,
1246 1758 1390 1833 delegandi

313 1836 387 1907 (Leo
399 1835 483 1904 XIII,
499 1835 597 1891 Rescr.
612 1833 642 1892 S.
659 1834 694 1891 R.
710 1833 745 1891 C.
765 1833 796 1889 18
807 1831 906 1906 aprilis
924 1832 1013 1905 1893).

352 1925 393 1962 12.
413 1904 620 1978 Superioribus
633 1903 753 1959 Ordinis
764 1904 840 1959 facta
852 1915 895 1959 est
907 1914 1035 1976 potestas
1048 1902 1187 1975 erigendi,
1203 1903 1239 1959 de
1252 1918 1390 1960 consensu

313 1976 546 2044 Oreitai-iorum,
561 1974 839 2031 Confraternitatem
852 1974 1105 2046 Chordigerorum
1116 1975 1147 2034 S.
1159 1976 1182 2030 F
1183 1974 1317 2043 rancisci,
1332 1989 1390 2029 cun

313 2048 433 2105 adnexis
445 2046 635 2127 indulgentiis
649 2058 679 2101 et
689 2045 856 2119 privilegiis
877 2045 909 2101 in
920 2044 1057 2101 Ecclesiis
1076 2045 1196 2101 illorum
1209 2042 1390 2113 locorum‚in

313 2120 423 2193 quibus
437 2118 567 2174 Ecclesia
579 2131 631 2173 aut
644 2119 814 2173 Conventus
829 2118 965 2173 Fratrum
981 2117 1133 2174 MInorum
1152 2116 1390 2174 conventualium

313 2208 374 2247 non
388 2189 539 2259 exsistunt,
563 2188 683 2255 servatis
704 2189 862 2256 servandis,
885 2200 914 2244 et
936 2188 1108 2259 praesertim
1132 2187 1390 2246 constitutionibus

314 2262 387 2318 Sixti
400 2263 426 2317 V
449 2282 466 2313 t<
480 2261 533 2317 Ex
544 2276 703 2334 supremae
714 2260 915 2333 dispositionis
929 2280 955 2328 ii,
979 2259 1038 2315 diei
1055 2278 1064 2315 1
1099 2259 1265 2316 novembris
1282 2259 1356 2325 1585,
1368 2268 1390 2311 et

317 2333 401 2389 Pauli
422 2333 449 2386 V
475 2352 492 2383 ‹<
515 2333 620 2405 Nuper
642 2330 981 2397 Archieonfraternitati
1003 2352 1029 2399 n,
1058 2278 1116 2386 <itai
1147 2350 1174 2387 11
1204 2330 1302 2388 martii
1332 2330 1389 2398 1607

315 2405 399 2473 (Pius
411 2404 448 2470 X.
466 2404 564 2463 Rescr.
579 2404 610 2460 S.
624 2404 720 2477 Cong.
738 2404 854 2477 lndulg.
873 2421 905 2473 14
917 2402 1049 2462 decemb.
1067 2404 1157 2484 1904).

354 2477 395 2536 13.
426 2475 519 2532 Iidem
540 2475 719 2549 Superiores,
745 2475 876 2548 legitimo
899 2475 1009 2532 detenti
1031 2474 1253 2548 impedimento,
1281 2471 1390 2530 Ordinis

317 2548 499 2621 Religiosum
520 2547 556 2602 ad
579 2547 764 2619 excipiendas
786 2546 1017 2602 Sacramentales
1037 2545 1235 2603 confessiones
1257 2545 1390 2626 approba-

315 2630 380 2674 tum
392 2618 581 2691 subdelegare
593 2618 691 2674 valent
702 2618 740 2672 ad
755 2616 967 2674 benedicendas
981 2616 1111 2673 Chordas
1130 2618 1160 2676 S.
1177 2617 1322 2674 Francisci
1335 2629 1391 2670 nec-

315 2707 378 2746 non
389 2690 427 2745 ad
440 2689 666 2762 impertiendum
677 2688 865 2762 ChordigerIs
877 2689 1015 2760 Papalem
1029 2689 1271 2746 Benedictionent
1284 2686 1391 2743 infesto

318 2761 525 2818 Immaculatae
537 2759 745 2834 Conceptionis
759 2761 793 2816 B.
808 2761 851 2819 M.
865 2760 902 2818 V.
917 2761 985 2830 (Id,
1001 2759 1094 2830 ibid).
1449 2785 1450 2818 ;

355 2851 396 2903 14.
419 2834 480 2888 Rmo
502 2833 536 2890 P.
553 2831 688 2887 Ministro
710 2830 846 2888 Generali
858 2830 1008 2887 indultum
1034 2831 1175 2888 collatum
1188 2841 1240 2900 est,
1255 2840 1289 2884 ut
1303 2829 1392 2884 Sacer·

316 2903 434 2960 dotibus
448 2902 569 2959 Ordinis
582 2901 750 2958 facultatem
760 2902 876 2974 elargiri
890 2902 982 2976 possit
991 2901 1131 2958 recitandi
1141 2900 1352 2957 Exoreismnm
1366 2898 1391 2950 in
1449 2921 1450 2938 .

315 2975 462 3031 Seianam
475 2984 504 3031 et
514 2973 640 3047 angelos
653 2974 842 3055 apostaticos,
865 2973 947 3030 iussu
968 2973 1077 3030 Leonis
1095 2973 1168 3028 XIII
1189 2971 1308 3039 editum,
1331 2984 1393 3027 cum

315 3046 508 3118 acquisitione
522 3046 772 3126 indulgentiarum
791 3044 937 3119 praefatae
955 3043 1119 3102 recitationi
1133 3044 1312 3100 adnexarum
1324 3042 1392 3110 (Leo

316 3118 400 3186 XIII,
421 3118 449 3173 15
464 3117 630 3172 novembris
643 3117 734 3190 1890).

356 3189 396 3244 15.
426 3187 572 3245 Moniales
599 3187 718 3243 Ordinis
746 3187 777 3242 in
801 3186 935 3242 clausura
961 3186 1108 3258 degentes,
1134 3203 1211 3259 quae
1233 3181 1393 3259 infirmitate

315 3258 516 3332 impediuntur
547 3259 705 3331 quominus
735 3258 773 3313 ad
808 3257 932 3313 chorum
972 3257 1018 3314 vel
1049 3257 1178 3314 tribunal
1210 3253 1392 3313 confessionis

315 3331 463 3398 accedant,
478 3330 700 3386 Absolutionem
710 3328 887 3404 generalem
909 3328 1037 3409 recipere
1050 3328 1178 3385 valente
1191 3327 1310 3401 proprio
1321 3325 1393 3378 Con-

316 3400 434 3471 fessore,
445 3401 477 3456 in
489 3401 536 3457 die
546 3400 621 3456 infra
630 3412 764 3457 octavam
772 3399 915 3456 festorum
927 3417 974 3457 cui
986 3399 1049 3474 ipsa
1059 3412 1101 3456 est
1114 3399 1269 3472 assignata,
1282 3393 1392 3475 quando

316 3472 325 3526 i
347 3489 377 3528 se
390 3471 590 3528 Confessarius
599 3473 767 3527 clausuram
779 3471 941 3544 ingreditur
954 3471 1179 3528 ad'audiendam
1189 3477 1392 3543 aegrotantium

337 3560 457 3599 ororum
470 3541 694 3611 confessionem,
708 3542 811 3598 ceteris
822 3542 939 3599 servatis
953 3543 988 3599 de
1003 3541 1065 3599 iure
1074 3542 1220 3599 servandis
1231 3542 1303 3610 {Leo
1314 3535 1390 3602 XIII,

318 3617 415 3672 Rescr.
430 3615 460 3670 S.
475 3615 570 3687 Cong.
585 3613 701 3686 lndulg.
716 3633 747 3669 21
765 3613 836 3669 Maii
851 3614 940 3687 1892).

315 3727 486 3781 marcatus
509 3725 548 3780 II.
569 3756 608 3806 -Η
619 3723 842 3806 Indulgentiae,
862 3721 1036 3805 Prinilegia
1051 3732 1080 3778 et
1096 3720 1217 3778 indulta
1231 3738 1288 3794 pro
1300 3715 1391 3773 minis-

538 3805 622 3851 teriis
642 3793 768 3850 Ordinis
790 3795 1028 3867 Capuccinorum
1047 3809 1186 3850 concessa

410 3906 446 3961 A.
466 3937 502 3944 —-
522 3905 679 3960 Iunuarmr
697 3920 811 3959 rivoan
829 3919 1049 3959 aniiorosoituu
1068 3902 1192 3958 antuis
1206 3918 1258 3968 Qui
1276 3915 1304 3954 111

600 3975 801 4030 Xnuooocarrs
820 3991 948 4029 1NFIRMIS
966 3990 1122 4029 assis-ruiti·

354 4082 493 4155 Religiosi
512 4083 574 4154 qui,
595 4081 700 4139 debitis
714 4099 783 4138 cum
802 4081 938 4151 licentiis,
953 4080 984 4136 in
999 4079 1198 4137 Xenodochiis
1217 4080 1254 4135 ad
1273 4074 1391 4151 infirmo

316 4171 384 4208 rum
398 4153 592 4211 assistentiam
611 4155 731 4226 degunt,
748 4153 887 4208 omnibus
901 4165 930 4209 et
949 4151 1073 4225 singulis
1087 4151 1286 4223 spiritualibus
1303 4157 1390 4272 {aas

316 4224 455 4296 gaudent.
469 4225 540 4281 acsi
563 4224 593 4280 iii
614 4224 783 4298 respectivis
802 4223 996 4281 conventibus
1010 4240 1125 4280 moram
1138 4220 1306 4289 traherent(
1331 4229 1390 4270 ene

317 4295 411 4351 dictus
423 4296 503 4359 XIV.
515 4297 545 4353 31
562 4296 614 4352 iul.
634 4297 702 4369 1754
713 4307 742 4353 et
758 4297 792 4352 28
802 4293 971 4352 novembris
987 4296 1075 4368 1756).
