2959 4900
305 372 341 407 ore
357 371 499 408 nnssautrnr
514 371 650 408 nunninus
666 370 739 407 arun
757 371 913 408 nupturosos
1095 347 1152 413 lll

79 506 161 574 unde
176 509 325 578 sufficiat
341 508 528 599 impendiis
545 511 832 579 celebrandarum
857 509 1056 596 missarum,
1074 508 1155 576 licet

79 617 94 660 a
114 597 295 668 missarum
312 599 360 667 ibi
377 599 627 670 celebratarum
643 600 865 669 eleemosinis
889 597 1067 690 impendia
1090 597 1156 667 ista

78 683 258 774 detrahere,
287 688 484 758 dummodo
512 703 563 758 tot
590 689 809 759 celebrentur
836 689 963 758 missae
990 702 1079 778 quot
1110 688 1154 756 ab

79 775 292 846 offerentibus
305 779 542 868 eleemosynas
557 778 684 847 luerint
696 779 925 870 praescriptae
938 778 994 864 (C.
1011 779 1151 868 Nuper,

80 888 104 951 t·
121 869 189 951 ta)
267 923 270 926 ⁴

118 966 256 1037 indulto
287 971 478 1060 apostolico
510 993 601 1061 opus
636 986 697 1054 est,
732 986 767 1040 et
797 971 942 1061 quidem
974 991 1080 1058 nov0,
1115 983 1154 1037 ut

78 1057 177 1142 possis
188 1079 230 1126 ex
242 1060 473 1150 eleemosynis
485 1061 685 1148 missarum,
696 1061 813 1130 decori
828 1077 932 1151 atque
944 1073 1152 1130 ornamento

78 1146 228 1216 ecclesiae
244 1151 438 1219 consulere.
459 1149 578 1237 (Dect.
603 1152 652 1218 Ut
668 1151 792 1243 debita,
810 1174 846 1219 n.
872 1175 922 1218 rr.
948 1155 1014 1236 14.)

106 1252 244 1312 Observes
257 1274 319 1312 non
332 1256 387 1312 dici
408 1257 496 1313 loci«
512 1258 561 1313 ubi
576 1258 778 1326 celebretur»,
800 1259 850 1314 sed
870 1258 926 1314 loci
947 1257 996 1312 ubi
1014 1257 1054 1312 sit
1073 1256 1155 1312 bene-

78 1328 287 1405 ne'quaerendo
301 1329 366 1406 loca
384 1329 435 1384 ubi
451 1329 564 1385 minore
584 1329 678 1403 pretio
692 1342 909 1387 consueverunt
927 1329 1032 1386 missae
1051 1327 1153 1396 taxari,

75 1403 173 1465 perum,
189 1398 329 1456 indirecte
339 1400 390 1456 tibi
405 1401 608 1475 eleemosynae
622 1400 747 1458 retineas
760 1415 882 1476 partem.

240 1548 304 1617 Vl.
331 1549 499 1617 Rationes
522 1549 715 1618 reddendae
738 1529 771 1622 et
794 1548 983 1640 exigendae

118 1721 143 1764 r.
170 1700 371 1789 Tamquam
399 1700 599 1769 communis
625 1701 857 1770 saecularium
884 1715 918 1770 et
941 1700 1154 1792 regularium

78 1785 232 1877 obligatio
256 1791 502 1878 praescribitur
525 1812 643 1859 anatra
665 1793 778 1875 ratio,
794 1792 829 1859 in
846 1790 944 1861 libris
967 1791 1155 1860 missarum

78 1877 316 1968 consignanda,
346 1902 453 1968 quam
478 1881 701 1949 ecclesiarum
730 1881 880 1950 ministri
906 1881 1155 1970 Superioribus

78 1966 138 2033 suis
154 1967 297 2037 reddere
314 1969 454 2037 debent.

117 2092 145 2140 a.
166 2072 304 2141 Debent
322 2073 502 2143 Ordinarii
519 2074 667 2162 quilibet
682 2074 828 2144 sollicite
846 2094 964 2144 cavere
988 2088 1061 2142 uta
1078 2096 1152 2165 per·

79 2159 161 2228 sonis
176 2176 209 2229 et
225 2161 262 2228 in
278 2163 431 2231 ecclesiis
448 2164 514 2231 sibi
539 2163 686 2233 subditis
703 2164 829 2234 missae
846 2185 916 2254 qua
931 2185 993 2253 par
1017 2178 1068 2232 est
1084 2164 1154 2232 fide

78 2266 105 2314 et
119 2250 293 2341 diligentia
310 2253 540 2340 celebrentur,
559 2268 663 2343 atque
679 2255 784 2322 etiam
802 2274 841 2322 ex
858 2253 976 2322 officio
993 2268 1026 2321 et
1042 2254 1154 2343 inqui·

78 2339 175 2408 tendo
191 2342 405 2410 exsecutioni
422 2343 644 2410 decretorum
660 2344 703 2411 de
721 2343 837 2413 missis
862 2343 1072 2433 prospicere.
1103 2344 1154 2411 Ita

78 2426 114 2497 C.
131 2431 266 2523 Nuper,
284 2455 320 2500 n.
340 2431 396 2521 (35,
415 2434 471 2519 66,
494 2456 564 2522 qua
591 2433 789 2502 sollicitudo
818 2434 881 2502 ista
906 2431 1154 2525 Superioribus
1183 2469 1186 2476 ·

79 2522 284 2607 regularibus
301 2545 374 2589 non
390 2538 524 2591 tanturn
542 2524 725 2601 localibus
744 2524 805 2591 sed
830 2523 1104 2611 provincialibus
1121 2538 1154 2591 et

78 2612 287 2693 generalibus
310 2614 437 2681 diserte
454 2613 659 2702 imponitur.
681 2613 797 2682 Etiam
822 2614 959 2682 decreto
985 2613 1156 2703 Vigilauti

79 2696 188 2768 Studio
205 2703 397 2771 contrarios
420 2703 551 2771 abusus
568 2703 750 2771 Ordinarii
767 2705 959 2771 saeculares
975 2718 1007 2772 et
1024 2704 1155 2793 regula·

79 2808 126 2855 res
139 2789 174 2857 in
185 2791 380 2860 visitatione
397 2813 554 2860 coercere
570 2793 736 2861 iubentur
751 2818 760 2880 ;
785 2793 888 2882 plena
904 2791 1009 2861 etiam
1025 2793 1152 2861 decreti

83 2876 126 2945 Ut
149 2881 254 2948 debita
270 2882 443 2949 exsecutio
467 2883 624 2971 ipsorum
653 2884 824 2952 sollertiae
847 2882 1089 2969 committitur,
1107 2883 1153 2951 ita

80 2984 112 3033 ut
128 2971 330 3039 nominatim
347 2987 522 3039 curentur
545 2973 776 3064 praescriptae
792 2972 938 3041 tabellae
955 2986 989 3041 et
1011 2972 1091 3041 libri
1116 2971 1153 3039 in

81 3059 219 3128 ecclesiis
235 3060 440 3130 habeantur.

122 3160 149 3226 3.
186 3162 367 3230 Praeterea
397 3162 441 3229 de
469 3162 700 3251 eleemosynis
731 3163 949 3253 deponendis
983 3164 1021 3231 in
1052 3183 1154 3253 capsa
1226 3173 1228 3179 '

81 3251 230 3333 peculiari
260 3266 293 3319 et
321 3253 365 3319 de
392 3253 579 3320 missarum
607 3253 839 3321 celebratione
867 3269 915 3320 est
940 3275 960 3321 a
983 3252 1153 3323 ministris

83 3338 288 3410 ecclesiarum
313 3342 532 3432 regularium
561 3352 739 3410 rneustrua
768 3341 937 3432 superiori
967 3344 1053 3412 ratio
1076 3343 1151 3411 red·

82 3426 181 3497 denda
195 3453 313 3500 coram
330 3432 522 3500 domestico
539 3433 698 3501 consilio.

115 3530 165 3587 Ubi
184 3552 285 3608 capsae
305 3552 375 3590 usus
391 3535 476 3589 luerit
489 3534 648 3603 obsoletus
670 3536 744 3592 ratio
758 3536 895 3593 reddetur
908 3536 943 3592 de
957 3537 1150 3609 eleemosynis

84 3604 189 3674 receptis
201 3619 229 3661 et
244 3608 280 3661 de
292 3606 500 3662 celebratione.

122 3708 150 3772 4.
179 3690 217 3758 ln
241 3691 511 3780 prouincialibus
535 3692 693 3781 capitulis
720 3714 781 3761 seu
805 3694 1149 3782 congregationibus,

87 3774 272 3864 Superiores
290 3782 415 3849 locales
431 3783 685 3850 attestationem
709 3805 770 3850 seu
795 3782 901 3851 fidem
918 3784 961 3850 ab
986 3783 1152 3852 omnibus

86 3869 301 3940 sacerdotibus
313 3891 396 3939 suae
408 3870 536 3939 domus
548 3871 779 3961 subscriptam
792 3888 824 3941 et
837 3873 983 3941 iuratam
991 3872 1152 3941 exhibere

87 3953 207 4046 debent,
224 3983 293 4049 qua
310 3974 490 4045 testentur,
509 3974 666 4049 tempore
683 3984 808 4030 eorum
826 3962 1019 4051 regiminis,
1038 3964 1153 4032 omni·

87 4042 184 4141 buret
198 4050 343 4140 singulis
360 4050 534 4137 perpetuis
553 4053 605 4118 vel
622 4052 845 4119 manualibus
870 4052 1054 4120 missarum
1072 4074 1152 4120 one·

87 4133 330 4208 nbusesse.ita
358 4139 582 4225 satisfactum,
616 4157 653 4208 ut
681 4142 803 4209 saltem
830 4142 968 4209 nullum
1001 4144 1150 4227 supersit

87 4226 166 4380 pupd
181 4228 266 4403 iptra
279 4230 384 4298 breve
399 4242 537 4317 tempus
554 4252 625 4297 non
643 4231 753 4319 possit
769 4230 918 4321 impleri.
935 4230 991 4315 (C.
1007 4233 1148 4321 Nuper,

110 4365 115 4378 .
151 4338 178 4405 7.
