2959 4900
290 261 330 323 74
739 292 923 329 monumenta

289 440 307 472 a
326 432 356 474 20
370 421 408 477 Se
428 422 514 493 egual
533 421 640 479 facolta
658 423 683 481 si
701 424 830 482 richiede
849 427 941 499 peria
961 440 1096 499 permuta
1117 426 1163 483 dei
1183 424 1333 482 medesimi
1344 422 1372 476 in

289 512 307 543 a
325 492 391 548 altri
403 492 480 549 titoli
493 510 513 548 o
524 494 627 567 valori,
642 495 736 553 anche
750 497 907 553 immobili.
929 499 959 555 3⁰
973 499 1011 555 Se
1023 498 1032 552 i
1044 498 1189 554 venditori
1202 514 1219 553 e
1232 496 1271 569 gli
1282 494 1373 567 aoqui·

102 546 128 593 '·
209 620 215 629 ,
289 584 307 615 a
325 564 401 619 renti
411 564 493 621 siano
504 568 628 638 soggerti
641 567 697 623 alle
709 584 785 639 pene
798 568 1011 627 ecclesiastiche
1022 570 1131 625 sancite
1143 570 1191 625 dal
1205 568 1373 624 Tridentino

227 652 236 670 ·
290 655 308 686 a
326 635 354 690 al
367 653 441 709 capo
453 652 500 703 Η,
513 653 584 693 sess.
600 636 695 693 XXII
706 639 743 695 de
762 642 886 713 reform.
900 659 916 697 e
931 641 1009 697 dalla
1021 641 1152 697 Extrav.
1165 640 1375 696 Ambitiosaee

290 726 307 757 a
326 706 404 762 dalla
417 708 521 768 Costit.
536 710 563 763 A
564 709 730 782 postolicae
741 710 828 768 Sedis
837 733 865 771 n,

323 792 509 865 Responsum
516 792 581 849 luit:
592 794 644 849 Ad
650 808 718 850 rum.
729 796 756 849 A
755 793 931 872 ffirmative.
941 796 992 852 Ad
998 810 1065 853 aum.
1076 798 1102 853 A
1101 794 1268 871 ffirmative
1278 808 1377 865 excep-

291 873 319 919 to
332 880 403 918 casu
418 864 554 938 urgentis
568 865 752 923 necessitatis
765 869 795 921 in
808 885 866 940 quo
874 868 1044 942 periculum
1061 868 1145 924 sitin
1161 884 1258 936 mora,
1273 875 1304 921 et
1313 874 1378 919 tem·

285 950 344 1008 pus
364 944 425 990 ‘non
438 945 575 1063 apppetat
593 939 771 993 recurrendi
788 939 829 993 ad
850 940 881 995 S.
904 939 1022 1005 Sedem,
1045 938 1145 995 habito
1168 948 1267 993 tamen
1289 937 1319 991 in
1337 933 1379 1016 his

290 1006 439 1063 adiunctis
483 1007 617 1062 rdinarii
635 1007 827 1091 beneplacito,
843 1021 872 1066 et
887 1010 940 1067 sub
960 1011 1027 1085 Iege
1040 1022 1071 1093 tit
1083 1009 1267 1084 permutatio
1273 1006 1335 1083 fiat
1352 1023 1378 1088 tn

291 1076 384 1133 titulis
397 1093 487 1151 quam
510 1079 646 1134 maxime
659 1090 739 1139 tutta.
753 1081 805 1136 Ad
817 1083 885 1138 sum,
899 1084 925 1138 A
924 1081 1091 1157 ffirmattve
1109 1081 1209 1155 quoad
1217 1094 1334 1153 poenas
1352 1094 1378 1131 m

292 1149 447 1219 Extravag.
459 1149 673 1207 Ambitiosae...
690 1162 718 1206 et
730 1152 852 1209 Constit.
868 1154 1003 1227 Apostol.
1018 1153 1135 1210 Sedis...
1148 1162 1286 1210 statutas.

717 1308 948 1365 Annonartonns

327 1447 351 1502 Ι.
366 1445 460 1502 Tituli
481 1445 538 1516 isti,
552 1463 605 1502 seu
626 1446 751 1502 nomina
764 1460 842 1504 certa
860 1446 1004 1505 hodierna
1016 1466 1069 1507 seu
1088 1449 1198 1506 credita
1210 1464 1300 1521 quae,
1321 1464 1381 1521 sup

289 1534 391 1592 presso
413 1517 564 1574 creditoris
582 1517 703 1573 nomine
724 1517 809 1575 facile
821 1520 884 1593 ipsa
906 1520 1062 1578 traditione
1080 1520 1237 1577 dominum
1254 1531 1380 1585 mutant,

290 1589 415 1661 spectari
428 1600 552 1662 possunt
564 1601 598 1645 ut
611 1588 734 1645 mobilia
748 1590 886 1662 pretiosa.
902 1595 939 1649 Et
952 1592 976 1647 si
992 1608 1073 1650 mere
1085 1592 1163 1648 hanc
1176 1591 1279 1649 feceris
1293 1589 1382 1648 consi·

291 1660 484 1727 demtionem,
498 1660 581 1717 omni
594 1660 786 1733 ambiguitate
805 1663 915 1720 carebit
926 1664 1045 1720 soluti0.
1066 1664 1235 1720 Clarissima
1247 1663 1331 1719 enim
1341 1662 1382 1716 lex

276 1764 278 1767 <
290 1743 367 1789 vetat
379 1732 540 1804 quominus
552 1731 676 1788 mobilia
688 1733 816 1804 pretiosa
828 1734 993 1791 alienentur
1003 1736 1066 1792 sine
1077 1734 1259 1807 beneplacito
1269 1745 1381 1808 aposto·

292 1802 360 1861 lico,
384 1808 482 1876 Atque
501 1802 540 1859 ita
562 1803 757 1859 ratiocinatus
772 1817 816 1861 est
838 1806 1018 1864 secretarius
1041 1807 1072 1868 S.
1095 1804 1339 1878 Congregationis
1356 1804 1382 1858 in

293 1876 454 1933 summaria
465 1892 519 1931 sua
529 1875 682 1932 relatione.

328 1960 441 2015 Verum
453 1957 613 2027 enimvero,
627 1957 876 2015 dissimulandum
888 1977 951 2017 non
965 1972 1018 2030 est,
1031 1960 1130 2031 hodie,
1144 1960 1247 2016 titulos
1262 1958 1335 2016 istos
1346 1959 1382 2013 ita

292 2030 467 2103 plerumque
478 2030 631 2103 possideri,
654 2043 688 2085 ut
700 2029 936 2103 frequentissime
956 2032 1041 2089 locus
1053 2032 1089 2089 sit
1111 2031 1322 2114 permutationi
1341 2030 1382 2087 vel

291 2102 476 2159 conversioni
496 2102 526 2156 in
545 2101 619 2157 alios
637 2101 739 2158 titulos
753 2103 798 2159 vel
817 2103 905 2160 bona.
922 2104 1002 2160 Hinc
1013 2104 1124 2177 ambigi
1148 2115 1261 2176 poterat
1285 2116 1381 2157 utrum

291 2191 385 2230 necne
397 2173 475 2230 tituli
492 2172 539 2228 isti
553 2190 570 2228 a
583 2173 655 2229 locis
668 2173 723 2247 piis
745 2173 785 2230 ita
798 2174 1028 2248 possiderentur,
1048 2188 1081 2232 ut
1099 2174 1381 2232 administratoribus

292 2246 393 2301 liceret
408 2244 438 2299 in
458 2244 625 2301 venditione
638 2256 667 2302 et
679 2246 913 2303 commutatione
924 2264 956 2302 se
968 2247 1005 2303 ad
1016 2248 1176 2303 modernos
1190 2261 1260 2301 usus
1273 2262 1383 2302 accom-

292 2317 424 2381 modare.
440 2318 493 2385 Ita,
507 2314 537 2371 ni
552 2315 692 2387 fallimur,
707 2317 820 2374 ferebat
832 2335 903 2374 usus
917 2330 960 2375 sat
973 2318 1126 2390 generalis.

328 2400 422 2460 Aliter
440 2415 540 2457 tamen
560 2400 657 2457 visum
677 2413 721 2458 est
744 2402 775 2458 S.
797 2400 1035 2476 Congregationi‚
1052 2411 1082 2460 et
1099 2401 1146 2458 vel
1163 2398 1230 2458 ideo
1254 2401 1380 2470 fortasse,

293 2473 362 2554 qnia
392 2491 428 2529 ex
455 2473 518 2528 eius
539 2486 648 2542 mente,
671 2474 813 2546 pecuniae
835 2474 1047 2531 ecclesiasticae
1068 2491 1130 2530 non
1154 2471 1185 2526 in
1208 2473 1383 2546 quibuslibet

181 2567 187 2575 ·
240 2588 243 2592 .
293 2545 387 2600 titulis
402 2544 540 2601 collocari
547 2544 731 2618 possuntsed
741 2545 772 2600 in
784 2545 819 2602 iis
849 2545 881 2600 ui
892 2559 1006 2603 certum
1018 2558 1047 2601 et
1059 2562 1120 2602 non
1130 2544 1248 2601 labilem
1261 2545 1383 2601 habeant

293 2615 432 2686 valorem,
447 2617 547 2689 quales
559 2619 629 2671 sunt
641 2632 726 2690 saepe
738 2616 816 2672 tituli
828 2564 928 2674 gratus
948 2618 1055 2690 (rentes
1069 2634 1119 2673 sur
1131 2603 1243 2690 l'Etat).

292 2706 298 2715 '
332 2702 371 2760 ll.
388 2703 421 2756 ln
434 2700 564 2756 secundo
577 2715 719 2772 responso
729 2717 814 2756 casus
829 2700 971 2774 excipitur
985 2699 1016 2756 in
1031 2718 1092 2774 quo
1102 2719 1214 2777 urgens
1229 2700 1384 2758 necessitas

295 2782 411 2845 tempus
424 2789 485 2827 non
500 2771 616 2845 linquat
625 2771 797 2827 recurrendi
810 2773 848 2827 ad
863 2773 893 2829 S.
909 2774 1026 2829 Sedem.

333 2857 449 2928 Urgens
468 2855 522 2911 ista
541 2853 714 2910 neccessitas
732 2868 805 2911 tunc
824 2867 904 2911 certo
926 2856 1029 2924 aderit,
1043 2873 1112 2912 curn
1130 2855 1193 2912 sine
1213 2855 1382 2912 detrimento

295 2927 415 2983 retineri
429 2940 577 2999 nequeant
589 2927 793 2982 commutandi
807 2928 930 2984 valores.
952 2926 1031 2996 Quid
1044 2940 1143 2985 autem
1155 2926 1179 2984 si
1193 2943 1272 2983 mere
1286 2938 1384 2998 agatur

296 3011 409 3054 certum
423 3000 540 3055 lucrum
552 3015 589 3055 ex
600 3000 818 3071 permutatione
831 2999 1093 3071 conquirendum?

333 3085 380 3140 Ne
394 3083 425 3138 in
438 3082 625 3156 dispendium
637 3093 765 3137 vertatur
779 3083 861 3154 quod
874 3096 994 3157 propter
1008 3083 1167 3140 utilitatem
1178 3095 1223 3139 est
1241 3082 1383 3138 introduc·

296 3168 371 3223 tum,
392 3170 545 3211 censemus
558 3153 646 3210 etiam
658 3163 736 3217 tunc,
744 3153 841 3209 eidem
854 3153 1019 3227 exceptioni
1031 3171 1094 3211 esse
1112 3155 1223 3210 locum.
1239 3155 1300 3209 Nec
1311 3153 1383 3209 obici

296 3237 392 3301 potest
411 3226 529 3282 lucrum
549 3223 627 3279 istud
648 3224 685 3279 ad
707 3224 940 3298 negotiationem
962 3227 1108 3299 pertinere
1130 3243 1207 3299 quae
1226 3238 1255 3283 et
1275 3225 1334 3298 ipsa
1350 3224 1384 3280 sit

297 3296 411 3355 clericis
432 3295 590 3370 prohibita.
611 3295 740 3360 Etenim,
760 3296 812 3352 ubi
834 3294 901 3353 finis
920 3297 1078 3371 emptionis
1096 3314 1158 3354 non
1176 3297 1231 3353 fuit
1248 3296 1381 3362 venditio,

297 3370 348 3426 sed
360 3386 441 3426 mere
452 3367 590 3440 arripitur
601 3366 719 3424 occasio
733 3368 808 3425 lucri
819 3385 857 3425 ex
868 3379 983 3426 mutato
996 3370 1097 3426 valore
1109 3369 1171 3442 qui,
1185 3368 1217 3423 in
1232 3365 1277 3424 his
1289 3368 1381 3434 rebus,

297 3441 477 3511 frequentior
488 3438 590 3507 aderit,
606 3455 644 3494 ne
656 3438 767 3510 species
780 3439 902 3512 quidem
916 3440 1126 3513 negotiationis
1139 3439 1274 3496 habetur.

335 3527 390 3582 lll.
408 3522 601 3589 ordinarius,
618 3522 641 3576 si
654 3539 744 3578 causa
757 3538 869 3597 urgeat,
884 3523 968 3581 cuius
981 3538 1053 3581 tunc
1064 3524 1281 3597 beneplacitum
1293 3520 1383 3594 requi·

298 3597 383 3667 ritur,
397 3595 483 3652 nobis
503 3594 694 3651 videturesse
718 3595 869 3652 Praelatus
888 3596 940 3670 qui
963 3596 994 3650 in
1008 3613 1040 3652 re
1062 3596 1267 3653 auctoritatem
1285 3595 1384 3650 habeat

299 3669 384 3741 quasi
401 3666 600 3742 episcopalem
613 3686 621 3734 ;
645 3682 715 3738 ergo
728 3665 818 3723 etiam
839 3667 990 3724 Praelatus
1002 3667 1156 3740 regularis,
1180 3665 1232 3723 ubi
1244 3667 1281 3723 de
1297 3663 1382 3744 titulis

293 3740 396 3814 ,agitur
415 3739 466 3813 qui
485 3739 522 3794 ad
535 3736 684 3810 religiosas
705 3738 811 3795 domos
830 3739 987 3812 pertinent.
1007 3739 1147 3807 Quamvis
1162 3739 1251 3806 enim,
1271 3739 1307 3794 ad
1323 3735 1384 3817 alre

300 3813 412 3870 nandas
425 3812 549 3868 terrulas
563 3810 626 3878 (seu
637 3808 743 3882 exigua
753 3811 832 3866 bona
844 3807 1020 3883 immobilia)
1029 3811 1154 3866 debeant
1162 3810 1318 3884 regulares,
1331 3822 1382 3862 nrsr

300 4059 449 4120 requiritur
459 4057 569 4106 licentia
579 4069 643 4104 cum
653 4055 745 4117 agitur
756 4057 791 4104 de
801 4057 1002 4106 commutandis
1010 4056 1099 4106 titulis
1108 4055 1169 4115 istis
1179 4055 1208 4105 in
1218 4055 1287 4104 alios
1296 4050 1381 4122 titidqs

299 4126 343 4173 vel
353 4127 459 4174 valores
468 4125 552 4173 etiam
566 4122 739 4172 immobiles?
757 4130 783 4171 3⁰
799 4122 854 4184 Qui
865 4123 988 4172 vendunt
997 4125 1040 4173 vel
1055 4127 1150 4172 emunt
1170 4127 1270 4171 suntne
1279 4117 1380 4169 obnoxii

300 4191 396 4250 poenis
412 4189 607 4239 ecclesiasticis
624 4189 737 4237 sancitis
755 4203 773 4238 a
792 4188 917 4238 Concilio
935 4189 1107 4248 Tridentino,
1128 4202 1152 4238 c.
1170 4189 1211 4248 ΙΙ,
1228 4201 1252 4238 ε.
1263 4183 1335 4236 XXII
1348 4179 1381 4230 de

301 4256 412 4305 reform.
423 4263 449 4304 et
460 4259 571 4313 Extrav.
582 4254 764 4311 Ambitiosae,
776 4260 803 4304 et
810 4269 827 4304 a
838 4256 869 4304 C.
882 4256 1057 4316 Apostolicae
1063 4255 1143 4305 Sedis
1153 4255 1163 4304 ἓ
