<?xml version="1.0" encoding="UTF-8"?>
<!DOCTYPE html PUBLIC "-//W3C//DTD XHTML 1.0 Transitional//EN"
    "http://www.w3.org/TR/xhtml1/DTD/xhtml1-transitional.dtd">
<html xmlns="http://www.w3.org/1999/xhtml" xml:lang="en" lang="en">
 <head>
  <title>
</title>
<meta http-equiv="Content-Type" content="text/html;charset=utf-8" />
  <meta name='ocr-system' content='tesseract 3.04.00' />
  <meta name='ocr-capabilities' content='ocr_page ocr_carea ocr_par ocr_line ocrx_word'/>
</head>
<body>
  <div class='ocr_page' id='page_1' title='image "./dereligiosisins01vermgoog_0028.png"; bbox 0 0 2959 4900; ppageno 0'>
   <div class='ocr_carea' id='block_1_1' title="bbox 70 1003 169 1052">
    <p class='ocr_par' dir='ltr' id='par_1_1' title="bbox 70 1003 169 1052">
     <span class='ocr_line' id='line_1_1' title="bbox 70 1003 169 1052; baseline 0.02 -2"><span class='ocrx_word' id='word_1_1' title='bbox 70 1003 169 1052; x_wconf 81' lang='lat' dir='ltr'><em>Orator.</em></span> 
     </span>
    </p>
   </div>
   <div class='ocr_carea' id='block_1_2' title="bbox 71 1154 178 1204">
    <p class='ocr_par' dir='ltr' id='par_1_2' title="bbox 71 1154 178 1204">
     <span class='ocr_line' id='line_1_2' title="bbox 71 1154 178 1204; baseline 0.009 -1"><span class='ocrx_word' id='word_1_2' title='bbox 71 1154 178 1204; x_wconf 80' lang='lat' dir='ltr'>Ordina-</span> 
     </span>
    </p>
   </div>
   <div class='ocr_carea' id='block_1_3' title="bbox 43 1212 201 1274">
    <p class='ocr_par' dir='ltr' id='par_1_3' title="bbox 43 1212 201 1274">
     <span class='ocr_line' id='line_1_3' title="bbox 43 1212 201 1274; baseline 0.006 -15"><span class='ocrx_word' id='word_1_3' title='bbox 43 1215 115 1260; x_wconf 82' lang='lat' dir='ltr'>tioru&#39;s</span> <span class='ocrx_word' id='word_1_4' title='bbox 121 1212 201 1274; x_wconf 82' lang='lat' dir='ltr'>faciae</span> 
     </span>
    </p>
   </div>
   <div class='ocr_carea' id='block_1_4' title="bbox 42 1271 199 1435">
    <p class='ocr_par' dir='ltr' id='par_1_4' title="bbox 42 1271 199 1435">
     <span class='ocr_line' id='line_1_4' title="bbox 42 1271 179 1320; baseline 0.015 -4"><span class='ocrx_word' id='word_1_5' title='bbox 42 1285 58 1316; x_wconf 90' lang='lat' dir='ltr'>a</span> <span class='ocrx_word' id='word_1_6' title='bbox 70 1271 179 1320; x_wconf 84' lang='lat' dir='ltr'>Titnlari</span> 
     </span>
     <span class='ocr_line' id='line_1_5' title="bbox 42 1327 199 1388; baseline 0.019 -14"><span class='ocrx_word' id='word_1_7' title='bbox 42 1327 126 1376; x_wconf 77' lang='lat' dir='ltr'>abiate</span> <span class='ocrx_word' id='word_1_8' title='bbox 140 1331 199 1388; x_wconf 78' lang='lat' dir='ltr'>peti·</span> 
     </span>
     <span class='ocr_line' id='line_1_6' title="bbox 45 1389 198 1435; baseline 0.033 -5"><span class='ocrx_word' id='word_1_9' title='bbox 45 1390 84 1431; x_wconf 83' lang='lat' dir='ltr'>tur</span> <span class='ocrx_word' id='word_1_10' title='bbox 94 1389 198 1435; x_wconf 82' lang='lat' dir='ltr'>sanatio.</span> 
     </span>
    </p>
   </div>
   <div class='ocr_carea' id='block_1_5' title="bbox 42 1577 186 1695">
    <p class='ocr_par' dir='ltr' id='par_1_5' title="bbox 42 1577 186 1695">
     <span class='ocr_line' id='line_1_7' title="bbox 69 1577 181 1637; baseline -0.009 -13"><span class='ocrx_word' id='word_1_11' title='bbox 69 1577 129 1624; x_wconf 82' lang='lat' dir='ltr'><strong><em>Dies</em></strong></span> <span class='ocrx_word' id='word_1_12' title='bbox 140 1581 181 1637; x_wconf 82' lang='lat'>(15</span> 
     </span>
     <span class='ocr_line' id='line_1_8' title="bbox 42 1633 186 1695; baseline 0.014 -14"><span class='ocrx_word' id='word_1_13' title='bbox 42 1633 98 1682; x_wconf 74' lang='lat' dir='ltr'>iulii</span> <span class='ocrx_word' id='word_1_14' title='bbox 106 1639 186 1695; x_wconf 75' lang='lat'>1903.)</span> 
     </span>
    </p>
   </div>
   <div class='ocr_carea' id='block_1_6' title="bbox 41 1731 198 1828">
    <p class='ocr_par' dir='ltr' id='par_1_6' title="bbox 41 1731 198 1828">
     <span class='ocr_line' id='line_1_9' title="bbox 70 1731 198 1784; baseline 0 -11"><span class='ocrx_word' id='word_1_15' title='bbox 70 1731 198 1784; x_wconf 65' lang='lat' dir='ltr'>Refluan-</span> 
     </span>
     <span class='ocr_line' id='line_1_10' title="bbox 41 1793 114 1828; baseline 0.027 -2"><span class='ocrx_word' id='word_1_16' title='bbox 41 1793 114 1828; x_wconf 74' lang='lat' dir='ltr'>nam.</span> 
     </span>
    </p>
   </div>
   <div class='ocr_carea' id='block_1_7' title="bbox 44 2074 183 2190">
    <p class='ocr_par' dir='ltr' id='par_1_7' title="bbox 44 2074 183 2190">
     <span class='ocr_line' id='line_1_11' title="bbox 71 2074 160 2120; baseline 0 0"><span class='ocrx_word' id='word_1_17' title='bbox 71 2074 160 2120; x_wconf 86' lang='lat' dir='ltr'>Omnia</span> 
     </span>
     <span class='ocr_line' id='line_1_12' title="bbox 44 2136 183 2190; baseline 0.029 -12"><span class='ocrx_word' id='word_1_18' title='bbox 44 2136 183 2190; x_wconf 76' lang='lat' dir='ltr'>reparantur.</span> 
     </span>
    </p>
   </div>
   <div class='ocr_carea' id='block_1_8' title="bbox 712 369 893 406">
    <p class='ocr_par' dir='ltr' id='par_1_8' title="bbox 712 369 893 406">
     <span class='ocr_line' id='line_1_13' title="bbox 712 369 893 406; baseline 0 -2"><span class='ocrx_word' id='word_1_19' title='bbox 712 369 893 406; x_wconf 69' lang='lat' dir='ltr'>monumenta.</span> 
     </span>
    </p>
   </div>
   <div class='ocr_carea' id='block_1_9' title="bbox 393 531 1205 897">
    <p class='ocr_par' dir='ltr' id='par_1_9' title="bbox 393 531 1205 897">
     <span class='ocr_line' id='line_1_14' title="bbox 393 531 1205 628; baseline 0.01 -13"><span class='ocrx_word' id='word_1_20' title='bbox 393 531 433 616; x_wconf 85' lang='lat'>6.</span> <span class='ocrx_word' id='word_1_21' title='bbox 455 581 497 591; x_wconf 89' lang='lat'><em>-</em></span> <span class='ocrx_word' id='word_1_22' title='bbox 520 541 553 613; x_wconf 84' lang='lat' dir='ltr'>s.</span> <span class='ocrx_word' id='word_1_23' title='bbox 578 543 612 610; x_wconf 80' lang='lat' dir='ltr'>n.</span> <span class='ocrx_word' id='word_1_24' title='bbox 639 543 671 612; x_wconf 88' lang='lat' dir='ltr'>u.</span> <span class='ocrx_word' id='word_1_25' title='bbox 694 542 962 614; x_wconf 82' lang='lat' dir='ltr'>ruoutsrnonts</span> <span class='ocrx_word' id='word_1_26' title='bbox 985 542 1033 628; x_wconf 83' lang='lat' dir='ltr'>(s.</span> <span class='ocrx_word' id='word_1_27' title='bbox 1056 543 1205 622; x_wconf 79' lang='lat' dir='ltr'>orrici)</span> 
     </span>
     <span class='ocr_line' id='line_1_15' title="bbox 545 701 1059 756; baseline -0.002 0"><span class='ocrx_word' id='word_1_28' title='bbox 545 701 787 756; x_wconf 75' lang='lat' dir='ltr'><strong><em>RESPONSUM</em></strong></span> <span class='ocrx_word' id='word_1_29' title='bbox 804 701 959 756; x_wconf 77' lang='lat' dir='ltr'>151Ua11</span> <span class='ocrx_word' id='word_1_30' title='bbox 976 701 1059 756; x_wconf 85' lang='lat'><strong><em>1903</em></strong></span> 
     </span>
     <span class='ocr_line' id='line_1_16' title="bbox 407 838 1199 897; baseline 0 -2"><span class='ocrx_word' id='word_1_31' title='bbox 407 838 461 896; x_wconf 85' lang='lat' dir='ltr'>De</span> <span class='ocrx_word' id='word_1_32' title='bbox 480 840 707 897; x_wconf 84' lang='lat' dir='ltr'>ordinatione</span> <span class='ocrx_word' id='word_1_33' title='bbox 726 840 822 897; x_wconf 79' lang='lat' dir='ltr'>tacta</span> <span class='ocrx_word' id='word_1_34' title='bbox 841 841 885 897; x_wconf 85' lang='lat' dir='ltr'>ab</span> <span class='ocrx_word' id='word_1_35' title='bbox 903 841 1043 897; x_wconf 83' lang='lat' dir='ltr'>Abbate</span> <span class='ocrx_word' id='word_1_36' title='bbox 1060 839 1199 897; x_wconf 83' lang='lat' dir='ltr'>titulari</span> 
     </span>
    </p>
   </div>
   <div class='ocr_carea' id='block_1_10' title="bbox 256 983 1349 1129">
    <p class='ocr_par' dir='ltr' id='par_1_10' title="bbox 256 983 1349 1129">
     <span class='ocr_line' id='line_1_17' title="bbox 256 983 1349 1112; baseline -0.002 -71"><span class='ocrx_word' id='word_1_37' title='bbox 256 1071 271 1112; x_wconf 68' lang='lat' dir='ltr'>e</span> <span class='ocrx_word' id='word_1_38' title='bbox 291 983 509 1112; x_wconf 64' lang='lat' dir='ltr'>Arcbtiepiscopi</span> <span class='ocrx_word' id='word_1_39' title='bbox 524 987 563 1042; x_wconf 93' lang='lat' dir='ltr'>N.</span> <span class='ocrx_word' id='word_1_40' title='bbox 576 988 614 1042; x_wconf 91' lang='lat' dir='ltr'>N.</span> <span class='ocrx_word' id='word_1_41' title='bbox 629 987 665 1042; x_wconf 92' lang='lat' dir='ltr'>ad</span> <span class='ocrx_word' id='word_1_42' title='bbox 679 986 767 1058; x_wconf 91' lang='lat' dir='ltr'>pedes</span> <span class='ocrx_word' id='word_1_43' title='bbox 786 987 816 1042; x_wconf 87' lang='lat' dir='ltr'>S.</span> <span class='ocrx_word' id='word_1_44' title='bbox 831 987 867 1042; x_wconf 91' lang='lat' dir='ltr'>V.</span> <span class='ocrx_word' id='word_1_45' title='bbox 883 985 1067 1059; x_wconf 87' lang='lat' dir='ltr'>provolutus,</span> <span class='ocrx_word' id='word_1_46' title='bbox 1085 1003 1161 1058; x_wconf 89' lang='lat' dir='ltr'>quae</span> <span class='ocrx_word' id='word_1_47' title='bbox 1186 983 1349 1058; x_wconf 81' lang='lat' dir='ltr'>sequuntur</span> 
     </span>
     <span class='ocr_line' id='line_1_18' title="bbox 273 1072 385 1129; baseline 0.009 -18"><span class='ocrx_word' id='word_1_48' title='bbox 273 1072 363 1129; x_wconf 85' lang='lat' dir='ltr'>xpom</span> <span class='ocrx_word' id='word_1_49' title='bbox 379 1100 385 1112; x_wconf 97' lang='lat'>.</span> 
     </span>
    </p>
   </div>
   <div class='ocr_carea' id='block_1_11' title="bbox 254 1138 1349 1553">
    <p class='ocr_par' dir='ltr' id='par_1_11' title="bbox 254 1138 1349 1553">
     <span class='ocr_line' id='line_1_19' title="bbox 293 1138 1349 1213; baseline -0.002 -19"><span class='ocrx_word' id='word_1_50' title='bbox 293 1139 377 1195; x_wconf 88' lang='lat' dir='ltr'>Prior</span> <span class='ocrx_word' id='word_1_51' title='bbox 396 1139 517 1213; x_wconf 89' lang='lat' dir='ltr'>quidam</span> <span class='ocrx_word' id='word_1_52' title='bbox 530 1139 650 1195; x_wconf 85' lang='lat' dir='ltr'>Ordinis</span> <span class='ocrx_word' id='word_1_53' title='bbox 664 1138 901 1205; x_wconf 89' lang='lat' dir='ltr'>Cistercensium‚</span> <span class='ocrx_word' id='word_1_54' title='bbox 916 1140 1014 1195; x_wconf 83' lang='lat' dir='ltr'>Abbas</span> <span class='ocrx_word' id='word_1_55' title='bbox 1038 1139 1172 1207; x_wconf 88' lang='lat' dir='ltr'>titularis,</span> <span class='ocrx_word' id='word_1_56' title='bbox 1196 1149 1349 1195; x_wconf 85' lang='lat' dir='ltr'>tonsuram</span> 
     </span>
     <span class='ocr_line' id='line_1_20' title="bbox 255 1208 1348 1268; baseline -0.004 -1"><span class='ocrx_word' id='word_1_57' title='bbox 255 1223 283 1267; x_wconf 90' lang='lat' dir='ltr'>et</span> <span class='ocrx_word' id='word_1_58' title='bbox 308 1211 433 1268; x_wconf 90' lang='lat' dir='ltr'>Ordines</span> <span class='ocrx_word' id='word_1_59' title='bbox 460 1211 590 1267; x_wconf 90' lang='lat' dir='ltr'>Minores</span> <span class='ocrx_word' id='word_1_60' title='bbox 623 1210 748 1266; x_wconf 89' lang='lat' dir='ltr'>contulit</span> <span class='ocrx_word' id='word_1_61' title='bbox 778 1210 895 1266; x_wconf 87' lang='lat' dir='ltr'>cuidam</span> <span class='ocrx_word' id='word_1_62' title='bbox 922 1211 1002 1266; x_wconf 85' lang='lat' dir='ltr'>fratri</span> <span class='ocrx_word' id='word_1_63' title='bbox 1026 1210 1056 1264; x_wconf 92' lang='lat' dir='ltr'>in</span> <span class='ocrx_word' id='word_1_64' title='bbox 1088 1228 1143 1267; x_wconf 88' lang='lat' dir='ltr'>suo</span> <span class='ocrx_word' id='word_1_65' title='bbox 1170 1208 1348 1266; x_wconf 85' lang='lat' dir='ltr'>monasterio</span> 
     </span>
     <span class='ocr_line' id='line_1_21' title="bbox 255 1281 1348 1407; baseline -0.002 -71"><span class='ocrx_word' id='word_1_66' title='bbox 255 1282 380 1407; x_wconf 66' lang='lat' dir='ltr'>depenti</span> <span class='ocrx_word' id='word_1_67' title='bbox 410 1283 530 1338; x_wconf 89' lang='lat' dir='ltr'>obtenta</span> <span class='ocrx_word' id='word_1_68' title='bbox 556 1282 587 1337; x_wconf 90' lang='lat' dir='ltr'>in</span> <span class='ocrx_word' id='word_1_69' title='bbox 612 1299 681 1338; x_wconf 87' lang='lat' dir='ltr'>casu</span> <span class='ocrx_word' id='word_1_70' title='bbox 709 1282 747 1337; x_wconf 91' lang='lat' dir='ltr'>ab</span> <span class='ocrx_word' id='word_1_71' title='bbox 775 1281 1002 1355; x_wconf 83' lang='lat' dir='ltr'>Arcbiepiscopo</span> <span class='ocrx_word' id='word_1_72' title='bbox 1034 1283 1158 1338; x_wconf 85' lang='lat' dir='ltr'>Oratore</span> <span class='ocrx_word' id='word_1_73' title='bbox 1183 1293 1348 1355; x_wconf 91' lang='lat' dir='ltr'>opportuna</span> 
     </span>
     <span class='ocr_line' id='line_1_22' title="bbox 255 1352 1347 1428; baseline -0.002 -20"><span class='ocrx_word' id='word_1_74' title='bbox 255 1353 319 1409; x_wconf 91' lang='lat' dir='ltr'>dee</span> <span class='ocrx_word' id='word_1_75' title='bbox 340 1354 448 1411; x_wconf 89' lang='lat' dir='ltr'>atione.</span> <span class='ocrx_word' id='word_1_76' title='bbox 465 1355 552 1410; x_wconf 91' lang='lat' dir='ltr'>Nunc</span> <span class='ocrx_word' id='word_1_77' title='bbox 566 1368 636 1409; x_wconf 90' lang='lat' dir='ltr'>vero</span> <span class='ocrx_word' id='word_1_78' title='bbox 648 1353 702 1409; x_wconf 90' lang='lat' dir='ltr'>sibi</span> <span class='ocrx_word' id='word_1_79' title='bbox 716 1352 846 1409; x_wconf 90' lang='lat' dir='ltr'>innotuit</span> <span class='ocrx_word' id='word_1_80' title='bbox 858 1370 919 1409; x_wconf 92' lang='lat' dir='ltr'>non</span> <span class='ocrx_word' id='word_1_81' title='bbox 932 1369 1017 1428; x_wconf 89' lang='lat' dir='ltr'>posse</span> <span class='ocrx_word' id='word_1_82' title='bbox 1032 1354 1176 1410; x_wconf 83' lang='lat' dir='ltr'>Abbatem</span> <span class='ocrx_word' id='word_1_83' title='bbox 1200 1352 1347 1408; x_wconf 86' lang='lat' dir='ltr'>titularem</span> 
     </span>
     <span class='ocr_line' id='line_1_23' title="bbox 255 1371 1346 1498; baseline -0.002 -18"><span class='ocrx_word' id='word_1_84' title='bbox 255 1371 381 1497; x_wconf 55' lang='lat' dir='ltr'>gautiere</span> <span class='ocrx_word' id='word_1_85' title='bbox 395 1425 541 1498; x_wconf 88' lang='lat' dir='ltr'>praedicta</span> <span class='ocrx_word' id='word_1_86' title='bbox 555 1423 700 1492; x_wconf 84' lang='lat' dir='ltr'>facultate,</span> <span class='ocrx_word' id='word_1_87' title='bbox 715 1436 744 1480; x_wconf 92' lang='lat' dir='ltr'>et</span> <span class='ocrx_word' id='word_1_88' title='bbox 760 1425 883 1498; x_wconf 87' lang='lat' dir='ltr'>proinde</span> <span class='ocrx_word' id='word_1_89' title='bbox 899 1424 1037 1497; x_wconf 88' lang='lat' dir='ltr'>implorat</span> <span class='ocrx_word' id='word_1_90' title='bbox 1051 1425 1208 1496; x_wconf 83' lang='lat' dir='ltr'>benignam</span> <span class='ocrx_word' id='word_1_91' title='bbox 1221 1424 1346 1480; x_wconf 88' lang='lat' dir='ltr'>sanatio·</span> 
     </span>
     <span class='ocr_line' id='line_1_24' title="bbox 254 1512 459 1553; baseline -0.005 -1"><span class='ocrx_word' id='word_1_92' title='bbox 254 1512 332 1553; x_wconf 89' lang='lat' dir='ltr'>nem.</span> <span class='ocrx_word' id='word_1_93' title='bbox 457 1521 459 1526; x_wconf 33' lang='lat' dir='ltr'>v</span> 
     </span>
    </p>
   </div>
   <div class='ocr_carea' id='block_1_12' title="bbox 594 1589 1025 1664">
    <p class='ocr_par' dir='ltr' id='par_1_12' title="bbox 594 1589 1025 1664">
     <span class='ocr_line' id='line_1_25' title="bbox 594 1589 1025 1664; baseline 0.002 -18"><span class='ocrx_word' id='word_1_94' title='bbox 594 1590 675 1646; x_wconf 88' lang='lat' dir='ltr'>Feria</span> <span class='ocrx_word' id='word_1_95' title='bbox 693 1591 743 1658; x_wconf 88' lang='lat' dir='ltr'>IV,</span> <span class='ocrx_word' id='word_1_96' title='bbox 759 1589 806 1646; x_wconf 89' lang='lat' dir='ltr'>die</span> <span class='ocrx_word' id='word_1_97' title='bbox 823 1592 851 1647; x_wconf 85' lang='lat'>15</span> <span class='ocrx_word' id='word_1_98' title='bbox 866 1590 930 1645; x_wconf 87' lang='lat' dir='ltr'>iulii</span> <span class='ocrx_word' id='word_1_99' title='bbox 949 1593 1025 1664; x_wconf 77' lang='lat'>1903.</span> 
     </span>
    </p>
   </div>
   <div class='ocr_carea' id='block_1_13' title="bbox 254 1716 1350 2075">
    <p class='ocr_par' dir='ltr' id='par_1_13' title="bbox 254 1716 1350 2075">
     <span class='ocr_line' id='line_1_26' title="bbox 293 1716 1347 1790; baseline -0.001 -20"><span class='ocrx_word' id='word_1_100' title='bbox 293 1717 327 1770; x_wconf 91' lang='lat' dir='ltr'>ln</span> <span class='ocrx_word' id='word_1_101' title='bbox 341 1716 576 1789; x_wconf 81' lang='lat' dir='ltr'>congregatione</span> <span class='ocrx_word' id='word_1_102' title='bbox 618 1717 726 1773; x_wconf 87' lang='lat' dir='ltr'>enerali</span> <span class='ocrx_word' id='word_1_103' title='bbox 751 1719 782 1774; x_wconf 86' lang='lat' dir='ltr'>S.</span> <span class='ocrx_word' id='word_1_104' title='bbox 799 1718 833 1772; x_wconf 90' lang='lat' dir='ltr'>R.</span> <span class='ocrx_word' id='word_1_105' title='bbox 849 1729 877 1773; x_wconf 91' lang='lat' dir='ltr'>et</span> <span class='ocrx_word' id='word_1_106' title='bbox 899 1719 937 1773; x_wconf 93' lang='lat' dir='ltr'>U.</span> <span class='ocrx_word' id='word_1_107' title='bbox 964 1716 1174 1790; x_wconf 87' lang='lat' dir='ltr'>lnquis1tionis,</span> <span class='ocrx_word' id='word_1_108' title='bbox 1198 1716 1347 1789; x_wconf 88' lang='lat' dir='ltr'>proposito</span> 
     </span>
     <span class='ocr_line' id='line_1_27' title="bbox 255 1735 1347 1869; baseline -0.001 -26"><span class='ocrx_word' id='word_1_109' title='bbox 255 1786 452 1860; x_wconf 86' lang='lat' dir='ltr'>suprascripto</span> <span class='ocrx_word' id='word_1_110' title='bbox 464 1788 588 1862; x_wconf 90' lang='lat' dir='ltr'>supplici</span> <span class='ocrx_word' id='word_1_111' title='bbox 599 1735 714 1854; x_wconf 64' lang='lat' dir='ltr'>iibello,</span> <span class='ocrx_word' id='word_1_112' title='bbox 729 1806 760 1844; x_wconf 88' lang='lat' dir='ltr'>re</span> <span class='ocrx_word' id='word_1_113' title='bbox 774 1801 887 1844; x_wconf 89' lang='lat' dir='ltr'>mature</span> <span class='ocrx_word' id='word_1_114' title='bbox 912 1805 1062 1869; x_wconf 89' lang='lat' dir='ltr'>perpensa,</span> <span class='ocrx_word' id='word_1_115' title='bbox 1079 1787 1196 1843; x_wconf 86' lang='lat' dir='ltr'>attentis</span> <span class='ocrx_word' id='word_1_116' title='bbox 1208 1787 1347 1842; x_wconf 92' lang='lat' dir='ltr'>omnibus</span> 
     </span>
     <span class='ocr_line' id='line_1_28' title="bbox 254 1857 1346 1986; baseline 0 -72"><span class='ocrx_word' id='word_1_117' title='bbox 254 1870 319 1914; x_wconf 90' lang='lat' dir='ltr'>tum</span> <span class='ocrx_word' id='word_1_118' title='bbox 349 1857 420 1914; x_wconf 91' lang='lat' dir='ltr'>iuris</span> <span class='ocrx_word' id='word_1_119' title='bbox 450 1871 513 1915; x_wconf 90' lang='lat' dir='ltr'>tum</span> <span class='ocrx_word' id='word_1_120' title='bbox 546 1859 612 1917; x_wconf 86' lang='lat' dir='ltr'>facti</span> <span class='ocrx_word' id='word_1_121' title='bbox 641 1860 809 1926; x_wconf 88' lang='lat' dir='ltr'>momentis,</span> <span class='ocrx_word' id='word_1_122' title='bbox 837 1860 1068 1986; x_wconf 74' lang='lat' dir='ltr'>praehabitorpue</span> <span class='ocrx_word' id='word_1_123' title='bbox 1095 1861 1159 1915; x_wconf 89' lang='lat' dir='ltr'>DD.</span> <span class='ocrx_word' id='word_1_124' title='bbox 1183 1858 1241 1914; x_wconf 88' lang='lat' dir='ltr'>CC.</span> <span class='ocrx_word' id='word_1_125' title='bbox 1267 1870 1346 1926; x_wconf 83' lang='lat' dir='ltr'>vota,</span> 
     </span>
     <span class='ocr_line' id='line_1_29' title="bbox 257 1928 1350 2000; baseline -0.002 -14"><span class='ocrx_word' id='word_1_126' title='bbox 257 1929 489 1986; x_wconf 90' lang='lat' dir='ltr'>Eminentissimi</span> <span class='ocrx_word' id='word_1_127' title='bbox 502 1949 536 1987; x_wconf 89' lang='lat' dir='ltr'>ac</span> <span class='ocrx_word' id='word_1_128' title='bbox 550 1931 793 1988; x_wconf 89' lang='lat' dir='ltr'>Reverendissimi</span> <span class='ocrx_word' id='word_1_129' title='bbox 810 1932 873 1987; x_wconf 89' lang='lat' dir='ltr'>DD.</span> <span class='ocrx_word' id='word_1_130' title='bbox 889 1931 1014 1987; x_wconf 82' lang='lat' dir='ltr'>Cardine</span> <span class='ocrx_word' id='word_1_131' title='bbox 1028 1949 1067 2000; x_wconf 92' lang='lat' dir='ltr'>es,</span> <span class='ocrx_word' id='word_1_132' title='bbox 1084 1929 1112 1986; x_wconf 91' lang='lat' dir='ltr'>in</span> <span class='ocrx_word' id='word_1_133' title='bbox 1133 1931 1219 1986; x_wconf 89' lang='lat' dir='ltr'>rebus</span> <span class='ocrx_word' id='word_1_134' title='bbox 1239 1928 1306 1986; x_wconf 89' lang='lat' dir='ltr'>fidei</span> <span class='ocrx_word' id='word_1_135' title='bbox 1321 1941 1350 1986; x_wconf 90' lang='lat' dir='ltr'>et</span> 
     </span>
     <span class='ocr_line' id='line_1_30' title="bbox 255 2002 903 2075; baseline 0 -18"><span class='ocrx_word' id='word_1_136' title='bbox 255 2019 374 2057; x_wconf 90' lang='lat' dir='ltr'>morum</span> <span class='ocrx_word' id='word_1_137' title='bbox 389 2002 579 2075; x_wconf 83' lang='lat' dir='ltr'>Inquisitores</span> <span class='ocrx_word' id='word_1_138' title='bbox 593 2004 678 2071; x_wconf 81' lang='lat' dir='ltr'>Gen,</span> <span class='ocrx_word' id='word_1_139' title='bbox 695 2003 903 2058; x_wconf 90' lang='lat' dir='ltr'>decreverunt:</span> 
     </span>
    </p>
   </div>
   <div class='ocr_carea' id='block_1_14' title="bbox 260 2085 1350 2214">
    <p class='ocr_par' dir='ltr' id='par_1_14' title="bbox 260 2085 1350 2214">
     <span class='ocr_line' id='line_1_31' title="bbox 260 2085 1350 2213; baseline -0.001 -71"><span class='ocrx_word' id='word_1_140' title='bbox 260 2086 491 2213; x_wconf 65' lang='lat' dir='ltr'>TRepetendanp</span> <span class='ocrx_word' id='word_1_141' title='bbox 502 2087 615 2170; x_wconf 26' lang='lat' dir='ltr'>inurasu</span> <span class='ocrx_word' id='word_1_142' title='bbox 628 2086 856 2143; x_wconf 87' lang='lat' dir='ltr'>Ordinationem</span> <span class='ocrx_word' id='word_1_143' title='bbox 867 2105 907 2143; x_wconf 83' lang='lat' dir='ltr'>ex</span> <span class='ocrx_word' id='word_1_144' title='bbox 916 2088 1034 2162; x_wconf 78' lang='lat' dir='ltr'>integro</span> <span class='ocrx_word' id='word_1_145' title='bbox 1046 2105 1065 2143; x_wconf 91' lang='lat' dir='ltr'>a</span> <span class='ocrx_word' id='word_1_146' title='bbox 1076 2085 1234 2142; x_wconf 82' lang='lat' dir='ltr'>collatione</span> <span class='ocrx_word' id='word_1_147' title='bbox 1242 2102 1350 2142; x_wconf 87' lang='lat' dir='ltr'>sacrae</span> 
     </span>
     <span class='ocr_line' id='line_1_32' title="bbox 288 2174 581 2214; baseline 0.003 -1"><span class='ocrx_word' id='word_1_148' title='bbox 288 2174 415 2214; x_wconf 87' lang='lat' dir='ltr'>onsurae</span> <span class='ocrx_word' id='word_1_149' title='bbox 429 2176 477 2214; x_wconf 90' lang='lat' dir='ltr'>me</span> <span class='ocrx_word' id='word_1_150' title='bbox 491 2175 581 2214; x_wconf 77' lang='lat' dir='ltr'>usaue.</span> 
     </span>
    </p>
   </div>
   <div class='ocr_carea' id='block_1_15' title="bbox 59 2241 1400 2459">
    <p class='ocr_par' dir='ltr' id='par_1_15' title="bbox 59 2241 1400 2459">
     <span class='ocr_line' id='line_1_33' title="bbox 59 2241 1400 2316; baseline -0.001 -19"><span class='ocrx_word' id='word_1_151' title='bbox 59 2301 63 2310; x_wconf 62' lang='grc'><em>,</em></span> <span class='ocrx_word' id='word_1_152' title='bbox 106 2248 147 2312; x_wconf 45' lang='lat' dir='ltr'>i,</span> <span class='ocrx_word' id='word_1_153' title='bbox 182 2271 192 2311; x_wconf 93' lang='lat'>.·</span> <span class='ocrx_word' id='word_1_154' title='bbox 293 2242 486 2298; x_wconf 87' lang='lat' dir='ltr'>Eademferia</span> <span class='ocrx_word' id='word_1_155' title='bbox 499 2241 654 2298; x_wconf 88' lang='lat' dir='ltr'>acdieSS.</span> <span class='ocrx_word' id='word_1_156' title='bbox 668 2244 703 2298; x_wconf 89' lang='lat' dir='ltr'>D.</span> <span class='ocrx_word' id='word_1_157' title='bbox 719 2244 757 2298; x_wconf 92' lang='lat' dir='ltr'>N.</span> <span class='ocrx_word' id='word_1_158' title='bbox 772 2243 834 2298; x_wconf 90' lang='lat' dir='ltr'>Leo</span> <span class='ocrx_word' id='word_1_159' title='bbox 848 2242 905 2299; x_wconf 91' lang='lat' dir='ltr'>div.</span> <span class='ocrx_word' id='word_1_160' title='bbox 917 2261 1000 2316; x_wconf 91' lang='lat' dir='ltr'>prov.</span> <span class='ocrx_word' id='word_1_161' title='bbox 1017 2244 1076 2299; x_wconf 89' lang='grc' dir='ltr'>ΡΡ.</span> <span class='ocrx_word' id='word_1_162' title='bbox 1093 2244 1178 2307; x_wconf 87' lang='grc' dir='ltr'>ΧΙΙΙ,</span> <span class='ocrx_word' id='word_1_163' title='bbox 1194 2259 1246 2316; x_wconf 90' lang='lat' dir='ltr'>per</span> <span class='ocrx_word' id='word_1_164' title='bbox 1259 2241 1349 2298; x_wconf 88' lang='lat' dir='ltr'>facul·</span> <span class='ocrx_word' id='word_1_165' title='bbox 1395 2262 1400 2270; x_wconf 91' lang='lat'>·</span> 
     </span>
     <span class='ocr_line' id='line_1_34' title="bbox 153 2313 1349 2383; baseline 0.001 -15"><span class='ocrx_word' id='word_1_166' title='bbox 153 2362 156 2368; x_wconf 90' lang='lat'>.</span> <span class='ocrx_word' id='word_1_167' title='bbox 255 2324 328 2370; x_wconf 88' lang='lat' dir='ltr'>tates</span> <span class='ocrx_word' id='word_1_168' title='bbox 349 2313 589 2370; x_wconf 90' lang='lat' dir='ltr'>Eminentissimo</span> <span class='ocrx_word' id='word_1_169' title='bbox 605 2314 767 2370; x_wconf 90' lang='lat' dir='ltr'>Secretario</span> <span class='ocrx_word' id='word_1_170' title='bbox 790 2313 888 2383; x_wconf 87' lang='lat' dir='ltr'>factas,</span> <span class='ocrx_word' id='word_1_171' title='bbox 912 2314 1122 2371; x_wconf 85' lang='lat' dir='ltr'>resolutionem</span> <span class='ocrx_word' id='word_1_172' title='bbox 1148 2313 1349 2370; x_wconf 88' lang='lat' dir='ltr'>Eminentissi·</span> 
     </span>
     <span class='ocr_line' id='line_1_35' title="bbox 168 2384 644 2459; baseline 0.004 -21"><span class='ocrx_word' id='word_1_173' title='bbox 168 2395 175 2408; x_wconf 92' lang='lat'><strong>·</strong></span> <span class='ocrx_word' id='word_1_174' title='bbox 255 2401 373 2440; x_wconf 88' lang='lat' dir='ltr'>morum</span> <span class='ocrx_word' id='word_1_175' title='bbox 389 2387 447 2442; x_wconf 85' lang='lat' dir='ltr'>PP.</span> <span class='ocrx_word' id='word_1_176' title='bbox 464 2384 644 2459; x_wconf 87' lang='lat' dir='ltr'>approbavit.</span> 
     </span>
    </p>
   </div>
   <div class='ocr_carea' id='block_1_16' title="bbox 47 4064 177 4125">
    <p class='ocr_par' dir='ltr' id='par_1_16' title="bbox 47 4064 177 4125">
     <span class='ocr_line' id='line_1_36' title="bbox 47 4064 177 4125; baseline 0.015 -12"><span class='ocrx_word' id='word_1_177' title='bbox 47 4064 115 4113; x_wconf 85' lang='lat' dir='ltr'>moda</span> <span class='ocrx_word' id='word_1_178' title='bbox 135 4080 177 4125; x_wconf 80' lang='lat' dir='ltr'>qua</span> 
     </span>
    </p>
   </div>
   <div class='ocr_carea' id='block_1_17' title="bbox 397 2480 1311 2557">
    <p class='ocr_par' dir='ltr' id='par_1_17' title="bbox 397 2480 1311 2557">
     <span class='ocr_line' id='line_1_37' title="bbox 397 2480 1311 2557; baseline 0.001 -20"><span class='ocrx_word' id='word_1_179' title='bbox 397 2493 398 2499; x_wconf 76' lang='grc'>’</span> <span class='ocrx_word' id='word_1_180' title='bbox 486 2480 512 2538; x_wconf 88' lang='grc' dir='ltr'>Ι.</span> <span class='ocrx_word' id='word_1_181' title='bbox 535 2482 611 2538; x_wconf 87' lang='lat' dir='ltr'>Can.</span> <span class='ocrx_word' id='word_1_182' title='bbox 631 2482 781 2550; x_wconf 87' lang='lat' dir='ltr'>Mancini,</span> <span class='ocrx_word' id='word_1_183' title='bbox 802 2482 834 2539; x_wconf 78' lang='lat'>5.</span> <span class='ocrx_word' id='word_1_184' title='bbox 856 2484 893 2539; x_wconf 90' lang='lat' dir='ltr'>R.</span> <span class='ocrx_word' id='word_1_185' title='bbox 914 2494 942 2538; x_wconf 88' lang='lat' dir='ltr'>et</span> <span class='ocrx_word' id='word_1_186' title='bbox 963 2484 1001 2539; x_wconf 86' lang='lat' dir='ltr'>U.</span> <span class='ocrx_word' id='word_1_187' title='bbox 1021 2483 1135 2557; x_wconf 80' lang='lat' dir='ltr'>inquis.</span> <span class='ocrx_word' id='word_1_188' title='bbox 1155 2482 1311 2538; x_wconf 80' lang='lat' dir='ltr'>Notarius.</span> 
     </span>
    </p>
   </div>
   <div class='ocr_carea' id='block_1_18' title="bbox 717 2618 893 2672">
    <p class='ocr_par' dir='ltr' id='par_1_18' title="bbox 717 2618 893 2672">
     <span class='ocr_line' id='line_1_38' title="bbox 717 2618 893 2672; baseline 0.011 -2"><span class='ocrx_word' id='word_1_189' title='bbox 717 2618 893 2672; x_wconf 77' lang='lat' dir='ltr'>Auuorarro</span> 
     </span>
    </p>
   </div>
   <div class='ocr_carea' id='block_1_19' title="bbox 258 2736 1351 3168">
    <p class='ocr_par' dir='ltr' id='par_1_19' title="bbox 258 2736 1351 3168">
     <span class='ocr_line' id='line_1_39' title="bbox 295 2736 1350 2811; baseline 0 -19"><span class='ocrx_word' id='word_1_190' title='bbox 295 2738 364 2792; x_wconf 89' lang='lat' dir='ltr'>Non</span> <span class='ocrx_word' id='word_1_191' title='bbox 388 2736 495 2805; x_wconf 87' lang='lat' dir='ltr'>statim,</span> <span class='ocrx_word' id='word_1_192' title='bbox 522 2754 589 2792; x_wconf 87' lang='lat' dir='ltr'>curn</span> <span class='ocrx_word' id='word_1_193' title='bbox 610 2736 788 2809; x_wconf 90' lang='lat' dir='ltr'>quibusdam</span> <span class='ocrx_word' id='word_1_194' title='bbox 810 2736 1054 2809; x_wconf 80' lang='lat' dir='ltr'>ephemeridibus,</span> <span class='ocrx_word' id='word_1_195' title='bbox 1070 2754 1104 2793; x_wconf 87' lang='lat' dir='ltr'>ex</span> <span class='ocrx_word' id='word_1_196' title='bbox 1127 2738 1185 2793; x_wconf 90' lang='lat' dir='ltr'>hoc</span> <span class='ocrx_word' id='word_1_197' title='bbox 1207 2754 1350 2811; x_wconf 87' lang='lat' dir='ltr'>responso</span> 
     </span>
     <span class='ocr_line' id='line_1_40' title="bbox 259 2807 1351 2882; baseline -0.001 -18"><span class='ocrx_word' id='word_1_198' title='bbox 259 2808 358 2879; x_wconf 92' lang='lat' dir='ltr'>colligi</span> <span class='ocrx_word' id='word_1_199' title='bbox 379 2819 474 2881; x_wconf 89' lang='lat' dir='ltr'>potest</span> <span class='ocrx_word' id='word_1_200' title='bbox 495 2808 567 2864; x_wconf 88' lang='lat' dir='ltr'>haec</span> <span class='ocrx_word' id='word_1_201' title='bbox 589 2808 759 2864; x_wconf 87' lang='lat' dir='ltr'>conclusio:</span> <span class='ocrx_word' id='word_1_202' title='bbox 775 2807 862 2881; x_wconf 82' lang='lat' dir='ltr'>Ergo</span> <span class='ocrx_word' id='word_1_203' title='bbox 876 2808 978 2863; x_wconf 85' lang='lat' dir='ltr'>Abbas</span> <span class='ocrx_word' id='word_1_204' title='bbox 993 2808 1125 2864; x_wconf 85' lang='lat' dir='ltr'>titularis</span> <span class='ocrx_word' id='word_1_205' title='bbox 1139 2809 1240 2882; x_wconf 88' lang='lat' dir='ltr'>nequit</span> <span class='ocrx_word' id='word_1_206' title='bbox 1251 2808 1351 2864; x_wconf 77' lang='lat' dir='ltr'>valide</span> 
     </span>
     <span class='ocr_line' id='line_1_41' title="bbox 258 2878 1350 2951; baseline -0.002 -16"><span class='ocrx_word' id='word_1_207' title='bbox 258 2880 396 2951; x_wconf 85' lang='lat' dir='ltr'>conferre</span> <span class='ocrx_word' id='word_1_208' title='bbox 414 2880 582 2935; x_wconf 88' lang='lat' dir='ltr'>Tonsuram</span> <span class='ocrx_word' id='word_1_209' title='bbox 602 2889 632 2935; x_wconf 84' lang='lat' dir='ltr'>et</span> <span class='ocrx_word' id='word_1_210' title='bbox 648 2878 778 2935; x_wconf 80' lang='lat' dir='ltr'>Ordines</span> <span class='ocrx_word' id='word_1_211' title='bbox 796 2880 935 2936; x_wconf 81' lang='lat' dir='ltr'>minores,</span> <span class='ocrx_word' id='word_1_212' title='bbox 959 2881 1027 2934; x_wconf 95' lang='lat' dir='ltr'>Non</span> <span class='ocrx_word' id='word_1_213' title='bbox 1042 2891 1155 2936; x_wconf 89' lang='lat' dir='ltr'>constat</span> <span class='ocrx_word' id='word_1_214' title='bbox 1169 2880 1248 2936; x_wconf 90' lang='lat' dir='ltr'>enim</span> <span class='ocrx_word' id='word_1_215' title='bbox 1260 2880 1306 2951; x_wconf 92' lang='lat' dir='ltr'>agi</span> <span class='ocrx_word' id='word_1_216' title='bbox 1320 2879 1350 2934; x_wconf 90' lang='lat' dir='ltr'>in</span> 
     </span>
     <span class='ocr_line' id='line_1_42' title="bbox 258 2949 1351 3025; baseline -0.001 -19"><span class='ocrx_word' id='word_1_217' title='bbox 258 2968 326 3007; x_wconf 88' lang='lat' dir='ltr'>casu</span> <span class='ocrx_word' id='word_1_218' title='bbox 342 2951 377 3007; x_wconf 91' lang='lat' dir='ltr'>de</span> <span class='ocrx_word' id='word_1_219' title='bbox 390 2950 506 3007; x_wconf 87' lang='lat' dir='ltr'>Abbate</span> <span class='ocrx_word' id='word_1_220' title='bbox 519 2949 660 3025; x_wconf 85' lang='lat' dir='ltr'>regulari</span> <span class='ocrx_word' id='word_1_221' title='bbox 672 2950 790 3023; x_wconf 92' lang='lat' dir='ltr'>proprie</span> <span class='ocrx_word' id='word_1_222' title='bbox 803 2949 854 3005; x_wconf 85' lang='lat' dir='ltr'>tali</span> <span class='ocrx_word' id='word_1_223' title='bbox 869 2950 921 3023; x_wconf 92' lang='lat' dir='ltr'>qui</span> <span class='ocrx_word' id='word_1_224' title='bbox 933 2951 1065 3023; x_wconf 90' lang='lat' dir='ltr'>quamvis</span> <span class='ocrx_word' id='word_1_225' title='bbox 1075 2950 1148 3006; x_wconf 93' lang='lat' dir='ltr'>nulli</span> <span class='ocrx_word' id='word_1_226' title='bbox 1166 2949 1351 3023; x_wconf 88' lang='lat' dir='ltr'>praeficiatur</span> 
     </span>
     <span class='ocr_line' id='line_1_43' title="bbox 259 3021 1351 3096; baseline 0 -19"><span class='ocrx_word' id='word_1_227' title='bbox 259 3021 390 3078; x_wconf 85' lang='lat' dir='ltr'>abbatiae</span> <span class='ocrx_word' id='word_1_228' title='bbox 406 3021 542 3096; x_wconf 88' lang='lat' dir='ltr'>(ideoque</span> <span class='ocrx_word' id='word_1_229' title='bbox 562 3022 675 3077; x_wconf 87' lang='lat' dir='ltr'>dicatur</span> <span class='ocrx_word' id='word_1_230' title='bbox 695 3021 839 3091; x_wconf 79' lang='lat' dir='ltr'>titularis)</span> <span class='ocrx_word' id='word_1_231' title='bbox 861 3033 940 3094; x_wconf 85' lang='lat' dir='ltr'>regat</span> <span class='ocrx_word' id='word_1_232' title='bbox 956 3021 1104 3078; x_wconf 88' lang='lat' dir='ltr'>minorem</span> <span class='ocrx_word' id='word_1_233' title='bbox 1120 3023 1243 3079; x_wconf 91' lang='lat' dir='ltr'>domum</span> <span class='ocrx_word' id='word_1_234' title='bbox 1256 3039 1351 3078; x_wconf 86' lang='lat' dir='ltr'>exem·</span> 
     </span>
     <span class='ocr_line' id='line_1_44' title="bbox 258 3091 1349 3168; baseline 0.002 -20"><span class='ocrx_word' id='word_1_235' title='bbox 258 3103 339 3167; x_wconf 90' lang='lat' dir='ltr'>ptam</span> <span class='ocrx_word' id='word_1_236' title='bbox 351 3092 479 3165; x_wconf 87' lang='lat' dir='ltr'>velitque</span> <span class='ocrx_word' id='word_1_237' title='bbox 493 3092 625 3149; x_wconf 87' lang='lat' dir='ltr'>conferre</span> <span class='ocrx_word' id='word_1_238' title='bbox 636 3091 754 3148; x_wconf 90' lang='lat' dir='ltr'>ordines</span> <span class='ocrx_word' id='word_1_239' title='bbox 765 3092 894 3149; x_wconf 87' lang='lat' dir='ltr'>minores</span> <span class='ocrx_word' id='word_1_240' title='bbox 904 3093 973 3149; x_wconf 86' lang='lat' dir='ltr'>suis.</span> <span class='ocrx_word' id='word_1_241' title='bbox 984 3092 1054 3164; x_wconf 86' lang='lat' dir='ltr'>(Cfr.</span> <span class='ocrx_word' id='word_1_242' title='bbox 1068 3094 1140 3150; x_wconf 87' lang='lat' dir='ltr'>Rev.</span> <span class='ocrx_word' id='word_1_243' title='bbox 1153 3091 1239 3150; x_wconf 82' lang='lat' dir='ltr'>the&#39;ol.</span> <span class='ocrx_word' id='word_1_244' title='bbox 1246 3095 1349 3168; x_wconf 69' lang='lat' dir='ltr'>franc.</span> 
     </span>
    </p>
   </div>
   <div class='ocr_carea' id='block_1_20' title="bbox 264 3165 456 3238">
    <p class='ocr_par' dir='ltr' id='par_1_20' title="bbox 264 3165 456 3238">
     <span class='ocr_line' id='line_1_45' title="bbox 264 3165 456 3238; baseline 0 -19"><span class='ocrx_word' id='word_1_245' title='bbox 264 3182 339 3237; x_wconf 88' lang='lat'>1904,</span> <span class='ocrx_word' id='word_1_246' title='bbox 355 3182 384 3238; x_wconf 91' lang='lat' dir='ltr'>p.</span> <span class='ocrx_word' id='word_1_247' title='bbox 399 3165 456 3237; x_wconf 84' lang='lat'>66).</span> 
     </span>
    </p>
   </div>
   <div class='ocr_carea' id='block_1_21' title="bbox 312 3412 1295 3653">
    <p class='ocr_par' dir='ltr' id='par_1_21' title="bbox 312 3412 1295 3653">
     <span class='ocr_line' id='line_1_46' title="bbox 312 3412 1295 3510; baseline -0.009 -11"><span class='ocrx_word' id='word_1_248' title='bbox 312 3412 351 3499; x_wconf 80' lang='lat'>7.</span> <span class='ocrx_word' id='word_1_249' title='bbox 374 3464 414 3510; x_wconf 66' lang='lat'>÷</span> <span class='ocrx_word' id='word_1_250' title='bbox 436 3425 472 3494; x_wconf 89' lang='lat' dir='ltr'>s.</span> <span class='ocrx_word' id='word_1_251' title='bbox 497 3422 640 3495; x_wconf 80' lang='lat' dir='ltr'>conae.</span> <span class='ocrx_word' id='word_1_252' title='bbox 670 3424 945 3497; x_wconf 80' lang='lat' dir='ltr'>eerscoronun</span> <span class='ocrx_word' id='word_1_253' title='bbox 970 3424 1022 3494; x_wconf 83' lang='lat' dir='ltr'>er</span> <span class='ocrx_word' id='word_1_254' title='bbox 1044 3422 1295 3493; x_wconf 76' lang='lat' dir='ltr'>accurantur</span> 
     </span>
     <span class='ocr_line' id='line_1_47' title="bbox 509 3596 1103 3653; baseline -0.003 -1"><span class='ocrx_word' id='word_1_255' title='bbox 509 3596 751 3652; x_wconf 76' lang='lat' dir='ltr'><strong><em>RESPONSUM</em></strong></span> <span class='ocrx_word' id='word_1_256' title='bbox 766 3598 810 3653; x_wconf 84' lang='lat'>25</span> <span class='ocrx_word' id='word_1_257' title='bbox 826 3596 999 3653; x_wconf 76' lang='lat' dir='ltr'><strong><em>AUGUSTI</em></strong></span> <span class='ocrx_word' id='word_1_258' title='bbox 1017 3596 1103 3651; x_wconf 88' lang='grc'><em>1903</em></span> 
     </span>
    </p>
   </div>
   <div class='ocr_carea' id='block_1_22' title="bbox 331 3742 1280 3903">
    <p class='ocr_par' dir='ltr' id='par_1_22' title="bbox 331 3742 1280 3903">
     <span class='ocr_line' id='line_1_48' title="bbox 331 3742 1280 3816; baseline 0.002 -17"><span class='ocrx_word' id='word_1_259' title='bbox 331 3742 385 3799; x_wconf 85' lang='lat' dir='ltr'>De</span> <span class='ocrx_word' id='word_1_260' title='bbox 409 3745 600 3803; x_wconf 83' lang='lat' dir='ltr'>vacatione</span> <span class='ocrx_word' id='word_1_261' title='bbox 626 3747 884 3804; x_wconf 77' lang='lat' dir='ltr'>beneficiorum</span> <span class='ocrx_word' id='word_1_262' title='bbox 910 3746 1193 3803; x_wconf 77' lang='lat' dir='ltr'>residentiauam</span> <span class='ocrx_word' id='word_1_263' title='bbox 1214 3759 1280 3816; x_wconf 83' lang='lat' dir='ltr'>per</span> 
     </span>
     <span class='ocr_line' id='line_1_49' title="bbox 562 3832 1048 3903; baseline 0 -16"><span class='ocrx_word' id='word_1_264' title='bbox 562 3832 821 3901; x_wconf 75' lang='lat' dir='ltr'>professionem</span> <span class='ocrx_word' id='word_1_265' title='bbox 840 3834 1048 3903; x_wconf 81' lang='lat' dir='ltr'>perpetuam</span> 
     </span>
    </p>
   </div>
   <div class='ocr_carea' id='block_1_23' title="bbox 76 3988 1353 4117">
    <p class='ocr_par' dir='ltr' id='par_1_23' title="bbox 76 3988 1353 4117">
     <span class='ocr_line' id='line_1_50' title="bbox 76 3988 1353 4117; baseline -0.002 -70"><span class='ocrx_word' id='word_1_266' title='bbox 76 4008 201 4067; x_wconf 51' lang='lat' dir='ltr'>Propera</span> <span class='ocrx_word' id='word_1_267' title='bbox 301 3990 591 4117; x_wconf 68' lang='lat' dir='ltr'>LaCongregation1</span> <span class='ocrx_word' id='word_1_268' title='bbox 607 3991 658 4047; x_wconf 90' lang='lat' dir='ltr'>des</span> <span class='ocrx_word' id='word_1_269' title='bbox 675 3991 898 4047; x_wconf 88' lang='lat' dir='ltr'>Missionnaires</span> <span class='ocrx_word' id='word_1_270' title='bbox 914 3990 964 4046; x_wconf 89' lang='lat' dir='ltr'>des</span> <span class='ocrx_word' id='word_1_271' title='bbox 976 3990 1034 4046; x_wconf 90' lang='lat' dir='ltr'>Fils</span> <span class='ocrx_word' id='word_1_272' title='bbox 1051 3991 1091 4045; x_wconf 92' lang='lat' dir='ltr'>du</span> <span class='ocrx_word' id='word_1_273' title='bbox 1104 3991 1194 4045; x_wconf 87' lang='lat' dir='ltr'>Coeur</span> <span class='ocrx_word' id='word_1_274' title='bbox 1208 3989 1245 4045; x_wconf 87' lang='lat' dir='ltr'>de</span> <span class='ocrx_word' id='word_1_275' title='bbox 1259 3988 1353 4045; x_wconf 87' lang='lat' dir='ltr'>Marie</span> 
     </span>
    </p>
   </div>
   <div class='ocr_carea' id='block_1_24' title="bbox 264 4060 1354 4135">
    <p class='ocr_par' dir='ltr' id='par_1_24' title="bbox 264 4060 1354 4135">
     <span class='ocr_line' id='line_1_51' title="bbox 264 4060 1354 4135; baseline -0.002 -18"><span class='ocrx_word' id='word_1_276' title='bbox 264 4060 359 4117; x_wconf 91' lang='lat' dir='ltr'>obtint</span> <span class='ocrx_word' id='word_1_277' title='bbox 372 4062 407 4117; x_wconf 92' lang='lat' dir='ltr'>de</span> <span class='ocrx_word' id='word_1_278' title='bbox 420 4062 448 4116; x_wconf 88' lang='lat' dir='ltr'>la</span> <span class='ocrx_word' id='word_1_279' title='bbox 486 4104 493 4117; x_wconf 94' lang='lat'>.</span> <span class='ocrx_word' id='word_1_280' title='bbox 510 4062 729 4135; x_wconf 77' lang='lat' dir='ltr'>Congregation</span> <span class='ocrx_word' id='word_1_281' title='bbox 744 4064 794 4119; x_wconf 89' lang='lat' dir='ltr'>des</span> <span class='ocrx_word' id='word_1_282' title='bbox 811 4064 943 4135; x_wconf 77' lang='lat' dir='ltr'>Eveques</span> <span class='ocrx_word' id='word_1_283' title='bbox 955 4072 984 4117; x_wconf 93' lang='lat' dir='ltr'>et</span> <span class='ocrx_word' id='word_1_284' title='bbox 998 4060 1160 4134; x_wconf 78' lang='lat' dir='ltr'>Reguliers,</span> <span class='ocrx_word' id='word_1_285' title='bbox 1181 4077 1217 4117; x_wconf 91' lang='lat' dir='ltr'>en</span> <span class='ocrx_word' id='word_1_286' title='bbox 1234 4061 1310 4129; x_wconf 89' lang='lat'>1880,</span> <span class='ocrx_word' id='word_1_287' title='bbox 1325 4060 1354 4115; x_wconf 91' lang='lat' dir='ltr'>la</span> 
     </span>
    </p>
   </div>
   <div class='ocr_carea' id='block_1_25' title="bbox 261 4253 1353 4382">
    <p class='ocr_par' dir='ltr' id='par_1_25' title="bbox 261 4253 1353 4382">
     <span class='ocr_line' id='line_1_52' title="bbox 289 4253 1353 4317; baseline -0.005 -12"><span class='ocrx_word' id='word_1_288' title='bbox 289 4259 298 4293; x_wconf 86' lang='lat'>1</span> <span class='ocrx_word' id='word_1_289' title='bbox 314 4256 348 4305; x_wconf 91' lang='lat' dir='ltr'>ld</span> <span class='ocrx_word' id='word_1_290' title='bbox 364 4260 405 4305; x_wconf 87' lang='lat' dir='ltr'>est</span> <span class='ocrx_word' id='word_1_291' title='bbox 416 4256 519 4306; x_wconf 82' lang='lat' dir='ltr'>latine:</span> <span class='ocrx_word' id='word_1_292' title='bbox 534 4275 543 4302; x_wconf 80' lang='grc' dir='ltr'>ι</span> <span class='ocrx_word' id='word_1_293' title='bbox 557 4255 738 4317; x_wconf 81' lang='lat' dir='ltr'>congregatio</span> <span class='ocrx_word' id='word_1_294' title='bbox 749 4254 987 4305; x_wconf 86' lang='lat' dir='ltr'>Missionariorum</span> <span class='ocrx_word' id='word_1_295' title='bbox 996 4253 1118 4302; x_wconf 81' lang='lat' dir='ltr'>Filiorum</span> <span class='ocrx_word' id='word_1_296' title='bbox 1128 4253 1216 4301; x_wconf 77' lang='lat' dir='ltr'>Curiis</span> <span class='ocrx_word' id='word_1_297' title='bbox 1233 4254 1353 4301; x_wconf 81' lang='lat' dir='ltr'>Immacu-</span> 
     </span>
     <span class='ocr_line' id='line_1_53' title="bbox 261 4318 1352 4382; baseline 0 -13"><span class='ocrx_word' id='word_1_298' title='bbox 261 4321 307 4371; x_wconf 83' lang='lat' dir='ltr'>lati</span> <span class='ocrx_word' id='word_1_299' title='bbox 314 4323 344 4370; x_wconf 87' lang='lat' dir='ltr'><strong><em>M</em></strong></span> <span class='ocrx_word' id='word_1_300' title='bbox 345 4324 421 4380; x_wconf 81' lang='lat' dir='ltr'>ariae,</span> <span class='ocrx_word' id='word_1_301' title='bbox 431 4336 504 4371; x_wconf 89' lang='lat' dir='ltr'>anno</span> <span class='ocrx_word' id='word_1_302' title='bbox 515 4330 574 4372; x_wconf 86' lang='lat'>1880</span> <span class='ocrx_word' id='word_1_303' title='bbox 582 4337 599 4372; x_wconf 88' lang='lat' dir='ltr'>a</span> <span class='ocrx_word' id='word_1_304' title='bbox 611 4323 638 4372; x_wconf 92' lang='lat' dir='ltr'>S.</span> <span class='ocrx_word' id='word_1_305' title='bbox 648 4323 748 4382; x_wconf 85' lang='lat' dir='ltr'>congr.</span> <span class='ocrx_word' id='word_1_306' title='bbox 758 4320 958 4382; x_wconf 87' lang='lat' dir='ltr'>Episcoporum</span> <span class='ocrx_word' id='word_1_307' title='bbox 965 4325 993 4370; x_wconf 87' lang='lat' dir='ltr'>et</span> <span class='ocrx_word' id='word_1_308' title='bbox 1005 4318 1183 4381; x_wconf 82' lang='lat' dir='ltr'>Regularium</span> <span class='ocrx_word' id='word_1_309' title='bbox 1193 4319 1352 4369; x_wconf 81' lang='lat' dir='ltr'>facultatem</span> 
     </span>
    </p>
   </div>
   <div class='ocr_carea' id='block_1_26' title="bbox 0 0 1484 4900">
    <p class='ocr_par' dir='ltr' id='par_1_26' title="bbox 0 0 1484 4900">
     <span class='ocr_line' id='line_1_54' title="bbox 0 0 1484 4900; baseline 0 0"><span class='ocrx_word' id='word_1_310' title='bbox 0 0 1484 4900; x_wconf 95' lang='lat' dir='ltr'> </span> 
     </span>
    </p>
   </div>
  </div>
 </body>
</html>
