<?xml version="1.0" encoding="UTF-8"?>
<!DOCTYPE html PUBLIC "-//W3C//DTD XHTML 1.0 Transitional//EN"
    "http://www.w3.org/TR/xhtml1/DTD/xhtml1-transitional.dtd">
<html xmlns="http://www.w3.org/1999/xhtml" xml:lang="en" lang="en">
 <head>
  <title>
</title>
<meta http-equiv="Content-Type" content="text/html;charset=utf-8" />
  <meta name='ocr-system' content='tesseract 3.04.00' />
  <meta name='ocr-capabilities' content='ocr_page ocr_carea ocr_par ocr_line ocrx_word'/>
</head>
<body>
  <div class='ocr_page' id='page_1' title='image "./dereligiosisins01vermgoog_0302.png"; bbox 0 0 2959 4900; ppageno 0'>
   <div class='ocr_carea' id='block_1_1' title="bbox 315 333 950 396">
    <p class='ocr_par' dir='ltr' id='par_1_1' title="bbox 315 333 950 396">
     <span class='ocr_line' id='line_1_1' title="bbox 315 333 950 396; baseline -0.005 -1"><span class='ocrx_word' id='word_1_1' title='bbox 315 333 375 396; x_wconf 78' lang='grc'>108</span> <span class='ocrx_word' id='word_1_2' title='bbox 770 356 950 394; x_wconf 71' lang='lat' dir='ltr'>mortuarum</span> 
     </span>
    </p>
   </div>
   <div class='ocr_carea' id='block_1_2' title="bbox 315 488 1386 831">
    <p class='ocr_par' dir='ltr' id='par_1_2' title="bbox 315 488 1382 637">
     <span class='ocr_line' id='line_1_2' title="bbox 349 488 1382 565; baseline -0.003 -18"><span class='ocrx_word' id='word_1_3' title='bbox 349 509 377 560; x_wconf 91' lang='lat'>4.</span> <span class='ocrx_word' id='word_1_4' title='bbox 401 492 537 564; x_wconf 89' lang='lat' dir='ltr'>Superest</span> <span class='ocrx_word' id='word_1_5' title='bbox 562 502 661 548; x_wconf 92' lang='lat' dir='ltr'>autem</span> <span class='ocrx_word' id='word_1_6' title='bbox 683 492 768 547; x_wconf 84' lang='lat' dir='ltr'>tertia</span> <span class='ocrx_word' id='word_1_7' title='bbox 793 490 947 564; x_wconf 86' lang='lat' dir='ltr'>explicatio</span> <span class='ocrx_word' id='word_1_8' title='bbox 975 493 1063 565; x_wconf 89' lang='lat' dir='ltr'>longe</span> <span class='ocrx_word' id='word_1_9' title='bbox 1087 492 1204 565; x_wconf 85' lang='lat' dir='ltr'>planior</span> <span class='ocrx_word' id='word_1_10' title='bbox 1229 504 1256 547; x_wconf 91' lang='lat' dir='ltr'>et</span> <span class='ocrx_word' id='word_1_11' title='bbox 1276 488 1382 560; x_wconf 78' lang='lat' dir='ltr'>facilior,</span> 
     </span>
     <span class='ocr_line' id='line_1_3' title="bbox 315 562 1337 637; baseline 0.001 -21"><span class='ocrx_word' id='word_1_12' title='bbox 315 578 404 634; x_wconf 88' lang='lat' dir='ltr'>quam</span> <span class='ocrx_word' id='word_1_13' title='bbox 416 563 455 618; x_wconf 94' lang='lat' dir='ltr'>ob</span> <span class='ocrx_word' id='word_1_14' title='bbox 468 576 538 619; x_wconf 89' lang='lat' dir='ltr'>nota</span> <span class='ocrx_word' id='word_1_15' title='bbox 553 563 638 619; x_wconf 91' lang='lat' dir='ltr'>nobis</span> <span class='ocrx_word' id='word_1_16' title='bbox 651 562 789 619; x_wconf 85' lang='lat' dir='ltr'>adiuncta</span> <span class='ocrx_word' id='word_1_17' title='bbox 801 563 1004 620; x_wconf 85' lang='lat' dir='ltr'>incunctanter</span> <span class='ocrx_word' id='word_1_18' title='bbox 1016 580 1181 637; x_wconf 79' lang='lat' dir='ltr'>proponere</span> <span class='ocrx_word' id='word_1_19' title='bbox 1194 563 1337 619; x_wconf 87' lang='lat' dir='ltr'>audemus.</span> 
     </span>
    </p>

    <p class='ocr_par' dir='ltr' id='par_1_3' title="bbox 315 631 1386 831">
     <span class='ocr_line' id='line_1_4' title="bbox 351 631 1386 707; baseline -0.002 -19"><span class='ocrx_word' id='word_1_20' title='bbox 351 633 494 691; x_wconf 89' lang='lat' dir='ltr'>Observes</span> <span class='ocrx_word' id='word_1_21' title='bbox 506 634 537 689; x_wconf 91' lang='lat' dir='ltr'>in</span> <span class='ocrx_word' id='word_1_22' title='bbox 551 634 652 707; x_wconf 89' lang='lat' dir='ltr'>primis</span> <span class='ocrx_word' id='word_1_23' title='bbox 671 650 790 689; x_wconf 88' lang='lat' dir='ltr'>causam</span> <span class='ocrx_word' id='word_1_24' title='bbox 810 634 896 689; x_wconf 89' lang='lat' dir='ltr'>istam</span> <span class='ocrx_word' id='word_1_25' title='bbox 917 651 979 691; x_wconf 90' lang='lat' dir='ltr'>non</span> <span class='ocrx_word' id='word_1_26' title='bbox 999 634 1030 689; x_wconf 90' lang='lat' dir='ltr'>in</span> <span class='ocrx_word' id='word_1_27' title='bbox 1050 634 1182 707; x_wconf 92' lang='lat' dir='ltr'>plenario</span> <span class='ocrx_word' id='word_1_28' title='bbox 1195 633 1330 701; x_wconf 91' lang='lat' dir='ltr'>Consilio,</span> <span class='ocrx_word' id='word_1_29' title='bbox 1343 631 1386 687; x_wconf 88' lang='lat' dir='ltr'>sed</span> 
     </span>
     <span class='ocr_line' id='line_1_5' title="bbox 315 702 1386 831; baseline 0 -74"><span class='ocrx_word' id='word_1_30' title='bbox 315 702 346 758; x_wconf 93' lang='lat' dir='ltr'>in</span> <span class='ocrx_word' id='word_1_31' title='bbox 361 705 536 777; x_wconf 89' lang='lat' dir='ltr'>Congressu,</span> <span class='ocrx_word' id='word_1_32' title='bbox 552 716 585 760; x_wconf 92' lang='lat' dir='ltr'>ut</span> <span class='ocrx_word' id='word_1_33' title='bbox 599 704 682 761; x_wconf 90' lang='lat' dir='ltr'>aiunt</span> <span class='ocrx_word' id='word_1_34' title='bbox 698 706 770 831; x_wconf 62' lang='lat' dir='ltr'>(quo</span> <span class='ocrx_word' id='word_1_35' title='bbox 789 705 969 761; x_wconf 92' lang='lat' dir='ltr'>conveniunt</span> <span class='ocrx_word' id='word_1_36' title='bbox 993 706 1169 774; x_wconf 85' lang='lat' dir='ltr'>Praefectus,</span> <span class='ocrx_word' id='word_1_37' title='bbox 1186 704 1352 762; x_wconf 78' lang='lat' dir='ltr'>secretarius</span> <span class='ocrx_word' id='word_1_38' title='bbox 1363 714 1386 758; x_wconf 90' lang='lat' dir='ltr'>et</span> 
     </span>
    </p>
   </div>
   <div class='ocr_carea' id='block_1_3' title="bbox 312 773 1393 2344">
    <p class='ocr_par' dir='ltr' id='par_1_4' title="bbox 312 773 1393 2344">
     <span class='ocr_line' id='line_1_6' title="bbox 315 773 1385 857; baseline -0.001 -28"><span class='ocrx_word' id='word_1_39' title='bbox 315 775 430 832; x_wconf 90' lang='lat' dir='ltr'>auditor</span> <span class='ocrx_word' id='word_1_40' title='bbox 445 776 696 857; x_wconf 76' lang='lat' dir='ltr'>Congregationisl</span> <span class='ocrx_word' id='word_1_41' title='bbox 730 776 805 832; x_wconf 89' lang='lat' dir='ltr'>uisse</span> <span class='ocrx_word' id='word_1_42' title='bbox 824 775 1009 849; x_wconf 86' lang='lat' dir='ltr'>diremptam.</span> <span class='ocrx_word' id='word_1_43' title='bbox 1028 777 1106 833; x_wconf 90' lang='lat' dir='ltr'>Hinc</span> <span class='ocrx_word' id='word_1_44' title='bbox 1123 776 1207 832; x_wconf 92' lang='lat' dir='ltr'>nullo</span> <span class='ocrx_word' id='word_1_45' title='bbox 1228 789 1310 849; x_wconf 87' lang='lat' dir='ltr'>pacto</span> <span class='ocrx_word' id='word_1_46' title='bbox 1326 773 1385 854; x_wconf 77' lang='lat' dir='ltr'>veri·</span> 
     </span>
     <span class='ocr_line' id='line_1_7' title="bbox 315 846 1384 914; baseline -0.002 -13"><span class='ocrx_word' id='word_1_47' title='bbox 315 846 409 903; x_wconf 89' lang='lat' dir='ltr'>simile</span> <span class='ocrx_word' id='word_1_48' title='bbox 422 860 474 914; x_wconf 90' lang='lat' dir='ltr'>est,</span> <span class='ocrx_word' id='word_1_49' title='bbox 494 848 524 903; x_wconf 93' lang='lat' dir='ltr'>in</span> <span class='ocrx_word' id='word_1_50' title='bbox 540 864 654 904; x_wconf 82' lang='lat' dir='ltr'>mtnore</span> <span class='ocrx_word' id='word_1_51' title='bbox 676 847 732 903; x_wconf 91' lang='lat' dir='ltr'>isto</span> <span class='ocrx_word' id='word_1_52' title='bbox 754 858 839 903; x_wconf 91' lang='lat' dir='ltr'>coetu</span> <span class='ocrx_word' id='word_1_53' title='bbox 858 847 935 903; x_wconf 91' lang='lat' dir='ltr'>hanc</span> <span class='ocrx_word' id='word_1_54' title='bbox 955 848 1096 904; x_wconf 89' lang='lat' dir='ltr'>tributam</span> <span class='ocrx_word' id='word_1_55' title='bbox 1114 865 1176 904; x_wconf 90' lang='lat' dir='ltr'>esse</span> <span class='ocrx_word' id='word_1_56' title='bbox 1199 847 1384 912; x_wconf 84' lang='lat' dir='ltr'>Normisum,</span> 
     </span>
     <span class='ocr_line' id='line_1_8' title="bbox 314 918 1386 992; baseline -0.003 -19"><span class='ocrx_word' id='word_1_57' title='bbox 314 934 404 990; x_wconf 89' lang='lat' dir='ltr'>quam</span> <span class='ocrx_word' id='word_1_58' title='bbox 419 919 499 975; x_wconf 91' lang='lat' dir='ltr'>solus</span> <span class='ocrx_word' id='word_1_59' title='bbox 516 918 649 975; x_wconf 83' lang='lat' dir='ltr'>Pontifex</span> <span class='ocrx_word' id='word_1_60' title='bbox 661 919 789 974; x_wconf 88' lang='lat' dir='ltr'>tribuere</span> <span class='ocrx_word' id='word_1_61' title='bbox 802 919 907 991; x_wconf 90' lang='lat' dir='ltr'>potuit.</span> <span class='ocrx_word' id='word_1_62' title='bbox 931 920 1039 987; x_wconf 83' lang='lat' dir='ltr'>Quare,</span> <span class='ocrx_word' id='word_1_63' title='bbox 1060 919 1195 992; x_wconf 88' lang='lat' dir='ltr'>quamvis</span> <span class='ocrx_word' id='word_1_64' title='bbox 1207 918 1291 975; x_wconf 87' lang='lat' dir='ltr'>valde</span> <span class='ocrx_word' id='word_1_65' title='bbox 1303 932 1386 973; x_wconf 84' lang='lat' dir='ltr'>conse·</span> 
     </span>
     <span class='ocr_line' id='line_1_9' title="bbox 315 989 1387 1117; baseline -0.002 -73"><span class='ocrx_word' id='word_1_66' title='bbox 315 1000 438 1117; x_wconf 44' lang='lat' dir='ltr'>{uenter</span> <span class='ocrx_word' id='word_1_67' title='bbox 460 989 626 1061; x_wconf 91' lang='lat' dir='ltr'>scripserint</span> <span class='ocrx_word' id='word_1_68' title='bbox 651 990 693 1045; x_wconf 83' lang='lat' dir='ltr'>La</span> <span class='ocrx_word' id='word_1_69' title='bbox 708 990 875 1045; x_wconf 76' lang='lat' dir='ltr'>Cruouisrc</span> <span class='ocrx_word' id='word_1_70' title='bbox 894 1007 1122 1045; x_wconf 78' lang='lat' dir='ltr'>courruronrru</span> <span class='ocrx_word' id='word_1_71' title='bbox 1142 1002 1170 1046; x_wconf 92' lang='lat' dir='ltr'>et</span> <span class='ocrx_word' id='word_1_72' title='bbox 1191 990 1219 1045; x_wconf 91' lang='lat' dir='ltr'>la</span> <span class='ocrx_word' id='word_1_73' title='bbox 1243 992 1387 1045; x_wconf 79' lang='lat' dir='ltr'>Nouvaiua</span> 
     </span>
     <span class='ocr_line' id='line_1_10' title="bbox 345 1062 1386 1134; baseline -0.004 -19"><span class='ocrx_word' id='word_1_74' title='bbox 345 1078 418 1116; x_wconf 81' lang='lat' dir='ltr'>svor</span> <span class='ocrx_word' id='word_1_75' title='bbox 427 1064 644 1130; x_wconf 73' lang='lat' dir='ltr'>ruiouocroua,</span> <span class='ocrx_word' id='word_1_76' title='bbox 654 1062 685 1115; x_wconf 91' lang='lat' dir='ltr'>in</span> <span class='ocrx_word' id='word_1_77' title='bbox 696 1076 800 1116; x_wconf 92' lang='lat' dir='ltr'>eorum</span> <span class='ocrx_word' id='word_1_78' title='bbox 808 1064 982 1117; x_wconf 87' lang='lat' dir='ltr'>sententiam</span> <span class='ocrx_word' id='word_1_79' title='bbox 997 1063 1156 1118; x_wconf 82' lang='lat' dir='ltr'>concedere</span> <span class='ocrx_word' id='word_1_80' title='bbox 1167 1078 1227 1117; x_wconf 92' lang='lat' dir='ltr'>non</span> <span class='ocrx_word' id='word_1_81' title='bbox 1238 1074 1386 1134; x_wconf 89' lang='lat' dir='ltr'>possumus.</span> 
     </span>
     <span class='ocr_line' id='line_1_11' title="bbox 351 1130 1388 1206; baseline -0.007 -16"><span class='ocrx_word' id='word_1_82' title='bbox 351 1131 524 1190; x_wconf 88' lang='lat' dir='ltr'>Consideres</span> <span class='ocrx_word' id='word_1_83' title='bbox 543 1133 610 1188; x_wconf 91' lang='lat' dir='ltr'>dein</span> <span class='ocrx_word' id='word_1_84' title='bbox 630 1149 736 1204; x_wconf 91' lang='lat' dir='ltr'>parum</span> <span class='ocrx_word' id='word_1_85' title='bbox 749 1132 913 1203; x_wconf 82' lang='lat' dir='ltr'>elegantem</span> <span class='ocrx_word' id='word_1_86' title='bbox 927 1132 1074 1189; x_wconf 89' lang='lat' dir='ltr'>rationem</span> <span class='ocrx_word' id='word_1_87' title='bbox 1086 1150 1146 1206; x_wconf 90' lang='lat' dir='ltr'>qua</span> <span class='ocrx_word' id='word_1_88' title='bbox 1158 1132 1269 1205; x_wconf 88' lang='lat' dir='ltr'>species</span> <span class='ocrx_word' id='word_1_89' title='bbox 1281 1130 1343 1187; x_wconf 88' lang='lat' dir='ltr'>facti</span> <span class='ocrx_word' id='word_1_90' title='bbox 1355 1140 1388 1185; x_wconf 89' lang='lat' dir='ltr'>est</span> 
     </span>
     <span class='ocr_line' id='line_1_12' title="bbox 315 1201 1388 1277; baseline 0.001 -22"><span class='ocrx_word' id='word_1_91' title='bbox 315 1215 431 1257; x_wconf 89' lang='lat' dir='ltr'>narrata</span> <span class='ocrx_word' id='word_1_92' title='bbox 450 1215 477 1259; x_wconf 89' lang='lat' dir='ltr'>et</span> <span class='ocrx_word' id='word_1_93' title='bbox 496 1204 680 1277; x_wconf 90' lang='lat' dir='ltr'>propositum</span> <span class='ocrx_word' id='word_1_94' title='bbox 701 1214 744 1259; x_wconf 88' lang='lat' dir='ltr'>est</span> <span class='ocrx_word' id='word_1_95' title='bbox 759 1203 893 1259; x_wconf 85' lang='lat' dir='ltr'>dubium.</span> <span class='ocrx_word' id='word_1_96' title='bbox 917 1201 994 1258; x_wconf 88' lang='lat' dir='ltr'>Dum</span> <span class='ocrx_word' id='word_1_97' title='bbox 1013 1203 1197 1275; x_wconf 88' lang='lat' dir='ltr'>disciplinam</span> <span class='ocrx_word' id='word_1_98' title='bbox 1210 1204 1271 1259; x_wconf 94' lang='lat' dir='ltr'>voti</span> <span class='ocrx_word' id='word_1_99' title='bbox 1282 1217 1388 1274; x_wconf 84' lang='lat' dir='ltr'>pauper·</span> 
     </span>
     <span class='ocr_line' id='line_1_13' title="bbox 313 1273 1389 1347; baseline 0 -20"><span class='ocrx_word' id='word_1_100' title='bbox 313 1273 381 1328; x_wconf 90' lang='lat' dir='ltr'>tatis</span> <span class='ocrx_word' id='word_1_101' title='bbox 399 1284 513 1343; x_wconf 91' lang='lat' dir='ltr'>poterat</span> <span class='ocrx_word' id='word_1_102' title='bbox 533 1291 595 1330; x_wconf 92' lang='lat' dir='ltr'>uno</span> <span class='ocrx_word' id='word_1_103' title='bbox 617 1276 706 1330; x_wconf 90' lang='lat' dir='ltr'>verbo</span> <span class='ocrx_word' id='word_1_104' title='bbox 721 1275 872 1337; x_wconf 80' lang='lat' dir='ltr'>declarari,</span> <span class='ocrx_word' id='word_1_105' title='bbox 887 1275 1009 1347; x_wconf 80' lang='lat' dir='ltr'>supplex</span> <span class='ocrx_word' id='word_1_106' title='bbox 1027 1275 1144 1331; x_wconf 89' lang='lat' dir='ltr'>libellus</span> <span class='ocrx_word' id='word_1_107' title='bbox 1157 1292 1237 1330; x_wconf 90' lang='lat' dir='ltr'>mere</span> <span class='ocrx_word' id='word_1_108' title='bbox 1256 1274 1327 1329; x_wconf 90' lang='lat' dir='ltr'>dixit</span> <span class='ocrx_word' id='word_1_109' title='bbox 1337 1286 1389 1328; x_wconf 75' lang='lat' dir='ltr'>een</span> 
     </span>
     <span class='ocr_line' id='line_1_14' title="bbox 314 1342 1387 1419; baseline -0.003 -20"><span class='ocrx_word' id='word_1_110' title='bbox 314 1360 376 1399; x_wconf 87' lang='lat' dir='ltr'>esse</span> <span class='ocrx_word' id='word_1_111' title='bbox 389 1345 515 1401; x_wconf 88' lang='lat' dir='ltr'>similem</span> <span class='ocrx_word' id='word_1_112' title='bbox 533 1345 703 1417; x_wconf 91' lang='lat' dir='ltr'>disciplinae</span> <span class='ocrx_word' id='word_1_113' title='bbox 719 1345 918 1414; x_wconf 88' lang='lat' dir='ltr'>Maristarum,</span> <span class='ocrx_word' id='word_1_114' title='bbox 934 1344 1030 1419; x_wconf 89' lang='lat' dir='ltr'>qualis</span> <span class='ocrx_word' id='word_1_115' title='bbox 1043 1347 1149 1418; x_wconf 92' lang='lat' dir='ltr'>legitur</span> <span class='ocrx_word' id='word_1_116' title='bbox 1168 1346 1248 1417; x_wconf 90' lang='lat' dir='ltr'>apud</span> <span class='ocrx_word' id='word_1_117' title='bbox 1269 1342 1387 1401; x_wconf 87' lang='lat' dir='ltr'>Bizzarri.</span> 
     </span>
     <span class='ocr_line' id='line_1_15' title="bbox 313 1415 1389 1483; baseline 0.006 -14"><span class='ocrx_word' id='word_1_118' title='bbox 313 1415 525 1483; x_wconf 87' lang='lat' dir='ltr'>Quaestionem</span> <span class='ocrx_word' id='word_1_119' title='bbox 538 1416 605 1473; x_wconf 90' lang='lat' dir='ltr'>dein</span> <span class='ocrx_word' id='word_1_120' title='bbox 619 1416 677 1472; x_wconf 89' lang='lat' dir='ltr'>hoc</span> <span class='ocrx_word' id='word_1_121' title='bbox 689 1416 778 1472; x_wconf 90' lang='lat' dir='ltr'>modo</span> <span class='ocrx_word' id='word_1_122' title='bbox 787 1416 853 1472; x_wconf 91' lang='lat' dir='ltr'>fecit</span> <span class='ocrx_word' id='word_1_123' title='bbox 865 1436 871 1471; x_wconf 75' lang='grc' dir='ltr'><strong><em>ε</em></strong></span> <span class='ocrx_word' id='word_1_124' title='bbox 883 1437 900 1468; x_wconf 90' lang='grc'>«</span> <span class='ocrx_word' id='word_1_125' title='bbox 910 1419 958 1471; x_wconf 92' lang='lat' dir='ltr'>An</span> <span class='ocrx_word' id='word_1_126' title='bbox 972 1417 1058 1473; x_wconf 85' lang='lat' dir='ltr'>iuxta</span> <span class='ocrx_word' id='word_1_127' title='bbox 1071 1418 1204 1473; x_wconf 85' lang='lat' dir='ltr'>Normas</span> <span class='ocrx_word' id='word_1_128' title='bbox 1215 1416 1389 1475; x_wconf 77' lang='lat' dir='ltr'>recentiores.</span> 
     </span>
     <span class='ocr_line' id='line_1_16' title="bbox 314 1486 1390 1569; baseline -0.001 -28"><span class='ocrx_word' id='word_1_129' title='bbox 314 1487 414 1560; x_wconf 78' lang='lat' dir='ltr'>possit,</span> <span class='ocrx_word' id='word_1_130' title='bbox 423 1504 492 1542; x_wconf 82' lang='lat' dir='ltr'>cuni</span> <span class='ocrx_word' id='word_1_131' title='bbox 503 1488 566 1543; x_wconf 90' lang='lat' dir='ltr'>sola</span> <span class='ocrx_word' id='word_1_132' title='bbox 577 1488 791 1561; x_wconf 87' lang='lat' dir='ltr'>Superiorissae</span> <span class='ocrx_word' id='word_1_133' title='bbox 800 1488 925 1557; x_wconf 89' lang='lat' dir='ltr'>licentia,</span> <span class='ocrx_word' id='word_1_134' title='bbox 935 1488 1088 1569; x_wconf 88' lang='lat' dir='ltr'>dispositio</span> <span class='ocrx_word' id='word_1_135' title='bbox 1098 1489 1249 1545; x_wconf 89' lang='lat' dir='ltr'>redituum</span> <span class='ocrx_word' id='word_1_136' title='bbox 1260 1486 1390 1543; x_wconf 75' lang='lat' dir='ltr'>murari.»</span> 
     </span>
     <span class='ocr_line' id='line_1_17' title="bbox 350 1558 1390 1640; baseline -0.001 -28"><span class='ocrx_word' id='word_1_137' title='bbox 350 1558 447 1637; x_wconf 66' lang='lat' dir='ltr'>liddas</span> <span class='ocrx_word' id='word_1_138' title='bbox 462 1576 551 1625; x_wconf 92' lang='lat' dir='ltr'>nunc,</span> <span class='ocrx_word' id='word_1_139' title='bbox 564 1559 689 1640; x_wconf 88' lang='lat' dir='ltr'>negotiis</span> <span class='ocrx_word' id='word_1_140' title='bbox 708 1572 736 1614; x_wconf 87' lang='lat' dir='ltr'>et</span> <span class='ocrx_word' id='word_1_141' title='bbox 755 1559 900 1614; x_wconf 90' lang='lat' dir='ltr'>solvendis</span> <span class='ocrx_word' id='word_1_142' title='bbox 923 1559 1020 1615; x_wconf 80' lang='lat' dir='ltr'>dubiis</span> <span class='ocrx_word' id='word_1_143' title='bbox 1038 1560 1124 1615; x_wconf 93' lang='lat' dir='ltr'>obrui</span> <span class='ocrx_word' id='word_1_144' title='bbox 1139 1560 1216 1615; x_wconf 87' lang='lat' dir='ltr'>hanc</span> <span class='ocrx_word' id='word_1_145' title='bbox 1230 1560 1261 1616; x_wconf 90' lang='lat' dir='ltr'>S.</span> <span class='ocrx_word' id='word_1_146' title='bbox 1277 1559 1390 1634; x_wconf 70' lang='lat' dir='ltr'>Congre</span> 
     </span>
     <span class='ocr_line' id='line_1_18' title="bbox 313 1630 1391 1703; baseline -0.001 -20"><span class='ocrx_word' id='word_1_147' title='bbox 313 1641 472 1701; x_wconf 74' lang='lat' dir='ltr'>gastonem.</span> <span class='ocrx_word' id='word_1_148' title='bbox 490 1631 559 1686; x_wconf 92' lang='lat' dir='ltr'>Non</span> <span class='ocrx_word' id='word_1_149' title='bbox 573 1630 724 1686; x_wconf 81' lang='lat' dir='ltr'>miraberis</span> <span class='ocrx_word' id='word_1_150' title='bbox 737 1630 940 1697; x_wconf 90' lang='lat' dir='ltr'>quaestionem</span> <span class='ocrx_word' id='word_1_151' title='bbox 960 1630 1000 1687; x_wconf 91' lang='lat' dir='ltr'>sic</span> <span class='ocrx_word' id='word_1_152' title='bbox 1022 1630 1151 1703; x_wconf 84' lang='lat' dir='ltr'>intellegi</span> <span class='ocrx_word' id='word_1_153' title='bbox 1165 1630 1306 1702; x_wconf 89' lang='lat' dir='ltr'>potuisse,</span> <span class='ocrx_word' id='word_1_154' title='bbox 1322 1644 1391 1701; x_wconf 83' lang='lat' dir='ltr'>quast</span> 
     </span>
     <span class='ocr_line' id='line_1_19' title="bbox 313 1698 1390 1773; baseline -0.002 -19"><span class='ocrx_word' id='word_1_155' title='bbox 313 1716 394 1755; x_wconf 88' lang='lat' dir='ltr'>mera</span> <span class='ocrx_word' id='word_1_156' title='bbox 419 1712 534 1773; x_wconf 88' lang='lat' dir='ltr'>petatur</span> <span class='ocrx_word' id='word_1_157' title='bbox 559 1702 716 1757; x_wconf 91' lang='lat' dir='ltr'>declaratio</span> <span class='ocrx_word' id='word_1_158' title='bbox 741 1702 932 1768; x_wconf 90' lang='lat' dir='ltr'>Normarum‚</span> <span class='ocrx_word' id='word_1_159' title='bbox 961 1701 1002 1757; x_wconf 90' lang='lat' dir='ltr'>ita</span> <span class='ocrx_word' id='word_1_160' title='bbox 1024 1715 1057 1758; x_wconf 94' lang='lat' dir='ltr'>ut</span> <span class='ocrx_word' id='word_1_161' title='bbox 1083 1703 1193 1757; x_wconf 86' lang='lat' dir='ltr'>oratrix</span> <span class='ocrx_word' id='word_1_162' title='bbox 1214 1702 1319 1757; x_wconf 89' lang='lat' dir='ltr'>certior</span> <span class='ocrx_word' id='word_1_163' title='bbox 1340 1698 1390 1762; x_wconf 84' lang='lat' dir='ltr'>fiat,</span> 
     </span>
     <span class='ocr_line' id='line_1_20' title="bbox 313 1771 1391 1844; baseline -0.001 -19"><span class='ocrx_word' id='word_1_164' title='bbox 313 1782 473 1844; x_wconf 88' lang='lat' dir='ltr'>utcumque</span> <span class='ocrx_word' id='word_1_165' title='bbox 488 1788 517 1827; x_wconf 90' lang='lat' dir='ltr'>se</span> <span class='ocrx_word' id='word_1_166' title='bbox 530 1772 634 1828; x_wconf 89' lang='lat' dir='ltr'>habeat</span> <span class='ocrx_word' id='word_1_167' title='bbox 647 1773 703 1827; x_wconf 89' lang='lat' dir='ltr'>alia</span> <span class='ocrx_word' id='word_1_168' title='bbox 718 1773 863 1844; x_wconf 89' lang='lat' dir='ltr'>quaedam</span> <span class='ocrx_word' id='word_1_169' title='bbox 881 1771 1045 1844; x_wconf 90' lang='lat' dir='ltr'>disciplina,</span> <span class='ocrx_word' id='word_1_170' title='bbox 1059 1789 1125 1828; x_wconf 87' lang='lat' dir='ltr'>eam</span> <span class='ocrx_word' id='word_1_171' title='bbox 1148 1789 1211 1830; x_wconf 90' lang='lat' dir='ltr'>esse</span> <span class='ocrx_word' id='word_1_172' title='bbox 1228 1774 1391 1829; x_wconf 88' lang='lat' dir='ltr'>Normamm</span> 
     </span>
     <span class='ocr_line' id='line_1_21' title="bbox 314 1842 1392 1916; baseline -0.002 -19"><span class='ocrx_word' id='word_1_173' title='bbox 314 1842 419 1914; x_wconf 81' lang='lat' dir='ltr'>legem,</span> <span class='ocrx_word' id='word_1_174' title='bbox 446 1856 479 1898; x_wconf 93' lang='lat' dir='ltr'>ut</span> <span class='ocrx_word' id='word_1_175' title='bbox 503 1860 571 1898; x_wconf 91' lang='lat' dir='ltr'>cum</span> <span class='ocrx_word' id='word_1_176' title='bbox 595 1843 658 1899; x_wconf 90' lang='lat' dir='ltr'>sola</span> <span class='ocrx_word' id='word_1_177' title='bbox 685 1843 851 1916; x_wconf 88' lang='lat' dir='ltr'>Superioris</span> <span class='ocrx_word' id='word_1_178' title='bbox 876 1843 993 1899; x_wconf 90' lang='lat' dir='ltr'>licentia</span> <span class='ocrx_word' id='word_1_179' title='bbox 1020 1844 1168 1900; x_wconf 89' lang='lat' dir='ltr'>redituum</span> <span class='ocrx_word' id='word_1_180' title='bbox 1199 1842 1392 1915; x_wconf 86' lang='lat' dir='ltr'>dispositiones</span> 
     </span>
     <span class='ocr_line' id='line_1_22' title="bbox 313 1913 1392 1987; baseline -0.003 -19"><span class='ocrx_word' id='word_1_181' title='bbox 313 1914 420 1969; x_wconf 88' lang='lat' dir='ltr'>mutari</span> <span class='ocrx_word' id='word_1_182' title='bbox 432 1914 554 1985; x_wconf 90' lang='lat' dir='ltr'>possint.</span> <span class='ocrx_word' id='word_1_183' title='bbox 568 1916 621 1980; x_wconf 91' lang='lat' dir='ltr'>lta,</span> <span class='ocrx_word' id='word_1_184' title='bbox 633 1915 767 1987; x_wconf 86' lang='lat' dir='ltr'>inquam,</span> <span class='ocrx_word' id='word_1_185' title='bbox 782 1916 959 1986; x_wconf 88' lang='lat' dir='ltr'>respondere</span> <span class='ocrx_word' id='word_1_186' title='bbox 972 1915 1068 1987; x_wconf 93' lang='lat' dir='ltr'>potuit</span> <span class='ocrx_word' id='word_1_187' title='bbox 1078 1916 1108 1971; x_wconf 89' lang='lat' dir='ltr'>S.</span> <span class='ocrx_word' id='word_1_188' title='bbox 1121 1915 1328 1987; x_wconf 89' lang='lat' dir='ltr'>Congregati0‚</span> <span class='ocrx_word' id='word_1_189' title='bbox 1342 1913 1392 1968; x_wconf 89' lang='lat' dir='ltr'>sine</span> 
     </span>
     <span class='ocr_line' id='line_1_23' title="bbox 312 1983 1392 2059; baseline -0.001 -21"><span class='ocrx_word' id='word_1_190' title='bbox 312 1984 373 2039; x_wconf 87' lang='lat' dir='ltr'>ulla</span> <span class='ocrx_word' id='word_1_191' title='bbox 386 1985 549 2042; x_wconf 88' lang='lat' dir='ltr'>intentione</span> <span class='ocrx_word' id='word_1_192' title='bbox 561 1985 753 2042; x_wconf 89' lang='lat' dir='ltr'>transferendi</span> <span class='ocrx_word' id='word_1_193' title='bbox 768 1985 813 2041; x_wconf 88' lang='lat' dir='ltr'>ius</span> <span class='ocrx_word' id='word_1_194' title='bbox 836 1987 1018 2041; x_wconf 82' lang='lat' dir='ltr'>Normaruni</span> <span class='ocrx_word' id='word_1_195' title='bbox 1041 1986 1078 2041; x_wconf 89' lang='lat' dir='ltr'>ad</span> <span class='ocrx_word' id='word_1_196' title='bbox 1099 1987 1234 2042; x_wconf 90' lang='lat' dir='ltr'>Instituta</span> <span class='ocrx_word' id='word_1_197' title='bbox 1257 2001 1333 2059; x_wconf 91' lang='lat' dir='ltr'>quae</span> <span class='ocrx_word' id='word_1_198' title='bbox 1345 1983 1392 2039; x_wconf 86' lang='lat' dir='ltr'>alio</span> 
     </span>
     <span class='ocr_line' id='line_1_24' title="bbox 313 2056 558 2113; baseline 0.016 -4"><span class='ocrx_word' id='word_1_199' title='bbox 313 2056 376 2111; x_wconf 90' lang='lat' dir='ltr'>iure</span> <span class='ocrx_word' id='word_1_200' title='bbox 390 2057 558 2113; x_wconf 83' lang='lat' dir='ltr'>utebantur.</span> 
     </span>
     <span class='ocr_line' id='line_1_25' title="bbox 350 2127 1393 2201; baseline -0.004 -20"><span class='ocrx_word' id='word_1_201' title='bbox 350 2129 432 2195; x_wconf 90' lang='lat' dir='ltr'>Quae</span> <span class='ocrx_word' id='word_1_202' title='bbox 453 2145 520 2183; x_wconf 93' lang='lat' dir='ltr'>cum</span> <span class='ocrx_word' id='word_1_203' title='bbox 540 2128 580 2183; x_wconf 92' lang='lat' dir='ltr'>ita</span> <span class='ocrx_word' id='word_1_204' title='bbox 595 2128 661 2192; x_wconf 86' lang='lat' dir='ltr'>sint,</span> <span class='ocrx_word' id='word_1_205' title='bbox 679 2127 837 2183; x_wconf 88' lang='lat' dir='ltr'>concludes</span> <span class='ocrx_word' id='word_1_206' title='bbox 856 2144 1029 2200; x_wconf 88' lang='lat' dir='ltr'>responsum</span> <span class='ocrx_word' id='word_1_207' title='bbox 1048 2127 1218 2184; x_wconf 88' lang='lat' dir='ltr'>huiusmodi</span> <span class='ocrx_word' id='word_1_208' title='bbox 1237 2128 1326 2201; x_wconf 90' lang='lat' dir='ltr'>plane</span> <span class='ocrx_word' id='word_1_209' title='bbox 1343 2139 1393 2181; x_wconf 86' lang='lat' dir='ltr'>esse</span> 
     </span>
     <span class='ocr_line' id='line_1_26' title="bbox 313 2196 1393 2271; baseline -0.003 -18"><span class='ocrx_word' id='word_1_210' title='bbox 313 2216 329 2253; x_wconf 89' lang='lat' dir='ltr'>a</span> <span class='ocrx_word' id='word_1_211' title='bbox 345 2198 415 2254; x_wconf 90' lang='lat' dir='ltr'>iuris</span> <span class='ocrx_word' id='word_1_212' title='bbox 428 2200 585 2271; x_wconf 87' lang='lat' dir='ltr'>interprete</span> <span class='ocrx_word' id='word_1_213' title='bbox 600 2198 825 2271; x_wconf 90' lang='lat' dir='ltr'>neglegendum,</span> <span class='ocrx_word' id='word_1_214' title='bbox 841 2200 935 2255; x_wconf 91' lang='lat' dir='ltr'>donec</span> <span class='ocrx_word' id='word_1_215' title='bbox 956 2200 1128 2255; x_wconf 89' lang='lat' dir='ltr'>clarioribus</span> <span class='ocrx_word' id='word_1_216' title='bbox 1142 2199 1284 2271; x_wconf 87' lang='lat' dir='ltr'>quaesitis</span> <span class='ocrx_word' id='word_1_217' title='bbox 1303 2211 1330 2255; x_wconf 90' lang='lat' dir='ltr'>et</span> <span class='ocrx_word' id='word_1_218' title='bbox 1347 2196 1393 2253; x_wconf 89' lang='lat' dir='ltr'>cla·</span> 
     </span>
     <span class='ocr_line' id='line_1_27' title="bbox 313 2270 1246 2344; baseline 0.002 -21"><span class='ocrx_word' id='word_1_219' title='bbox 313 2270 390 2325; x_wconf 90' lang='lat' dir='ltr'>riore</span> <span class='ocrx_word' id='word_1_220' title='bbox 404 2286 545 2342; x_wconf 91' lang='lat' dir='ltr'>responso</span> <span class='ocrx_word' id='word_1_221' title='bbox 560 2270 775 2327; x_wconf 90' lang='lat' dir='ltr'>demonstretur</span> <span class='ocrx_word' id='word_1_222' title='bbox 787 2287 853 2326; x_wconf 88' lang='lat' dir='ltr'>vera</span> <span class='ocrx_word' id='word_1_223' title='bbox 870 2271 899 2326; x_wconf 88' lang='lat' dir='ltr'>S.</span> <span class='ocrx_word' id='word_1_224' title='bbox 916 2270 999 2325; x_wconf 88' lang='lat' dir='ltr'>Sedis</span> <span class='ocrx_word' id='word_1_225' title='bbox 1011 2270 1246 2344; x_wconf 89' lang='lat' dir='ltr'>iurisprudentia.</span> 
     </span>
    </p>
   </div>
   <div class='ocr_carea' id='block_1_4' title="bbox 571 2554 1150 2806">
    <p class='ocr_par' dir='ltr' id='par_1_5' title="bbox 571 2554 1150 2806">
     <span class='ocr_line' id='line_1_28' title="bbox 571 2554 1150 2638; baseline -0.009 0"><span class='ocrx_word' id='word_1_226' title='bbox 571 2554 669 2638; x_wconf 84' lang='lat'>120.</span> <span class='ocrx_word' id='word_1_227' title='bbox 693 2605 731 2614; x_wconf 83' lang='lat'><em>-</em></span> <span class='ocrx_word' id='word_1_228' title='bbox 756 2568 818 2636; x_wconf 88' lang='lat' dir='ltr'>ss.</span> <span class='ocrx_word' id='word_1_229' title='bbox 844 2569 880 2635; x_wconf 85' lang='lat' dir='ltr'>u.</span> <span class='ocrx_word' id='word_1_230' title='bbox 906 2569 943 2634; x_wconf 84' lang='lat' dir='ltr'>r.</span> <span class='ocrx_word' id='word_1_231' title='bbox 968 2567 1014 2635; x_wconf 82' lang='lat' dir='ltr'>ru</span> <span class='ocrx_word' id='word_1_232' title='bbox 1037 2566 1150 2634; x_wconf 71' lang='lat' dir='ltr'>rar</span> 
     </span>
     <span class='ocr_line' id='line_1_29' title="bbox 647 2750 1074 2806; baseline 0 -2"><span class='ocrx_word' id='word_1_233' title='bbox 647 2751 785 2806; x_wconf 79' lang='lat' dir='ltr'><strong><em>BREVE</em></strong></span> <span class='ocrx_word' id='word_1_234' title='bbox 804 2753 843 2805; x_wconf 89' lang='grc'>15</span> <span class='ocrx_word' id='word_1_235' title='bbox 860 2751 971 2804; x_wconf 80' lang='grc' dir='ltr'><strong><em>8ΕΡΤ.</em></strong></span> <span class='ocrx_word' id='word_1_236' title='bbox 992 2750 1074 2804; x_wconf 83' lang='grc'><em>1905</em></span> 
     </span>
    </p>
   </div>
   <div class='ocr_carea' id='block_1_5' title="bbox 313 2907 1393 2985">
    <p class='ocr_par' dir='ltr' id='par_1_6' title="bbox 313 2907 1393 2985">
     <span class='ocr_line' id='line_1_30' title="bbox 313 2907 1393 2985; baseline -0.006 -17"><span class='ocrx_word' id='word_1_237' title='bbox 313 2913 552 2985; x_wconf 83' lang='lat' dir='ltr'>Indulgentils</span> <span class='ocrx_word' id='word_1_238' title='bbox 565 2913 691 2970; x_wconf 83' lang='lat' dir='ltr'>fovens</span> <span class='ocrx_word' id='word_1_239' title='bbox 705 2927 873 2970; x_wconf 88' lang='lat' dir='ltr'>coronam</span> <span class='ocrx_word' id='word_1_240' title='bbox 888 2914 1025 2983; x_wconf 84' lang='lat' dir='ltr'>septem</span> <span class='ocrx_word' id='word_1_241' title='bbox 1039 2911 1251 2983; x_wconf 84' lang='lat' dir='ltr'>gaudiorum</span> <span class='ocrx_word' id='word_1_242' title='bbox 1260 2907 1393 2967; x_wconf 63' lang='grc' dir='ltr'>ΕΗ.</span> 
     </span>
    </p>
   </div>
   <div class='ocr_carea' id='block_1_6' title="bbox 96 3082 1452 4293">
    <p class='ocr_par' dir='ltr' id='par_1_7' title="bbox 96 3082 1396 3588">
     <span class='ocr_line' id='line_1_31' title="bbox 352 3082 1395 3154; baseline -0.003 -16"><span class='ocrx_word' id='word_1_243' title='bbox 352 3084 480 3138; x_wconf 84' lang='lat' dir='ltr'>Dilectus</span> <span class='ocrx_word' id='word_1_244' title='bbox 494 3083 572 3138; x_wconf 91' lang='lat' dir='ltr'>filius</span> <span class='ocrx_word' id='word_1_245' title='bbox 589 3086 795 3139; x_wconf 81' lang='lat' dir='ltr'>Bonaventura</span> <span class='ocrx_word' id='word_1_246' title='bbox 809 3083 948 3154; x_wconf 86' lang='lat' dir='ltr'>Marrani,</span> <span class='ocrx_word' id='word_1_247' title='bbox 966 3082 1085 3138; x_wconf 90' lang='lat' dir='ltr'>Ordinis</span> <span class='ocrx_word' id='word_1_248' title='bbox 1100 3085 1236 3138; x_wconf 86' lang='lat' dir='ltr'>Fratrum</span> <span class='ocrx_word' id='word_1_249' title='bbox 1252 3083 1395 3137; x_wconf 88' lang='lat' dir='ltr'>Minorum</span> 
     </span>
     <span class='ocr_line' id='line_1_32' title="bbox 99 3129 1395 3245; baseline -0.003 -35"><span class='ocrx_word' id='word_1_250' title='bbox 99 3129 259 3245; x_wconf 41' lang='lat' dir='ltr'>dmg„</span> <span class='ocrx_word' id='word_1_251' title='bbox 316 3157 493 3210; x_wconf 87' lang='lat' dir='ltr'>Procurator</span> <span class='ocrx_word' id='word_1_252' title='bbox 507 3155 665 3222; x_wconf 76' lang='lat' dir='ltr'>GeneraliS,</span> <span class='ocrx_word' id='word_1_253' title='bbox 682 3155 813 3227; x_wconf 89' lang='lat' dir='ltr'>impense</span> <span class='ocrx_word' id='word_1_254' title='bbox 827 3155 948 3226; x_wconf 88' lang='lat' dir='ltr'>cupiens</span> <span class='ocrx_word' id='word_1_255' title='bbox 961 3167 993 3208; x_wconf 94' lang='lat' dir='ltr'>ut</span> <span class='ocrx_word' id='word_1_256' title='bbox 1006 3171 1074 3226; x_wconf 87' lang='lat' dir='ltr'>erga</span> <span class='ocrx_word' id='word_1_257' title='bbox 1091 3153 1247 3227; x_wconf 89' lang='lat' dir='ltr'>Deiparam</span> <span class='ocrx_word' id='word_1_258' title='bbox 1261 3156 1395 3208; x_wconf 88' lang='lat' dir='ltr'>Immacu-</span> 
     </span>
     <span class='ocr_line' id='line_1_33' title="bbox 98 3224 1395 3298; baseline -0.005 -17"><span class='ocrx_word' id='word_1_259' title='bbox 98 3245 190 3290; x_wconf 68' lang='lat' dir='ltr'>votrom</span> <span class='ocrx_word' id='word_1_260' title='bbox 239 3249 259 3290; x_wconf 55' lang='lat' dir='ltr'>,r</span> <span class='ocrx_word' id='word_1_261' title='bbox 297 3226 403 3281; x_wconf 78' lang='lat' dir='ltr'>&#39;latam</span> <span class='ocrx_word' id='word_1_262' title='bbox 421 3225 514 3297; x_wconf 88' lang='lat' dir='ltr'>magis</span> <span class='ocrx_word' id='word_1_263' title='bbox 534 3226 686 3298; x_wconf 84' lang='lat' dir='ltr'>magisque</span> <span class='ocrx_word' id='word_1_264' title='bbox 706 3225 840 3281; x_wconf 88' lang='lat' dir='ltr'>fidelium</span> <span class='ocrx_word' id='word_1_265' title='bbox 861 3226 958 3282; x_wconf 93' lang='lat' dir='ltr'>cultus</span> <span class='ocrx_word' id='word_1_266' title='bbox 980 3237 1131 3296; x_wconf 85' lang='lat' dir='ltr'>augeatur,</span> <span class='ocrx_word' id='word_1_267' title='bbox 1155 3224 1267 3280; x_wconf 90' lang='lat' dir='ltr'>rettulit</span> <span class='ocrx_word' id='word_1_268' title='bbox 1288 3226 1327 3279; x_wconf 93' lang='lat' dir='ltr'>ad</span> <span class='ocrx_word' id='word_1_269' title='bbox 1342 3224 1395 3277; x_wconf 89' lang='lat' dir='ltr'>Nos</span> 
     </span>
     <span class='ocr_line' id='line_1_34' title="bbox 97 3295 1395 3370; baseline -0.003 -20"><span class='ocrx_word' id='word_1_270' title='bbox 97 3302 248 3369; x_wconf 30' lang='lat' dir='ltr'>memoratis,</span> <span class='ocrx_word' id='word_1_271' title='bbox 315 3298 389 3352; x_wconf 91' lang='lat' dir='ltr'>inter</span> <span class='ocrx_word' id='word_1_272' title='bbox 402 3296 578 3367; x_wconf 90' lang='lat' dir='ltr'>multiplices</span> <span class='ocrx_word' id='word_1_273' title='bbox 591 3297 688 3352; x_wconf 91' lang='lat' dir='ltr'>cultus</span> <span class='ocrx_word' id='word_1_274' title='bbox 701 3314 734 3352; x_wconf 87' lang='lat' dir='ltr'>ac</span> <span class='ocrx_word' id='word_1_275' title='bbox 753 3297 867 3368; x_wconf 90' lang='lat' dir='ltr'>pietatis</span> <span class='ocrx_word' id='word_1_276' title='bbox 890 3296 1117 3370; x_wconf 85' lang='lat' dir='ltr'>significationes</span> <span class='ocrx_word' id='word_1_277' title='bbox 1138 3295 1169 3351; x_wconf 92' lang='lat' dir='ltr'>in</span> <span class='ocrx_word' id='word_1_278' title='bbox 1193 3296 1317 3352; x_wconf 89' lang='lat' dir='ltr'>eandem</span> <span class='ocrx_word' id='word_1_279' title='bbox 1333 3296 1395 3349; x_wconf 85' lang='lat' dir='ltr'>Bea-</span> 
     </span>
     <span class='ocr_line' id='line_1_35' title="bbox 96 3362 1396 3462; baseline 0.001 -44"><span class='ocrx_word' id='word_1_280' title='bbox 96 3362 187 3462; x_wconf 56' lang='lat' dir='ltr'>{ratris</span> <span class='ocrx_word' id='word_1_281' title='bbox 206 3371 260 3418; x_wconf 65' lang='lat' dir='ltr'>lul·</span> <span class='ocrx_word' id='word_1_282' title='bbox 313 3369 455 3424; x_wconf 87' lang='lat' dir='ltr'>tissimam</span> <span class='ocrx_word' id='word_1_283' title='bbox 467 3368 617 3438; x_wconf 87' lang='lat' dir='ltr'>Virginem</span> <span class='ocrx_word' id='word_1_284' title='bbox 637 3381 802 3438; x_wconf 87' lang='lat' dir='ltr'>consuetas,</span> <span class='ocrx_word' id='word_1_285' title='bbox 817 3369 947 3424; x_wconf 91' lang='lat' dir='ltr'>nobilem</span> <span class='ocrx_word' id='word_1_286' title='bbox 960 3385 1029 3423; x_wconf 87' lang='lat' dir='ltr'>sane</span> <span class='ocrx_word' id='word_1_287' title='bbox 1041 3368 1140 3423; x_wconf 89' lang='lat' dir='ltr'>locum</span> <span class='ocrx_word' id='word_1_288' title='bbox 1159 3367 1292 3423; x_wconf 87' lang='lat' dir='ltr'>obtinere</span> <span class='ocrx_word' id='word_1_289' title='bbox 1306 3365 1396 3420; x_wconf 87' lang='lat' dir='ltr'>lauda·</span> 
     </span>
     <span class='ocr_line' id='line_1_36' title="bbox 97 3415 1395 3521; baseline -0.005 -26"><span class='ocrx_word' id='word_1_290' title='bbox 97 3415 259 3521; x_wconf 50' lang='lat' dir='ltr'>Fujggssfm&#39;</span> <span class='ocrx_word' id='word_1_291' title='bbox 315 3440 403 3495; x_wconf 89' lang='lat' dir='ltr'>bilem</span> <span class='ocrx_word' id='word_1_292' title='bbox 422 3456 487 3495; x_wconf 90' lang='lat' dir='ltr'>eam</span> <span class='ocrx_word' id='word_1_293' title='bbox 522 3439 624 3506; x_wconf 86' lang='lat' dir='ltr'>raxim,</span> <span class='ocrx_word' id='word_1_294' title='bbox 638 3452 671 3494; x_wconf 93' lang='lat' dir='ltr'>ut</span> <span class='ocrx_word' id='word_1_295' title='bbox 690 3440 829 3510; x_wconf 89' lang='lat' dir='ltr'>peculiari</span> <span class='ocrx_word' id='word_1_296' title='bbox 849 3441 966 3496; x_wconf 90' lang='lat' dir='ltr'>Corona</span> <span class='ocrx_word' id='word_1_297' title='bbox 984 3452 1095 3507; x_wconf 89' lang='lat' dir='ltr'>septem</span> <span class='ocrx_word' id='word_1_298' title='bbox 1114 3438 1216 3493; x_wconf 86' lang='lat' dir='ltr'>devote</span> <span class='ocrx_word' id='word_1_299' title='bbox 1234 3438 1395 3493; x_wconf 88' lang='lat' dir='ltr'>recolantur</span> 
     </span>
     <span class='ocr_line' id='line_1_37' title="bbox 98 3456 1394 3588; baseline -0.006 -21"><span class='ocrx_word' id='word_1_300' title='bbox 98 3531 163 3588; x_wconf 63' lang='lat' dir='ltr'>cam,</span> <span class='ocrx_word' id='word_1_301' title='bbox 315 3511 437 3575; x_wconf 85' lang='lat' dir='ltr'>Gaudia,</span> <span class='ocrx_word' id='word_1_302' title='bbox 472 3456 558 3566; x_wconf 60' lang='lat' dir='ltr'>uibus</span> <span class='ocrx_word' id='word_1_303' title='bbox 574 3511 696 3586; x_wconf 84' lang='lat' dir='ltr'>Deipara</span> <span class='ocrx_word' id='word_1_304' title='bbox 709 3511 740 3564; x_wconf 90' lang='lat' dir='ltr'>in</span> <span class='ocrx_word' id='word_1_305' title='bbox 754 3511 996 3577; x_wconf 88' lang='lat' dir='ltr'>Annuntiatione,</span> <span class='ocrx_word' id='word_1_306' title='bbox 1016 3510 1196 3574; x_wconf 88' lang='lat' dir='ltr'>Visitatione,</span> <span class='ocrx_word' id='word_1_307' title='bbox 1213 3510 1313 3577; x_wconf 89' lang='lat' dir='ltr'>Partu‚</span> <span class='ocrx_word' id='word_1_308' title='bbox 1326 3507 1394 3586; x_wconf 84' lang='lat' dir='ltr'>Ado</span> 
     </span>
    </p>

    <p class='ocr_par' dir='ltr' id='par_1_8' title="bbox 96 3580 1452 4293">
     <span class='ocr_line' id='line_1_38' title="bbox 314 3580 1395 3655; baseline -0.005 -18"><span class='ocrx_word' id='word_1_309' title='bbox 314 3582 427 3638; x_wconf 90' lang='lat' dir='ltr'>ratione</span> <span class='ocrx_word' id='word_1_310' title='bbox 477 3599 610 3654; x_wconf 83' lang='lat' dir='ltr'>agotum,</span> <span class='ocrx_word' id='word_1_311' title='bbox 633 3581 806 3637; x_wconf 86' lang='lat' dir='ltr'>Inventione</span> <span class='ocrx_word' id='word_1_312' title='bbox 822 3582 897 3650; x_wconf 89' lang='lat' dir='ltr'>Filii,</span> <span class='ocrx_word' id='word_1_313' title='bbox 919 3581 1007 3636; x_wconf 90' lang='lat' dir='ltr'>huius</span> <span class='ocrx_word' id='word_1_314' title='bbox 1031 3580 1254 3636; x_wconf 88' lang='lat' dir='ltr'>Resurrectione</span> <span class='ocrx_word' id='word_1_315' title='bbox 1269 3591 1298 3636; x_wconf 92' lang='lat' dir='ltr'>et</span> <span class='ocrx_word' id='word_1_316' title='bbox 1311 3580 1395 3655; x_wconf 81' lang='lat' dir='ltr'>ipsius</span> 
     </span>
     <span class='ocr_line' id='line_1_39' title="bbox 314 3649 1395 3726; baseline -0.006 -18"><span class='ocrx_word' id='word_1_317' title='bbox 314 3653 430 3708; x_wconf 87' lang='lat' dir='ltr'>divinae</span> <span class='ocrx_word' id='word_1_318' title='bbox 444 3653 547 3708; x_wconf 88' lang='lat' dir='ltr'>Matris</span> <span class='ocrx_word' id='word_1_319' title='bbox 560 3652 591 3707; x_wconf 91' lang='lat' dir='ltr'>in</span> <span class='ocrx_word' id='word_1_320' title='bbox 604 3652 718 3708; x_wconf 92' lang='lat' dir='ltr'>caelum</span> <span class='ocrx_word' id='word_1_321' title='bbox 731 3653 949 3726; x_wconf 90' lang='lat' dir='ltr'>Assumptione,</span> <span class='ocrx_word' id='word_1_322' title='bbox 964 3652 995 3706; x_wconf 93' lang='lat' dir='ltr'>in</span> <span class='ocrx_word' id='word_1_323' title='bbox 1011 3653 1072 3722; x_wconf 90' lang='lat' dir='ltr'>Deo</span> <span class='ocrx_word' id='word_1_324' title='bbox 1087 3651 1208 3707; x_wconf 88' lang='lat' dir='ltr'>salutari</span> <span class='ocrx_word' id='word_1_325' title='bbox 1218 3668 1273 3707; x_wconf 92' lang='lat' dir='ltr'>suo</span> <span class='ocrx_word' id='word_1_326' title='bbox 1285 3649 1395 3724; x_wconf 63' lang='lat' dir='ltr'>mirabn</span> 
     </span>
     <span class='ocr_line' id='line_1_40' title="bbox 314 3722 1452 3793; baseline 0 -14"><span class='ocrx_word' id='word_1_327' title='bbox 314 3725 380 3779; x_wconf 92' lang='lat' dir='ltr'>liter</span> <span class='ocrx_word' id='word_1_328' title='bbox 393 3723 556 3779; x_wconf 84' lang='lat' dir='ltr'>exsultavit.</span> <span class='ocrx_word' id='word_1_329' title='bbox 578 3724 656 3778; x_wconf 90' lang='lat' dir='ltr'>Hinc</span> <span class='ocrx_word' id='word_1_330' title='bbox 678 3722 786 3779; x_wconf 88' lang='lat' dir='ltr'>factum</span> <span class='ocrx_word' id='word_1_331' title='bbox 810 3741 881 3793; x_wconf 88' lang='lat' dir='ltr'>esse,</span> <span class='ocrx_word' id='word_1_332' title='bbox 904 3737 936 3778; x_wconf 93' lang='lat' dir='ltr'>ut</span> <span class='ocrx_word' id='word_1_333' title='bbox 961 3724 1129 3779; x_wconf 87' lang='lat' dir='ltr'>Decessores</span> <span class='ocrx_word' id='word_1_334' title='bbox 1152 3723 1253 3778; x_wconf 89' lang='lat' dir='ltr'>Nostri</span> <span class='ocrx_word' id='word_1_335' title='bbox 1277 3724 1395 3778; x_wconf 81' lang='lat' dir='ltr'>Roman</span> <span class='ocrx_word' id='word_1_336' title='bbox 1450 3756 1452 3779; x_wconf 58' lang='lat' dir='ltr'>t</span> 
     </span>
     <span class='ocr_line' id='line_1_41' title="bbox 317 3791 1452 3867; baseline -0.003 -17"><span class='ocrx_word' id='word_1_337' title='bbox 317 3795 484 3861; x_wconf 89' lang='lat' dir='ltr'>Pontifices,</span> <span class='ocrx_word' id='word_1_338' title='bbox 500 3812 561 3851; x_wconf 90' lang='lat' dir='ltr'>non</span> <span class='ocrx_word' id='word_1_339' title='bbox 573 3796 662 3850; x_wconf 90' lang='lat' dir='ltr'>modo</span> <span class='ocrx_word' id='word_1_340' title='bbox 676 3796 800 3867; x_wconf 91' lang='lat' dir='ltr'>speciale</span> <span class='ocrx_word' id='word_1_341' title='bbox 813 3796 919 3851; x_wconf 89' lang='lat' dir='ltr'>festum</span> <span class='ocrx_word' id='word_1_342' title='bbox 932 3795 1049 3866; x_wconf 88' lang='lat' dir='ltr'>Septem</span> <span class='ocrx_word' id='word_1_343' title='bbox 1065 3794 1248 3850; x_wconf 90' lang='lat' dir='ltr'>Gaudiorum</span> <span class='ocrx_word' id='word_1_344' title='bbox 1263 3796 1295 3850; x_wconf 89' lang='lat' dir='ltr'>B.</span> <span class='ocrx_word' id='word_1_345' title='bbox 1311 3791 1394 3848; x_wconf 64' lang='grc' dir='ltr'>ΜΝ.</span> <span class='ocrx_word' id='word_1_346' title='bbox 1450 3796 1452 3847; x_wconf 69' lang='lat' dir='ltr'>l</span> 
     </span>
     <span class='ocr_line' id='line_1_42' title="bbox 314 3860 1452 3940; baseline -0.005 -18"><span class='ocrx_word' id='word_1_347' title='bbox 314 3884 381 3922; x_wconf 90' lang='lat' dir='ltr'>curn</span> <span class='ocrx_word' id='word_1_348' title='bbox 393 3865 497 3922; x_wconf 88' lang='lat' dir='ltr'>Officio</span> <span class='ocrx_word' id='word_1_349' title='bbox 508 3884 541 3921; x_wconf 93' lang='lat' dir='ltr'>ac</span> <span class='ocrx_word' id='word_1_350' title='bbox 555 3866 644 3921; x_wconf 91' lang='lat' dir='ltr'>Missa</span> <span class='ocrx_word' id='word_1_351' title='bbox 652 3867 769 3940; x_wconf 87' lang='lat' dir='ltr'>propria</span> <span class='ocrx_word' id='word_1_352' title='bbox 779 3868 926 3939; x_wconf 90' lang='lat' dir='ltr'>agendum</span> <span class='ocrx_word' id='word_1_353' title='bbox 936 3866 1069 3938; x_wconf 91' lang='lat' dir='ltr'>plurimis</span> <span class='ocrx_word' id='word_1_354' title='bbox 1079 3865 1108 3920; x_wconf 92' lang='lat' dir='ltr'>in</span> <span class='ocrx_word' id='word_1_355' title='bbox 1118 3865 1191 3920; x_wconf 91' lang='lat' dir='ltr'>locis</span> <span class='ocrx_word' id='word_1_356' title='bbox 1201 3864 1393 3939; x_wconf 72' lang='lat' dir='ltr'>permiserint,</span> <span class='ocrx_word' id='word_1_357' title='bbox 1450 3860 1452 3883; x_wconf 56' lang='lat'><em>⁸</em></span> 
     </span>
     <span class='ocr_line' id='line_1_43' title="bbox 314 3936 1452 4009; baseline -0.006 -17"><span class='ocrx_word' id='word_1_358' title='bbox 314 3955 416 3993; x_wconf 89' lang='lat' dir='ltr'>verum</span> <span class='ocrx_word' id='word_1_359' title='bbox 443 3939 541 3993; x_wconf 83' lang='lat' dir='ltr'>etiam·</span> <span class='ocrx_word' id='word_1_360' title='bbox 556 3937 704 3993; x_wconf 85' lang='lat' dir='ltr'>Fratribus</span> <span class='ocrx_word' id='word_1_361' title='bbox 730 3951 759 3994; x_wconf 90' lang='lat' dir='ltr'>et</span> <span class='ocrx_word' id='word_1_362' title='bbox 784 3938 938 3994; x_wconf 84' lang='lat' dir='ltr'>Sororibus</span> <span class='ocrx_word' id='word_1_363' title='bbox 963 3937 1109 3992; x_wconf 91' lang='lat' dir='ltr'>Ordinum</span> <span class='ocrx_word' id='word_1_364' title='bbox 1134 3936 1285 4008; x_wconf 86' lang='lat' dir='ltr'>Seraphici</span> <span class='ocrx_word' id='word_1_365' title='bbox 1308 3937 1395 3989; x_wconf 82' lang='lat' dir='ltr'>Patris</span> <span class='ocrx_word' id='word_1_366' title='bbox 1450 3936 1452 4009; x_wconf 63' lang='grc' dir='ltr'><em>ξ</em></span> 
     </span>
     <span class='ocr_line' id='line_1_44' title="bbox 127 4007 1451 4090; baseline -0.006 -24"><span class='ocrx_word' id='word_1_367' title='bbox 127 4030 247 4090; x_wconf 78' lang='lat' dir='ltr'>Apostoli·</span> <span class='ocrx_word' id='word_1_368' title='bbox 315 4009 464 4067; x_wconf 87' lang='lat' dir='ltr'>Francisci</span> <span class='ocrx_word' id='word_1_369' title='bbox 485 4009 661 4077; x_wconf 77' lang='lat' dir='ltr'>AssisiensiS,</span> <span class='ocrx_word' id='word_1_370' title='bbox 677 4027 753 4082; x_wconf 91' lang='lat' dir='ltr'>quos</span> <span class='ocrx_word' id='word_1_371' title='bbox 765 4009 840 4064; x_wconf 92' lang='lat' dir='ltr'>inter</span> <span class='ocrx_word' id='word_1_372' title='bbox 861 4009 924 4081; x_wconf 90' lang='lat' dir='ltr'>ipsa</span> <span class='ocrx_word' id='word_1_373' title='bbox 938 4008 1053 4064; x_wconf 88' lang='lat' dir='ltr'>devotio</span> <span class='ocrx_word' id='word_1_374' title='bbox 1074 4007 1168 4062; x_wconf 88' lang='lat' dir='ltr'>maius</span> <span class='ocrx_word' id='word_1_375' title='bbox 1187 4008 1395 4083; x_wconf 85' lang='lat' dir='ltr'>incrementum</span> <span class='ocrx_word' id='word_1_376' title='bbox 1450 4016 1451 4019; x_wconf 74' lang='grc'>’</span> 
     </span>
     <span class='ocr_line' id='line_1_45' title="bbox 98 4076 1452 4155; baseline -0.001 -20"><span class='ocrx_word' id='word_1_377' title='bbox 98 4100 139 4135; x_wconf 81' lang='lat' dir='ltr'>cas</span> <span class='ocrx_word' id='word_1_378' title='bbox 161 4145 165 4155; x_wconf 37' lang='grc' dir='ltr'>Ι</span> <span class='ocrx_word' id='word_1_379' title='bbox 184 4089 260 4141; x_wconf 74' lang='lat' dir='ltr'>petit</span> <span class='ocrx_word' id='word_1_380' title='bbox 314 4082 455 4152; x_wconf 88' lang='lat' dir='ltr'>reperisse</span> <span class='ocrx_word' id='word_1_381' title='bbox 473 4081 612 4147; x_wconf 88' lang='lat' dir='ltr'>noscitur,</span> <span class='ocrx_word' id='word_1_382' title='bbox 626 4081 840 4152; x_wconf 89' lang='lat' dir='ltr'>indulgentiam</span> <span class='ocrx_word' id='word_1_383' title='bbox 861 4080 1034 4152; x_wconf 88' lang='lat' dir='ltr'>plenariam,</span> <span class='ocrx_word' id='word_1_384' title='bbox 1051 4077 1158 4150; x_wconf 92' lang='lat' dir='ltr'>pluries</span> <span class='ocrx_word' id='word_1_385' title='bbox 1179 4079 1224 4134; x_wconf 94' lang='lat' dir='ltr'>vel</span> <span class='ocrx_word' id='word_1_386' title='bbox 1238 4079 1340 4134; x_wconf 91' lang='lat' dir='ltr'>eadem</span> <span class='ocrx_word' id='word_1_387' title='bbox 1353 4076 1395 4129; x_wconf 86' lang='lat' dir='ltr'>dre</span> <span class='ocrx_word' id='word_1_388' title='bbox 1450 4131 1452 4134; x_wconf 78' lang='grc'>,</span> 
     </span>
     <span class='ocr_line' id='line_1_46' title="bbox 96 4149 1451 4223; baseline -0.003 -20"><span class='ocrx_word' id='word_1_389' title='bbox 96 4149 260 4212; x_wconf 58' lang='lat' dir='ltr'>stallatum</span> <span class='ocrx_word' id='word_1_390' title='bbox 315 4150 496 4219; x_wconf 90' lang='lat' dir='ltr'>lucrandam,</span> <span class='ocrx_word' id='word_1_391' title='bbox 511 4153 635 4223; x_wconf 89' lang='lat' dir='ltr'>benigne</span> <span class='ocrx_word' id='word_1_392' title='bbox 657 4150 861 4206; x_wconf 89' lang='lat' dir='ltr'>concesserint.</span> <span class='ocrx_word' id='word_1_393' title='bbox 877 4151 987 4205; x_wconf 89' lang='lat' dir='ltr'>Verum</span> <span class='ocrx_word' id='word_1_394' title='bbox 1001 4149 1081 4204; x_wconf 89' lang='lat' dir='ltr'>idem</span> <span class='ocrx_word' id='word_1_395' title='bbox 1101 4149 1224 4205; x_wconf 90' lang='lat' dir='ltr'>dilectus</span> <span class='ocrx_word' id='word_1_396' title='bbox 1237 4149 1315 4204; x_wconf 88' lang='lat' dir='ltr'>filius</span> <span class='ocrx_word' id='word_1_397' title='bbox 1332 4151 1395 4201; x_wconf 86' lang='lat' dir='ltr'>Pro·</span> <span class='ocrx_word' id='word_1_398' title='bbox 1450 4156 1451 4165; x_wconf 59' lang='lat'>¹</span> 
     </span>
     <span class='ocr_line' id='line_1_47' title="bbox 99 4203 1394 4293; baseline -0.004 -17"><span class='ocrx_word' id='word_1_399' title='bbox 99 4203 206 4250; x_wconf 51' lang='lat' dir='ltr'>‘&#39;mmm“</span> <span class='ocrx_word' id='word_1_400' title='bbox 315 4234 432 4276; x_wconf 89' lang='lat' dir='ltr'>curator</span> <span class='ocrx_word' id='word_1_401' title='bbox 442 4223 589 4278; x_wconf 89' lang='lat' dir='ltr'>Generalis</span> <span class='ocrx_word' id='word_1_402' title='bbox 601 4222 734 4276; x_wconf 89' lang='lat' dir='ltr'>Fratrum</span> <span class='ocrx_word' id='word_1_403' title='bbox 746 4223 898 4276; x_wconf 84' lang='lat' dir='ltr'>Minorum</span> <span class='ocrx_word' id='word_1_404' title='bbox 910 4220 1009 4275; x_wconf 90' lang='lat' dir='ltr'>animo</span> <span class='ocrx_word' id='word_1_405' title='bbox 1020 4220 1202 4293; x_wconf 90' lang='lat' dir='ltr'>perpendens</span> <span class='ocrx_word' id='word_1_406' title='bbox 1214 4220 1394 4277; x_wconf 86' lang='lat' dir='ltr'>devotionem</span> 
     </span>
    </p>
   </div>
   <div class='ocr_carea' id='block_1_7' title="bbox 95 4257 1394 4366">
    <p class='ocr_par' dir='ltr' id='par_1_9' title="bbox 95 4257 1394 4366">
     <span class='ocr_line' id='line_1_48' title="bbox 95 4257 1394 4366; baseline -0.009 -14"><span class='ocrx_word' id='word_1_407' title='bbox 95 4257 259 4364; x_wconf 30' lang='lat' dir='ltr'>mam</span> <span class='ocrx_word' id='word_1_408' title='bbox 314 4309 382 4364; x_wconf 88' lang='lat' dir='ltr'>erga</span> <span class='ocrx_word' id='word_1_409' title='bbox 398 4294 514 4366; x_wconf 88' lang='lat' dir='ltr'>Septem</span> <span class='ocrx_word' id='word_1_410' title='bbox 530 4294 562 4347; x_wconf 89' lang='grc' dir='ltr'>Β.</span> <span class='ocrx_word' id='word_1_411' title='bbox 579 4293 621 4347; x_wconf 90' lang='grc' dir='ltr'>Μ.</span> <span class='ocrx_word' id='word_1_412' title='bbox 637 4293 672 4348; x_wconf 92' lang='lat' dir='ltr'>V.</span> <span class='ocrx_word' id='word_1_413' title='bbox 689 4292 800 4348; x_wconf 89' lang='lat' dir='ltr'>Gaudia</span> <span class='ocrx_word' id='word_1_414' title='bbox 820 4293 904 4348; x_wconf 92' lang='lat' dir='ltr'>nullo</span> <span class='ocrx_word' id='word_1_415' title='bbox 917 4292 1012 4346; x_wconf 89' lang='lat' dir='ltr'>adhuc</span> <span class='ocrx_word' id='word_1_416' title='bbox 1034 4291 1178 4364; x_wconf 86' lang='lat' dir='ltr'>spirituali</span> <span class='ocrx_word' id='word_1_417' title='bbox 1190 4293 1273 4349; x_wconf 91' lang='lat' dir='ltr'>lucro</span> <span class='ocrx_word' id='word_1_418' title='bbox 1286 4288 1394 4346; x_wconf 90' lang='lat' dir='ltr'>cunctis</span> 
     </span>
    </p>
   </div>
   <div class='ocr_carea' id='block_1_8' title="bbox 0 0 1486 4900">
    <p class='ocr_par' dir='ltr' id='par_1_10' title="bbox 0 0 1486 4900">
     <span class='ocr_line' id='line_1_49' title="bbox 0 0 1486 4900; baseline 0 0"><span class='ocrx_word' id='word_1_419' title='bbox 0 0 1486 4900; x_wconf 95' lang='lat' dir='ltr'> </span> 
     </span>
    </p>
   </div>
  </div>
 </body>
</html>
