2959 4900
269 348 272 359 ·
315 317 374 379 102
736 341 873 387 ouxasrra
888 342 972 377 verere

355 494 390 559 4.
415 474 631 563 Apptob'atio
656 474 971 543 Constitutionum.

358 564 389 631 5.
418 563 593 653 Regimen
616 564 696 632 novi
728 564 894 633 Instituti.

359 762 410 829 Il.
444 762 578 829 Morus
608 777 760 829 eaoran
792 762 1036 831 Decmrtnmo

355 852 398 919 Α.
428 852 483 918 De
509 849 640 917 Priore
663 850 788 918 Parte.

359 942 401 1007 ln
418 939 484 1007 hoc
500 940 599 1029 quasi
621 941 708 1029 legis
729 941 871 1009 exordio
892 956 925 1008 et
947 940 1207 1010 introductione
1229 942 1390 1030 quaedam

312 1029 494 1119 praecipue
519 1045 600 1095 sunt
624 1029 790 1097 notanda.

359 1143 388 1185 1.
426 1117 592 1185 Familiae
629 1138 716 1205 quas
752 1119 915 1187 laudibus
950 1118 1055 1187 afficit
1092 1119 1129 1188 S.
1168 1122 1328 1190 Pontifex
1355 1122 1390 1189 iis

309 1207 477 1299 genericis
504 1207 596 1273 notis
623 1207 867 1275 describuntur
894 1229 983 1297 quae
1009 1210 1047 1276 in
1073 1230 1131 1277 eas
1154 1212 1260 1279 etiam
1277 1212 1390 1279 cadant

309 1298 370 1365 ubi
391 1298 488 1363 nulla
510 1294 600 1362 fiunt
616 1310 706 1363 vota.
728 1296 806 1363 Hae
822 1313 939 1365 tamen
956 1297 1060 1366 etiam
1076 1299 1239 1368 dicuntur
1255 1301 1338 1369 eniti
1354 1302 1388 1367 ad

308 1385 445 1453 virtutis
471 1384 733 1474 perfectionem,
764 1402 809 1473 et,
838 1386 935 1476 quod
963 1388 1060 1455 valde
1087 1391 1241 1458 notabile
1269 1405 1333 1474 est,
1356 1408 1389 1455 ex

308 1477 386 1565 ipso
415 1475 551 1541 Decreti
579 1474 693 1561 titulo,
728 1474 873 1543 nomine
900 1475 1147 1565 religiosorum
1176 1479 1387 1546 decorantur.

311 1563 441 1633 Nescio
462 1585 506 1631 an
527 1564 674 1631 alterum
695 1563 862 1632 hactenus
888 1570 1088 1655 exemplum
1115 1567 1310 1635 habeamus
1336 1567 1386 1634 ubi

308 1654 343 1722 in
362 1668 591 1722 monumento
609 1651 646 1720 S.
667 1651 768 1721 Sedis
784 1671 862 1721 vota
878 1655 920 1721 ad
937 1654 1044 1722 vitam
1061 1656 1273 1745 religiosam,
1294 1657 1388 1723 etiam

308 1746 374 1814 late
406 1758 594 1825 sumptam,
627 1763 701 1809 non
732 1743 974 1831 praedicentur
1005 1746 1211 1813 essentialia.

353 1855 384 1901 2.
421 1831 519 1898 Finis
551 1831 637 1921 legis
668 1832 822 1918 pressius
852 1832 1058 1921 perspicitur
1091 1854 1130 1901 ex
1161 1833 1388 1902 incommodis

307 1923 437 2011 quibus
460 1920 586 1987 dicitur
610 1921 877 1988 occurrendum.
904 1922 978 2010 Age
1006 1943 1110 2009 porro
1138 1926 1273 1991 malum
1300 1922 1387 2011 prius

307 2010 530 2079 denuntiatur
552 2010 681 2077 nimiae
705 2009 931 2098 frequentiae.
958 2010 1051 2079 Cum
1075 2025 1193 2079 tamen
1215 2013 1298 2079 huic
1324 2012 1386 2079 iant

308 2104 406 2186 plura
426 2099 586 2187 opposita
603 2100 672 2165 sint
687 2098 853 2179 remedia,
880 2100 1028 2167 alterum
1052 2100 1190 2167 additur
1213 2102 1269 2168 cui
1294 2120 1386 2186 supe·

307 2192 413 2258 riores
429 2188 717 2277 praescriptiones
733 2186 892 2255 inefficax
908 2188 1103 2256 remedium
1120 2191 1310 2257 attulerunt
1327 2216 1335 2256 ε
1356 2188 1385 2254 id

306 2293 367 2358 est,
388 2278 596 2365 episcopalia
612 2278 775 2345 sodalicia
792 2298 893 2365 saepe
916 2278 953 2345 in
970 2299 1012 2345 eo
1024 2292 1113 2346 statu
1127 2280 1339 2346 collocantur
1353 2292 1386 2343 ut

306 2390 325 2436 a
350 2367 386 2436 S.
415 2365 504 2434 Sede
521 2365 706 2455 approbari
728 2382 916 2454 nequeant,
941 2366 1008 2434 nisi
1026 2368 1132 2435 nimis
1155 2369 1275 2436 multis
1297 2366 1386 2435 factis

306 2457 559 2525 mutationibus
575 2476 677 2543 quae,
702 2457 777 2522 sine
805 2457 1062 2544 perturbatione
1085 2459 1250 2546 quadam,
1277 2457 1384 2525 induci

305 2568 378 2614 non
400 2547 545 2635 possint.
565 2545 660 2612 Huic
672 2543 778 2633 igitur
794 2548 888 2613 malo
904 2546 1056 2635 pressius
1072 2567 1252 2633 occurrere
1269 2547 1386 2636 cogitat

308 2634 467 2703 Pontifex
485 2635 653 2723 praesenti
675 2654 740 2700 suo
760 2635 861 2701 Motu
883 2635 1038 2724 proprio.
1065 2636 1118 2703 Ad
1139 2657 1248 2725 quem
1271 2636 1383 2720 finem,

304 2747 340 2793 re
373 2729 452 2792 ver'a
475 2739 557 2791 sunt
583 2722 667 2789 dein
691 2726 952 2791 accommodata
975 2724 1122 2793 decreta.

350 2877 392 2944 B.
411 2877 467 2943 De
482 2875 594 2942 altero
609 2882 725 2962 porte.
1317 2917 1320 2921 ›

350 2965 446 3051 Huc,
480 2965 515 3031 in
548 2983 700 3047 summa,
733 2978 889 3052 spectant
919 2967 1092 3054 generalia
1117 2966 1239 3034 Motus
1263 2960 1383 3054 proprii

307 3055 464 3139 Decreta,
479 3075 552 3120 non
568 3068 607 3118 ut
623 3053 745 3122 tollant
761 3053 965 3122 dioecesana
985 3055 1159 3138 Instituta,
1176 3055 1237 3122 sed
1254 3066 1292 3120 ut
1302 3069 1384 3119 nova

302 3143 462 3211 licentiae
488 3142 698 3230 apostolicae
725 3140 885 3209 cautione
907 3142 1098 3231 impediant
1125 3165 1170 3210 ne
1197 3142 1302 3210 nimis
1325 3159 1383 3206 nu·
1448 3196 1449 3203 ,

303 3254 400 3300 mero
414 3243 566 3299 crescant
578 3230 728 3298 familiae
742 3231 1000 3315 ecclesiasticae,
1010 3254 1091 3300 curn
1104 3253 1194 3299 nova
1207 3231 1288 3299 finis
1299 3226 1382 3297 utili·
1448 3272 1449 3325 ἶ

304 3338 355 3390 tas
366 3342 440 3389 non
456 3321 606 3408 postulet
626 3319 831 3386 institutum
847 3341 993 3405 novum,
1011 3321 1118 3409 idque
1134 3321 1285 3388 efficiant
1300 3335 1336 3386 ut
1346 3336 1382 3383 eo
1448 3352 1449 3393 1

305 3411 413 3478 modo
429 3410 652 3476 instituantur
675 3429 747 3498 quo
763 3407 859 3476 facile
884 3408 965 3476 dein
989 3411 1122 3499 possint
1145 3409 1182 3477 in
1206 3426 1381 3498 congrega·

304 3501 437 3568 tionem
454 3496 622 3586 pontificii
645 3498 730 3564 iuris
746 3499 913 3566 converti.

351 3590 427 3657 Iam
445 3587 602 3676 singulos
618 3587 737 3676 paucis
752 3586 867 3654 verbis
883 3586 1140 3675 perpendamus
1155 3587 1330 3656 articulos.

353 3701 382 3745 1.
396 3676 572 3745 Articulus
589 3675 664 3761 iste,
682 3679 715 3760 a)
734 3674 914 3743 Generalis
931 3690 982 3743 est
1001 3703 1008 3742 :
1024 3676 1068 3742 de
1085 3676 1184 3743 omni
1203 3665 1379 3744 Ordinatio

303 3767 384 3852 loci,
418 3766 489 3834 sive
519 3763 713 3852 Episcopus
740 3764 857 3850 fuerit,
886 3766 957 3832 sive
987 3766 1106 3833 Abbas
1136 3765 1294 3852 Nullius,
1321 3764 1378 3831 sive
1447 3836 1448 3849 ἶ

303 3855 463 3924 Vicarius
479 3854 716 3942 apostolicus;
747 3869 780 3920 et
796 3854 838 3920 de
860 3854 958 3921 omni
982 3854 1148 3921 instituto
1171 3854 1269 3943 quod
1292 3866 1377 3920 notas

303 3946 409 4013 habet
433 3965 537 4033 supra
559 3943 759 4031 descriptas.
783 3943 872 4012 Vota
896 3964 968 4010 non
991 3957 1073 4010 sunt
1100 3944 1304 4028 necessaria,
1327 3937 1375 4008 sed

304 4034 491 4123 requiritur
523 4048 561 4099 ut
591 4053 676 4099 voce
707 4034 839 4121 vulgari
872 4033 1017 4100 nomine
1052 4032 1206 4121 religiosi
1243 4030 1376 4100 instituti

304 4123 476 4212 designari
490 4121 610 4211 possit.
624 4122 678 4189 Ad
696 4121 864 4206 hocopus
881 4135 931 4188 est
941 4122 1010 4189 vita
1026 4120 1207 4189 communi
1225 4134 1258 4188 et
1273 4117 1375 4188 studio

303 4211 534 4302 perfectionis.
565 4209 706 4280 Utilitas
722 4212 883 4298 proximi,
902 4211 998 4299 quod
1013 4213 1153 4277 tertium
1171 4210 1298 4278 dixeris
1312 4224 1374 4274 esse
1445 4256 1446 4259 ,

304 4301 522 4391 requisitum,
556 4300 658 4368 nobis
681 4300 817 4368 videtur
837 4304 921 4390 poni
949 4300 1066 4389 potius
1096 4313 1277 4389 tamquam
1304 4307 1373 4364 nota
