2959 4900
701 348 704 355 .
756 322 937 361 anonumum

420 479 490 564 81.
512 530 554 541 -
574 491 608 563 S.
631 490 665 561 0.
688 491 842 561 ltluutt.
866 492 918 561 ΕΤ
940 492 1000 564 SS.
1024 493 1286 565 attitulantur

405 676 664 735 RESCRIPTUM
680 677 739 731 EX
754 677 979 733 AUDIHNTIA
998 678 1059 747 ssi,
1078 680 1217 735 281UN.
1238 680 1316 735 1905

311 842 530 914 mspeasaas
557 839 698 897 Puellae
724 854 747 897 a
774 842 926 899 caritate
955 856 978 899 a
1003 842 1085 915 lege
1115 844 1307 902 &stantiae
1330 856 1382 914 pro

584 936 816 1009 Indulgentla
834 937 1129 1013 dePortianonla

220 1156 227 1170 ,
346 1106 527 1181 Augustinus
549 1106 716 1176 Veneziani,
744 1108 945 1165 procuratoris
964 1110 1112 1166 Generalis
1131 1126 1255 1165 munere
1277 1109 1383 1180 fungens

311 1179 342 1234 in
355 1178 588 1259 Congregatione
611 1178 770 1249 Missionis,
794 1180 831 1235 ad
845 1181 932 1254 pedes
951 1181 981 1237 S.
997 1182 1032 1237 V.
1055 1180 1206 1238 humiliter
1219 1180 1382 1255 provolutus,

311 1250 524 1378 exponitquod
536 1250 668 1323 sequitur
683 1270 689 1305 :

232 1332 236 1341 '
374 1339 410 1378 eo

97 1385 113 1443 l
222 1397 225 1401 ’
310 1392 492 1449 visitantibus
513 1392 647 1449 ecclesias
673 1408 724 1447 seu
751 1393 878 1449 oratoria
899 1394 1012 1450 adnexa

464 1322 474 1375 l
480 1322 506 1375 ll
530 1338 571 1380 sa.
595 1337 665 1387 me,
687 1337 739 1393 per
762 1322 853 1379 Breve
873 1324 907 1379 26
929 1322 1004 1379 iunii
1026 1324 1103 1449 1303,
1127 1322 1251 1379 indulsit
1268 1313 1385 1377 fidelibus

1053 1394 1170 1451 omibus
1193 1393 1357 1449 Puellarum
1373 1408 1386 1446 a
1442 1428 1443 1467 ,

137 1505 141 1513 -
205 1482 212 1498 ¹
310 1464 428 1521 caritate
450 1465 480 1523 S.
500 1462 647 1521 Vincentii
673 1464 804 1519 aPaulo
824 1465 933 1538 ubique
955 1477 1100 1521 terrarum
1121 1464 1332 1533 exsistentibus,
1352 1462 1386 1517 die
1442 1472 1443 1481 ¹

152 1596 160 1610 ,
312 1555 328 1591 2
351 1535 476 1608 augusti,
498 1554 516 1591 a
533 1534 636 1608 primis
655 1536 790 1607 Vesperis
811 1537 849 1591 ad
870 1553 1007 1593 occasum
1026 1536 1105 1605 solis,
1130 1536 1342 1609 indulgentiam
1360 1533 1387 1586 de
1442 1554 1443 1561 ¹

208 1615 212 1621 ’
313 1606 504 1663 Portiuncula
515 1618 727 1687 nuncupatam,
740 1607 902 1664 dummodo
915 1608 945 1663 in
959 1609 1118 1688 respectivo
1131 1608 1198 1664 looo
1208 1606 1292 1663 nulla
1301 1616 1384 1671 exstet,

312 1678 358 1734 vel
378 1678 459 1805 liiiili
477 1695 619 1805 passuum
639 1678 792 1734 intervallo
811 1678 906 1749 distet,
931 1680 1119 1736 Francrscalis
1139 1678 1261 1735 Ordinis
1280 1690 1328 1734 aut
1344 1675 1387 1731 alia

312 1766 409 1823 quaer
430 1767 446 1805 e

475 1821 481 1831 ι
506 1750 610 1806 eclesia
622 1748 669 1805 vel
683 1750 835 1821 publicum
849 1749 1019 1807 Oratorium
1042 1751 1089 1807 cui
1104 1751 1206 1807 eadem
1221 1746 1387 1821 indulgentia

311 1838 448 1877 concessa
459 1832 505 1879 sit.

167 1903 172 1911 ·
228 1904 258 1940 ·-
347 1893 424 1947 Cum
437 1904 534 1948 autem
555 1891 701 1964 praefatae
715 1892 846 1957 Sorores,
870 1892 987 1949 Puellae
1002 1885 1196 1963 nuncu'ataq
1217 1892 1257 1947 ab
1269 1889 1389 1969 operibus

311 1962 437 2020 caritatis
458 1964 566 2044 quibus
579 1963 753 2043 plerumque
768 1976 836 2018 sunt
858 1963 998 2033 addictae,
1019 1910 1215 2036 impetiiantur
1244 1974 1387 2034 quominus

210 2049 217 2061 ‘
311 2034 423 2105 possint
440 2051 519 2090 extre
530 2034 567 2089 ad
579 2034 737 2090 visitandas
751 2028 886 2090 ecclesias
899 2033 1050 2109 privilegio
1068 2033 1278 2092 Portiunculae
1290 2033 1385 2096 ditatas,

311 2118 340 2161 et
352 2106 456 2179 eodem
474 2105 659 2161 detineantur
679 2104 889 2177 impedimento
903 2122 1045 2179 personae
1067 2124 1136 2163 cum
1150 2106 1257 2161 iisdem
1278 2117 1387 2161 commo

310 2188 407 2233 rantes
429 2177 488 2233 sive
500 2175 678 2245 auxiliariae,
701 2176 761 2231 sive
773 2177 1000 2233 valetudinariae
1018 2179 1133 2251 puellae
1145 2178 1215 2232 item
1237 2177 1315 2250 apud
1327 2174 1387 2247 ipsas

312 2249 456 2319 degentes,
479 2247 525 2303 vel
544 2248 582 2301 ad
600 2265 701 2304 earum
720 2248 826 2303 domus
845 2248 1022 2305 accedentes.
1034 2247 1236 2305 instructionis
1255 2260 1284 2304 et
1301 2246 1387 2302 educa-

310 2317 397 2374 tionis
418 2336 515 2387 causa,
540 2319 648 2375 Orator
670 2318 827 2389 benignam
848 2336 903 2391 pro
924 2320 1056 2377 indicatis
1078 2320 1210 2395 personis
1235 2337 1254 2375 a
1277 2315 1387 2393 praefata

199 2392 202 2397 '
311 2389 441 2445 clausula
452 2390 699 2464 dispensationem
712 2408 728 2445 a
741 2390 772 2448 S.
787 2390 822 2445 V.
837 2390 985 2465 implorat.

347 2463 385 2516 Et
400 2463 487 2530 Deus,
504 2472 558 2518 etc.
638 2492 640 2503 =

226 2581 236 2592 .
346 2533 437 2588 5va
452 2533 597 2589 Dominus
611 2534 718 2590 Noster
731 2533 800 2606 Pius
816 2535 869 2606 Pp.
884 2535 920 2602 X,
935 2534 982 2590 die
995 2535 1029 2590 28
1038 2534 1111 2590 iunii
1128 2533 1195 2608 1905
1207 2532 1241 2587 in
1254 2528 1387 2588 audientia

213 2640 223 2658 .
310 2602 409 2659 habita
421 2604 458 2659 ab
471 2603 654 2685 infrascripto
668 2604 755 2661 Card.
772 2604 921 2661 Praefecto
941 2607 971 2660 S.
986 2606 1019 2660 C.
1036 2604 1228 2687 Indulgentiis
1249 2603 1387 2673 Sacrisque

126 2961 186 3008 Dies
197 2960 238 3021 (28

98 3019 239 3078 iun.1905).
288 3043 293 3050 ·

313 2674 452 2746 Reliquiis
462 2687 652 2749 praeposttae,
667 2675 792 2748 benigne
805 2677 908 2732 annuit
919 2693 974 2802 pro
988 2677 1081 2749 gratia
1090 2688 1170 2732 iuxta
1184 2691 1295 2749 preces,
1310 2689 1389 2730 serva·

301 2745 347 2801 tis
371 2745 402 2800 in
425 2746 527 2802 ceteris
550 2747 638 2802 etiam
659 2749 757 2820 quoad
780 2759 896 2820 tempus
930 2765 1013 2803 orma
1037 2760 1065 2804 et
1093 2760 1195 2805 tenore
1223 2746 1388 2823 Litterarum

303 2817 545 2890 nApostolicarum
568 2817 599 2873 in
625 2817 719 2873 forma
740 2819 840 2875 Brevis
864 2832 1214 2893 supramemoratarum.
1241 2815 1391 2874 Contrariis

310 2887 545 2961 quibuscumque
557 2905 619 2944 non
631 2890 824 2949 obstantibus.
1304 2935 1307 2942 .

346 2961 454 3015 Datum
469 2963 590 3029 Romae,
604 2978 639 3016 ex
650 2961 810 3017 Secretaria
819 2960 950 3017 eiusdem
963 2961 1122 3034 &congus
1134 2960 1182 3016 die
1192 2960 1225 3015 28
1236 2959 1311 3016 iunii
1323 2955 1388 3032 1905.

817 3034 853 3090 A.
869 3033 954 3088 Card.
970 3034 1103 3102 Tarrarr,
1116 3031 1221 3096 Praes.

665 3147 667 3153 .
682 3103 746 3157 Pro
757 3103 868 3162 Secret.
884 3102 942 3163 Ios,
958 3109 1003 3163 M.
1017 3103 1092 3160 Can.
1107 3102 1228 3163 Coselli.
1244 3101 1361 3159 Substit.

193 3412 196 3421 ’
236 3391 242 3396 ’
333 3399 403 3507 82.
423 3452 464 3461 -
485 3413 519 3503 s
543 3413 689 3484 rtruuu
712 3414 1052 3506 concarnationis
1078 3415 1144 3500 (aa
1169 3414 1245 3484 tuna
1269 3413 1369 3495 raus)

125 4028 224 4077 Orator.

458 3597 699 3652 RESPONSUM
717 3599 727 3632 ¹
745 3598 800 3652 DE
816 3598 919 3653 Loco
938 3597 1013 3654 OUO
1033 3598 1245 3655 TERTIARII

428 3685 474 3740 IN
497 3687 838 3742 PROGRSSIONIBUS
867 3688 1076 3744 INGRDRRR
1105 3686 1286 3742 POSSUNT

401 3847 483 3905 ord.
522 3847 789 3906 carmelitarum
827 3851 1005 3923 Antiquae
1042 3849 1304 3908 Observantlae

345 4013 379 4067 R.
397 4014 429 4067 P.
446 4013 465 4066 S
487 4012 594 4072 iridion
608 4012 734 4083 Cimino,
753 4013 837 4070 Prior
849 4015 1018 4071 Conventus
1039 4015 1157 4072 Ordinis
1172 4014 1385 4071 Carmelitarum

308 4083 455 4156 Antiquae
464 4030 680 4155 ssbsemantiae,
695 4085 730 4140 de
739 4103 885 4142 consensu
895 4086 940 4142 sui
956 4086 1009 4142 Rmi
1021 4085 1223 4143 Procuratoris
1236 4081 1383 4147 Generalis,

340 4279 348 4312 1
362 4281 440 4326 Aera
450 4279 478 4327 S.
490 4279 579 4336 Senis,
590 4285 610 4327 t.
623 4286 660 4336 38,
671 4293 698 4339 p.
710 4296 748 4336 4¹·
