2959 4900
89 329 153 411 [71.
165 327 218 411 72]
240 350 423 388 sursuaoruu
439 348 616 386 stuentcrruu
632 349 768 385 vaorrsst.
784 347 1034 386 momorantur.
1119 323 1178 386 ll'l

127 504 156 556 4.
175 471 333 541 Habentne
348 485 468 540 eaedem
485 483 630 540 moniales
655 482 825 556 simpliciter
838 483 985 557 professae
1009 480 1181 554 suffragium

90 556 124 611 in
137 556 381 630 quibuscumque
391 554 659 611 abalienationibus
673 565 802 628 exparte
814 553 1003 611 monasteriii

129 641 156 697 5.
189 640 348 696 Habentne
372 640 493 697 eaedem
525 639 670 696 moniales
702 639 872 712 simpliciter
900 639 1049 714 professae
1078 653 1181 695 vocem

90 711 220 768 activam
235 711 286 782 (ita
298 724 331 766 ut
344 712 460 783 possint
471 711 577 784 eligere
599 727 659 766 non
674 723 774 768 autem
787 710 867 784 eligi)
880 710 910 766 in
931 710 1074 768 electione
1086 709 1182 766 Abba·

91 783 183 839 tissae
195 783 227 839 in
239 781 301 839 dies
313 783 407 839 vitae‘i

133 867 225 922 Sacra
238 865 303 921 Con
340 865 436 938 egatio
459 867 583 922 Emm
597 881 631 921 ac
648 867 806 922 Rev.morum
826 866 856 923 S.
875 867 910 921 R.
926 867 960 921 E.
981 863 1183 921 Cardinalium

96 937 237 1009 Negotiis
260 948 290 993 et
327 936 575 994 onsultationibus
596 937 811 1010 Episcoporum
832 947 860 993 et
889 935 1079 1018 Regularium
1101 951 1183 1014 prae·

1257 503 1281 534 2.
1292 485 1325 534 In
1335 486 1393 534 ulie·

1234 545 1374 592 notionibus

1234 601 1355 650 bonorum

1262 679 1286 720 3.
1298 673 1331 720 In
1340 673 1393 720 auc-

1236 729 1299 778 tione
1319 735 1380 790 erpu-

1236 791 1276 835 fua
1324 789 1366 836 ba-

1235 847 1313 894 tisias.

94 1009 204 1084 posita,
220 1008 370 1081 perpensis
390 1008 536 1076 omnibus,
551 1008 789 1089 respondendum
807 1025 869 1065 esse
891 1020 1004 1064 censuit
1019 1018 1108 1080 prout
1126 1022 1183 1062 res·
1272 1059 1275 1064 .

97 1081 211 1153 ponder
223 1099 230 1135 ε
246 1100 263 1133 «
274 1081 300 1134 A
299 1079 468 1156 ffirmatiue
480 1079 510 1134 in
523 1080 663 1135 omnibus
674 1101 701 1134 ».

131 1163 257 1231 Romae,
273 1162 319 1219 die
330 1179 365 1218 20
378 1161 515 1218 februarii
533 1163 611 1235 1905.

595 1247 630 1302 D.
653 1245 741 1301 Card.
757 1245 907 1316 Faustini,
922 1245 1112 1310 Praefectus.

613 1328 773 1403 Philippus
794 1329 936 1398 Giustini,
950 1328 1147 1406 Secretarius.

551 1449 727 1504 Auuorsrio

132 1556 212 1611 Cum
229 1557 259 1611 in
274 1555 344 1629 ipsis
360 1556 489 1612 Decretis
502 1556 736 1613 Sanctissimus1
762 1575 792 1612 12
810 1557 872 1613 iun.
891 1557 967 1626 1858,
988 1573 1048 1629 quo
1063 1557 1106 1614 vis
1119 1557 1186 1613 sim·

92 1625 184 1700 plicis
198 1626 387 1700 professionis
401 1627 565 1682 declaratur
578 1640 607 1682 et
618 1628 804 1709 Perpensis2
823 1629 853 1685 18
873 1628 925 1690 iul.
944 1644 1023 1702 1902,
1040 1645 1099 1701 quo
1119 1628 1186 1685 sim-

92 1699 167 1772 plex
179 1698 321 1771 professio
337 1715 353 1753 a
374 1699 416 1754 ud
429 1698 574 1754 Moniales
587 1698 744 1767 inducitur,
760 1712 880 1758 cautum
893 1699 930 1756 sit
949 1712 982 1755 ut
995 1700 1026 1755 in
1048 1697 1186 1772 suffragio

96 1769 256 1842 capitulari
276 1717 399 1842 simpfex
420 1768 564 1842 professio
588 1782 616 1825 et
637 1770 791 1826 sollemnis
809 1772 1056 1844 aequiparentur3
1081 1770 1186 1827 necin

93 1858 154 1914 pro
176 1841 258 1897 osiris
270 1842 385 1897 casibus
404 1841 543 1897 exsistant
555 1857 623 1896 exce
644 1841 733 1897 tionis
748 1842 876 1898 rationes
896 1844 935 1899 ob
950 1860 1024 1915 quas
1047 1841 1153 1898 deinde
1164 1841 1185 1910 ³,

92 1931 111 1985 7
127 1858 203 1969 fessr.
218 1913 284 1968 1862
297 1925 325 1968 et
338 1917 370 1968 ιῠ
382 1912 441 1967 ian.
461 1913 524 1985 1891
540 1858 680 1985 prohiiiti
692 1924 761 1968 sunt
773 1912 941 1986 simpliciter
952 1913 1073 1989 professi
1086 1911 1187 1969 suffra·

117 1983 182 2038 'um
203 1984 278 2039 ferre
292 1983 324 2038 in
339 1982 515 2039 admissione
533 1983 570 2038 ad
593 1982 766 2039 sollemnem
788 1984 999 2058 professionem
1017 1984 1062 2042 vel
1076 1985 1114 2042 eli
1134 1985 1187 2041 iin

116 2053 281 2128 uperiores,
302 2055 339 2112 de
351 2071 494 2128 responso
509 2054 798 2128 S.'Congregationis
812 2073 874 2112 non
887 2068 948 2112 erat
967 2055 1102 2128 ambigen
1124 2074 1186 2112 um.

94 2125 175 2182 Satis
196 2138 257 2182 erat
278 2125 350 2208 baec
371 2125 558 2183 meminisse:
583 2125 729 2201 Exceptio
743 2125 854 2202 firmat
874 2125 1013 2202 regulam
1028 2127 1059 2182 in
1072 2128 1188 2185 casibus

94 2214 155 2253 non
170 2209 314 2272 exceptis.

381 2495 919 2582 woemuummr

426 2694 563 2749 BREVE
581 2694 618 2749 17
636 2695 762 2750 MART.
781 2695 864 2749 1905

156 2852 401 2925 Indulgentiis
419 2856 753 2999 fovenspmigffies
770 2857 934 2914 Fratrum
953 2857 1130 2914 Minorum

567 2956 592 2996 n
706 2956 727 2997 a

133 3091 183 3146 Ad
195 3096 363 3173 augendam
381 3096 514 3154 fidelium
536 3098 567 3153 in
586 3098 733 3154 audiendo
758 3098 811 3154 Dei
824 3098 914 3156 verbo
931 3098 1072 3180 pietatem
1091 3114 1125 3153 ac
1138 3096 1192 3153 fre-

101 3174 255 3244 queuttam
269 3167 395 3239 benigne
408 3182 572 3226 annuentes
585 3170 719 3243 precibus
741 3169 847 3226 oblatis
860 3170 953 3226 Nobis
967 3186 984 3225 a
996 3169 1102 3225 dilecto
1118 3167 1192 3224 Filio

102 3231 248 3315 hodierno
279 3239 467 3296 Moderatore
495 3243 630 3297 Fratrum
662 3241 816 3296 Minorum
847 3240 988 3313 regularis
1023 3239 1193 3297 Provinciae

103 3303 255 3376 Franmae,
279 3309 316 3365 de
329 3310 547 3385 Omnipotentis
562 3312 615 3368 Dei
628 3312 829 3368 misericordia
840 3329 874 3368 ac
888 3314 948 3369 BB.
973 3312 1050 3367 Petri
1065 3323 1092 3367 et
1109 3310 1193 3367 Pauli

102 3374 316 3455 Apostolorum
328 3380 390 3437 eius
402 3384 574 3440 auctoritate
588 3382 701 3453 confisi,
716 3383 853 3439 omnibus
865 3394 894 3440 et
907 3382 1029 3455 singulis
1043 3382 1150 3438 Christi
1160 3380 1193 3438 fi·

104 3445 219 3505 delibus
237 3451 393 3525 utriusque
407 3471 493 3511 sexus
503 3472 571 3512 vere
584 3454 799 3527 paenitentibus
813 3470 840 3510 et
854 3454 1002 3523 confessis,
1018 3471 1052 3510 ac
1064 3456 1094 3509 S.
1109 3454 1194 3509 Corn-

103 3519 248 3576 munione
277 3522 401 3594 refectis,
432 3526 482 3598 qui
521 3526 708 3583 contionibus
745 3525 999 3652 Quadrupesimae,
1033 3528 1192 3592 Adventus,

104 3587 285 3670 Missionum
306 3611 340 3651 ac
352 3596 548 3678 spiritualium
566 3597 808 3654 exercitationum
829 3616 846 3653 a

104 3676 197 3742 ipsuis
218 3678 348 3722 nuncet
365 3685 397 3723 in
417 3680 568 3740 posterum
591 3669 627 3726 de
650 3669 778 3742 legitima
805 3668 921 3724 licentia
933 3668 1095 3735 habendis,
1118 3669 1194 3724 ultra

105 3734 263 3817 dimidium
270 3740 412 3820 temporis
420 3757 480 3812 quo
487 3740 644 3813 respective
654 3741 883 3813 perduraverint,
890 3740 993 3797 saltem
1000 3740 1193 3806 interfuerint,

104 3815 133 3858 et
144 3804 343 3884 benedrctionr
355 3828 424 3866 cum
438 3811 531 3867 Cruce
550 3812 581 3866 in
592 3823 739 3885 postrema
752 3812 890 3868 contione
903 3812 957 3867 rite
969 3810 1124 3884 respective
1138 3826 1194 3866 ser-

104 3886 181 3931 vatis
192 3881 341 3937 servandis
365 3900 383 3937 a
395 3882 478 3939 dictis'
493 3883 641 3939 Fratribus
663 3882 872 3956 impertiendae
892 3883 1014 3950 aderint,
1030 3882 1194 3955 pariterque

106 4025 253 4033 *-

137 4104 147 4138 1
164 4104 340 4165 Deliefigiosis
351 4102 784 4165 11,Mouumentau8upp²cuenta2,
797 4116 823 4150 n.
836 4100 882 4155 61,
895 4117 922 4162 p.
935 4110 985 4151 355.

136 4176 148 4212 2
164 4171 282 4232 Ibidem,
293 4188 322 4222 n.
335 4171 383 4238 64,
396 4188 424 4235 p.
438 4181 489 4223 360.

138 4244 150 4279 ³
166 4240 319 4302 Ibidem.
337 4242 386 4307 63.
398 4247 423 4293 A
433 4249 461 4293 et
471 4246 505 4301 Β,
523 4258 552 4305 p.
565 4249 616 4301 357,
629 4250 681 4292 358.
694 4243 772 4292 idem
789 4243 945 4293 decernitur
961 4245 995 4293 de
1016 4241 1193 4301 Monialibus.

111 4310 225 4358 decreto
234 4312 369 4373 Perpensis.
379 4309 497 4369 Ibidem,
509 4324 536 4359 n.
549 4307 596 4374 64,
608 4324 635 4370 p.
649 4318 699 4359 360.

884 3597 1010 3653 ratribus
1029 3596 1206 3678 provinciae

1264 1146 1323 1194 Dies
1334 1147 1374 1204 (ao

1232 1203 1295 1265 ffb?-
1306 1205 1384 1264 19⁰5)-
