2959 4900
89 300 174 386 [120]
242 322 453 359 runouounrrau
468 323 596 359 coaonae
612 324 720 359 sarran
736 322 906 359 onunronou
921 322 947 357 a.
964 321 990 358 v.
1008 324 1039 358 rr.
1117 300 1177 364 109

88 455 224 512 fidelibus
238 456 389 513 communi
403 473 464 513 esse
478 471 667 527 exornatam·;
694 458 786 531 probe
801 467 900 513 autem
919 473 1040 513 noscens
1054 457 1178 513 eandem

88 527 272 584 Gaudiorum
294 528 442 584 Coronam
465 528 580 601 publice
607 529 638 583 in
653 528 782 586 ecclesiis
802 527 955 601 ipsiusmet
973 527 1091 584 Ordinis
1110 543 1179 584 cum

87 598 215 655 aliorum
229 598 362 655 fidelium
376 600 539 657 interventu
552 600 676 667 recitari,
695 602 758 656 Nos
771 598 863 655 enixis
878 598 1013 671 precibus
1027 597 1177 671 flagitavit,

86 683 120 726 ut
132 669 203 725 huic
225 670 342 740 Septem
356 670 539 727 Gaudiorum
559 671 687 743 Virginis
703 672 848 741 Coronae,
862 670 959 740 prouti
982 670 1041 726 iam
1063 686 1179 726 conces·

87 758 154 796 sum
176 740 231 796 fuit
252 742 386 797 Coronae
410 743 528 816 Septem
552 742 679 814 Virginis
702 743 833 799 eiusdem
859 742 1011 807 Boiorum,
1034 740 1179 867 plenarias

86 810 248 868 nonnullas
270 829 304 868 ac
324 812 459 885 partiales
480 813 677 886 indulgentias
695 813 741 869 vel
759 813 804 872 ab,
819 812 957 869 omnibus
975 811 1033 868 fide
1045 813 1111 868 ibus
1125 812 1180 867 rite

85 883 243 939 lucrandas
255 883 415 956 adiungere
429 883 465 939 de
479 884 645 956 Apostolica
661 886 768 941 Nostra
786 883 967 956 benignitate
979 884 1177 956 dignaremur.

124 956 189 1010 Nos
201 965 308 1024 autem,
320 955 427 1027 quibus
439 955 512 1010 nihil
522 956 672 1029 antiquius
683 969 726 1012 est
738 971 835 1027 neque
847 955 940 1027 magis
952 966 1078 1027 gratum,
1089 970 1179 1026 quam

86 1034 120 1081 ut
132 1041 186 1098 per
198 1025 369 1082 universum
383 1026 486 1082 orbem
498 1025 630 1083 fidelium
648 1026 739 1100 pietas
753 1043 821 1099 erga
834 1026 986 1098 Virginem
1007 1025 1179 1081 Immacula-

84 1107 148 1152 tam
162 1095 249 1151 latius
262 1108 447 1169 propagetur,
462 1112 490 1167 et
503 1098 601 1153 divina
615 1099 710 1155 Mater
724 1099 755 1153 in
769 1096 883 1154 Gaudio
903 1114 964 1153 non
978 1098 1076 1152 minus
1088 1114 1179 1169 quam

85 1168 117 1222 in
135 1167 242 1223 Dolore
254 1167 441 1230 admirabilis,
481 1171 524 1224 ari
537 1186 554 1225 a
568 1169 725 1226 christiano
738 1169 850 1243 populo
870 1168 1013 1225 recolatur
1027 1169 1098 1225 obse
1119 1168 1178 1235 uio,

85 1238 165 1295 votis
180 1238 259 1294 hisce
271 1238 326 1311 piis
343 1239 422 1295 ultro
435 1185 617 1312 ligenterque
636 1243 827 1296 annuendum
846 1239 1083 1295 existimavimus.
1097 1186 1181 1307 Ouae

86 1326 158 1366 cum
180 1309 221 1365 ita
240 1309 307 1379 sint,
333 1311 369 1366 de
392 1310 611 1385 Omnipotentis
635 1312 687 1368 Dei
702 1311 901 1367 misericordia
919 1328 953 1366 ac
972 1312 1034 1369 BB.
1056 1310 1134 1366 Petri
1153 1321 1181 1366 et

88 1380 175 1437 Pauli
199 1380 411 1454 Apostolorum
430 1382 493 1438 eius
516 1382 689 1439 auctoritate
712 1381 827 1446 confisi,
851 1382 987 1438 omnibus
1010 1393 1039 1438 et
1060 1380 1181 1453 singulis

86 1450 227 1508 fidelibus
239 1469 274 1508 ex
286 1464 353 1508 utro
375 1470 412 1507 ue
425 1470 504 1523 sexu,
520 1455 571 1579 gui
588 1454 720 1526 publicae
740 1453 903 1509 recitationi
917 1454 1051 1509 Coronae
1064 1453 1181 1526 Septem

87 1522 274 1579 Gaudiorum
295 1525 327 1579 B.
380 1524 442 1583 .V.
464 1542 522 1598 apu
564 1526 698 1582 ecclesias
717 1526 768 1581 ubi
791 1541 829 1581 ue
848 1536 993 1581 terrarum
1013 1524 1182 1580 exsistentes

85 1594 181 1650 trium
207 1594 355 1650 Ordinum
378 1595 528 1669 Seraphici
556 1596 650 1652 Patris
677 1543 839 1667 habendae,
868 1594 1039 1662 adstiterint,
1066 1596 1183 1650 easdem

85 1666 248 1722 tribuimus
269 1665 465 1739 indulgentias
479 1684 553 1740 quas
576 1669 690 1724 Fratres
715 1681 744 1725 et
763 1669 884 1723 Sorores
899 1667 1029 1722 eiusdem
1052 1665 1180 1734 Ordinis,

107 1738 270 1793 uibuscum
280 1750 348 1793 sunt
361 1740 392 1792 in
406 1737 576 1793 recitatione
589 1739 699 1809 sociati,
711 1749 927 1813 promerentur.
944 1739 1065 1809 lnsuper
1077 1736 1183 1792 iisdem

86 1756 228 1864 fidelibus
242 1808 439 1863 admissorum
459 1808 640 1867 confessione
652 1810 707 1866 rite
729 1809 850 1892 expiatis
864 1820 893 1865 et
911 1808 1094 1882 Angelorum
1108 1824 1184 1879 pane

85 1879 215 1947 refectis,
239 1879 290 1950 qui
312 1880 462 1935 Coronam
483 1881 607 1936 eandem
629 1892 789 1948 quotannis
810 1893 876 1935 tum
898 1879 976 1935 festis
997 1878 1140 1951 cuiusque
1167 1895 1183 1934 e

86 1952 213 2024 Septem
229 1950 360 2016 Gaudiis‚
375 1968 442 2006 cum
456 1951 620 2024 potioribus
634 1954 668 2008 B.
686 1954 727 2007 M.
743 1954 779 2010 V.
795 1950 1006 2019 festivitatibus,
1019 1949 1065 2005 vel
1079 1949 1184 2021 quovis

86 2022 134 2077 die
156 2022 237 2076 intra
257 2022 408 2095 respectivi
430 2021 494 2078 festi
516 2023 679 2091 octiduum,
704 2024 740 2079 ad
761 2023 904 2095 cuiusque
928 2037 1032 2078 eorum
1056 2021 1183 2076 lubitum

86 2093 238 2172 eligendo,
254 2093 301 2163 pie
322 2093 452 2161 recitent,
475 2110 536 2175 quo
549 2110 584 2149 ex
605 2094 640 2151 iis
655 2094 701 2150 die
719 2096 750 2149 id
768 2105 865 2166 agant,
890 2092 1071 2163 plenariam;
1087 2103 1116 2148 et
1131 2091 1182 2171 iis,

86 2182 139 2239 qur
155 2164 282 2235 singulis
295 2164 364 2219 anni
378 2164 504 2220 sabbatis
517 2164 667 2221 Coronam
688 2167 813 2222 eandem
835 2164 956 2221 recitare
967 2175 1183 2231 consueverint,

85 2253 150 2291 uno
174 2236 318 2308 cuiusque
331 2236 440 2291 mensis
459 2235 515 2305 die,
530 2237 567 2291 ad
585 2236 713 2293 lubitum
732 2236 840 2310 pariter
861 2235 1006 2308 eligendo,
1021 2234 1185 2289 dummodo

86 2323 157 2363 vere
174 2317 208 2360 ut
218 2323 307 2379 supra
320 2306 500 2377 paenitentes
512 2318 541 2363 et
551 2307 677 2365 confessi
689 2308 726 2363 ad
740 2308 770 2367 S.
783 2308 923 2380 Synaxim
936 2308 1085 2375 accedant,
1097 2304 1185 2362 etiam

86 2377 273 2452 plenariam3
288 2377 406 2433 tandem
420 2377 456 2434 iis
476 2378 527 2452 qui
539 2390 733 2435 memoratam
756 2380 906 2435 Coronam
924 2377 1077 2447 retineant,
1092 2376 1186 2431 illam·

87 2467 147 2524 que
175 2448 344 2523 frequenter
365 2449 396 2506 in
418 2450 476 2506 vita
496 2452 703 2523 percurrerint,
727 2449 758 2506 in
783 2449 939 2507 cuiuslibet
963 2466 1066 2506 eorum
1084 2446 1186 2504 mortis

87 2519 226 2589 articulo,
247 2521 271 2576 si
289 2537 357 2577 vere
377 2521 557 2593 paenitentes
570 2535 598 2578 et
613 2522 738 2579 confessi
759 2539 793 2578 ac
806 2522 836 2579 S.
851 2521 1061 2578 communione
1075 2519 1185 2589 refecti,

86 2592 132 2649 vel
149 2604 299 2666 quatenus
313 2591 344 2646 id
355 2591 449 2648 facere
463 2593 659 2666 nequiverint,
673 2594 777 2650 saltem
789 2593 908 2650 contriti
920 2609 1031 2648 nomen
1045 2593 1111 2647 lesu
1123 2607 1185 2659 ore,

88 2665 110 2720 si
123 2662 289 2736 potuerint,
307 2662 352 2718 sin
365 2663 464 2718 minus
479 2665 567 2720 corde
582 2664 685 2721 devote
708 2664 918 2730 invocaverint,
933 2676 962 2719 et
974 2675 1099 2718 mortem
1111 2674 1186 2717 tam-

88 2751 185 2807 quam
198 2733 309 2807 peccati
329 2733 508 2808 stipendium
520 2736 556 2791 de
569 2753 661 2791 manu
682 2736 802 2791 Domini
817 2735 938 2809 patienti
957 2733 1058 2789 animo
1070 2749 1187 2806 accepe-

88 2808 160 2875 rint,
177 2805 310 2861 similiter
319 2805 482 2876 plenariam
492 2805 629 2862 omnium
641 2818 829 2879 peccatorum
841 2823 963 2862 suorum
973 2804 1187 2876 indulgentiam

88 2889 117 2934 et
131 2876 340 2934 remissionem
360 2877 585 2933 misericorditer
610 2878 640 2933 in
658 2878 786 2933 Domino
808 2877 1008 2934 concedimus
1035 2877 1186 2931 Praeterea

89 2948 160 3021 ipsis
185 2945 321 3003 fidelibus
344 2964 378 3004 ex
393 2959 520 3019 utroque
542 2965 622 3018 sexu,
636 2949 748 3021 ubique
769 2959 915 3005 tetrarum
937 2946 1119 3019 degentibus,
1136 2946 1187 3020 qui

90 3017 220 3076 contrito
232 3019 335 3075 saltem
347 3018 444 3088 corde,
459 3019 524 3075 aliis
538 3037 590 3093 per
604 3035 716 3075 annum
732 3021 765 3076 Β.
782 3021 825 3080 M.
841 3019 971 3089 V.,festis
984 3017 1086 3073 diebus
1099 3017 1187 3092 Coro·

89 3107 162 3146 nam
186 3097 310 3146 eandem
332 3089 463 3155 recitant,
489 3091 526 3147 de
556 3107 682 3147 numero
704 3091 876 3163 poenalium
897 3089 1011 3144 dierum
1037 3089 1068 3143 in
1092 3088 1188 3145 forma

92 3160 242 3218 Ecclesiae
268 3160 352 3217 solita
377 3172 521 3218 trecentos
541 3179 652 3230 annos3
674 3162 811 3235 quotiens
829 3178 899 3218 vero
921 3161 1070 3217 Coronam
1094 3160 1188 3233 ipsam

91 3248 286 3306 quocumque
298 3231 357 3288 alio
367 3231 437 3287 anni
447 3233 493 3289 die
503 3233 704 3306 persolverint,
716 3233 825 3290 totiens
833 3233 891 3288 illis
901 3231 1085 3305 septuaginta
1094 3247 1188 3286 annos

91 3304 277 3375 totidemque
291 3304 511 3376 quadragenas;
527 3303 562 3359 iis
573 3304 694 3360 tandem
707 3303 844 3360 fidelibus
857 3303 909 3376 qui
922 3319 1064 3359 coronam
1076 3317 1188 3357 memo·

90 3388 189 3432 ratam
216 3374 335 3447 Septem
359 3374 488 3447 Virginis
511 3375 695 3431 Gaudiorum
716 3375 795 3449 apud
822 3393 852 3432 se
873 3373 996 3430 fideliter
1019 3373 1186 3442 retinentes,

91 3462 220 3519 eamque
233 3445 402 3518 frequenter
410 3444 574 3516 recitantes,
587 3445 710 3520 quodvis
723 3447 838 3520 pietatis
850 3463 926 3519 opus
938 3445 968 3500 in
981 3445 1034 3501 Dei
1043 3443 1188 3500 honorem

91 3518 137 3573 vel
163 3516 195 3572 in
221 3516 403 3590 spiritualem
425 3529 475 3573 aut
497 3516 690 3590 temporalem
711 3517 916 3590 proximorum
936 3515 1092 3572 utilitatem
1117 3513 1189 3569 item

91 3588 223 3646 contrito
248 3589 336 3644 corde
367 3588 560 3657 exercuerint,
584 3589 643 3645 sive
669 3588 700 3645 in
724 3589 870 3645 honorem
901 3588 1019 3660 Septem
1047 3586 1189 3658 Deiparae

92 3658 281 3716 Gaudiorum
291 3661 338 3714 An
360 3659 464 3715 elicam
477 3658 691 3716 Salutationem
699 3660 804 3732 septies
813 3658 1005 3723 recitaverint,
1017 3658 1053 3712 de
1062 3672 1188 3712 numero

92 3731 229 3787 similiter
250 3676 420 3802 poenaiium
433 3730 463 3784 in
476 3729 570 3786 forma
593 3731 739 3787 Ecclesiae
762 3731 857 3800 solita,
882 3729 1019 3802 quotiens
1038 3728 1068 3782 id
1089 3738 1186 3799 agant,

91 3803 197 3858 decem
221 3818 316 3857 annos
339 3800 544 3875 expungimus.
575 3803 667 3858 Porro
693 3803 837 3874 largimur
857 3812 892 3856 ut
914 3813 1032 3882 excepta
1058 3798 1189 3872 plenaria

92 3873 279 3946 indulgentia
292 3873 322 3926 in
344 3873 448 3929 mortis
468 3872 591 3929 articulo
613 3873 764 3942 lucranda,
781 3872 917 3929 fidelibus
936 3871 1015 3945 ipsis,
1030 3870 1054 3925 si
1072 3869 1187 3938 malint,

92 3945 181 4002 liceat
202 3942 340 4017 plenariis
361 3943 532 4016 supradictis
554 3961 589 4000 ac
613 3942 784 4015 partialibus
804 3943 995 4015 indulgentiis
1019 3941 1189 3997 functorum

92 4016 153 4072 vita
166 4015 247 4071 labes
269 4030 438 4095 poenasque
460 4014 585 4087 expiare.
601 4016 713 4071 Verum
725 4014 931 4088 praecipimus,
944 4025 978 4068 ut
1001 4012 1032 4067 in
1051 4011 1189 4068 omnibus

93 4085 272 4159 supradictis
295 4086 409 4158 pietatis
433 4103 451 4141 0
474 4086 571 4142 eribus
592 4086 647 4142 rite
661 4086 829 4143 exercendis
851 4086 986 4140 Coronae
1008 4084 1190 4140 Gaudiorum

92 4157 228 4230 Virginis
242 4174 259 4212 a
274 4155 411 4213 fidelibus
424 4174 440 4212 a
483 4157 616 4226 ibendae,
634 4157 691 4213 sint
712 4175 730 4213 a
743 4157 879 4212 Ministro
904 4155 1038 4212 Generali
1047 4161 1106 4228 'pro
1117 4166 1189 4210 tem-

93 4245 166 4301 pore
181 4227 301 4284 Ordinis
316 4229 453 4285 Fratrum
465 4228 628 4296 Minorum,
643 4229 688 4284 vel
701 4229 738 4283 ab
752 4229 810 4284 alio
824 4228 970 4283 sacerdote
980 4228 1038 4282 sive
1048 4225 1189 4282 saeculari

93 4301 156 4356 sive
184 4297 322 4372 regulari,
348 4316 399 4372 per
426 4299 523 4372 ipsum
549 4299 730 4372 deputando,
760 4299 905 4356 informa
929 4297 1075 4354 Ecclesiae
1093 4297 1188 4366 solita,

1272 4030 1388 4097 Imposita

1243 4085 1358 4136 comario.
