2959 4900
312 275 351 339 32
756 298 936 335 uouuuerrra

347 435 384 489 B.
396 432 532 487 Normae
544 448 563 486 c
578 429 670 486 Card.
688 428 812 486 Vicario
821 446 921 507 reug.
936 434 1009 501 1905
1014 431 1221 506 praescriptae
1243 433 1279 490 de
1296 434 1384 491 eodem

311 520 349 558 ar
374 512 500 558 umento.

143 618 149 631 .
346 520 374 630 ξ
397 575 452 629 Per
472 583 589 629 essere1
611 588 756 629 ammesso
771 572 917 630 all’esame
936 573 976 628 cd
996 571 1134 641 Ordines,
1155 591 1174 630 o
1215 574 1225 630 i
1243 573 1386 631 candidato

140 641 165 650 ''
220 673 228 689 ·
312 645 402 701 dovri
426 644 486 701 fare
510 642 643 717 apposita
669 643 788 713 istanza,
818 644 855 699 da
879 643 1051 717 depositarsi
1071 644 1150 702 nella
1191 645 1330 719 egreteria
1348 646 1387 703 del

311 715 469 785 Vicariato,
484 715 557 772 dove
570 713 742 770 s’indichera
756 732 773 769 a
786 714 923 771 ciascuno
936 715 957 770 il
967 715 1072 789 giorno
1082 716 1128 772 del
1143 732 1197 773 suo
1209 734 1315 774 esame.

347 806 373 844 2.
397 786 629 855 L'esaminando,
652 785 730 843 nella
749 803 802 842 sua
829 786 938 842 istanza
957 787 1003 859 pel
1027 788 1236 845 suddiaconato
1252 807 1271 845 o
1290 804 1338 861 per
1353 806 1387 843 un

311 859 387 915 altro
400 857 503 914 ordine
515 857 672 930 maggiore,
688 857 839 914 indichera
851 856 872 913 il
884 869 1013 925 trattato,
1035 875 1054 914 o
1067 859 1076 913 i
1089 860 1197 915 trattati
1217 859 1350 932 teologici
1360 876 1388 915 su

312 929 411 1003 iquali
423 930 511 985 vuole
520 945 613 985 essere
626 928 797 997 esaminato‚
809 946 825 985 e
837 927 1016 1003 aggiungera
1028 930 1106 985 nella
1117 931 1278 987 medesima
1292 932 1389 987 istanza

312 1000 513 1058 l'indicazione
531 1000 578 1057 del
597 1000 702 1071 giorno
717 1000 766 1056 nel
785 1000 872 1073 quale
887 1000 952 1056 subi
974 1000 1091 1058 l'esame
1109 1002 1156 1074 pel
1171 1003 1388 1067 Suddiaconato,

270 1136 275 1147 .
312 1089 342 1129 se
356 1072 414 1143 egli
426 1072 521 1146 aspira
537 1072 564 1127 al
581 1071 754 1141 Diaconato,
768 1071 847 1128 odei
860 1070 956 1145 giorni
968 1073 1015 1128 ne'
1026 1071 1106 1144 quali
1118 1072 1184 1129 subi
1197 1074 1236 1146 gli
1250 1074 1339 1130 esami
1351 1073 1389 1147 pel

312 1143 526 1199 Suddiaconato
541 1142 615 1216 epel
631 1142 848 1211 Diaconato,'se
860 1160 891 1199 as
913 1142 956 1198 ira
968 1143 995 1199 al
1010 1144 1215 1201 Presbiterat0.
1324 1146 1328 1157 '

125 1216 257 1287 anasse
332 1261 335 1270 ,
348 1216 375 1270 3.
398 1213 534 1270 L'elenco
545 1214 592 1271 dei
601 1214 710 1270 trattati
723 1214 765 1269 fra
779 1214 788 1268 i
801 1213 881 1286 quali
893 1160 1105 1271 f’esaminando
1115 1217 1131 1270 ὲ
1140 1215 1233 1273 libero
1246 1217 1277 1272 di
1287 1214 1391 1288 sceglie-

96 1287 173 1345 posito
182 1284 241 1333 Μ·
312 1287 374 1341 ree
416 1286 496 1342 uello
517 1286 568 1366 qui
588 1296 662 1341 sotto
684 1285 834 1357 riportato.
848 1287 875 1340 A
894 1285 1012 1342 ciascun
1030 1298 1148 1342 trattato
1161 1289 1185 1343 si
1203 1286 1231 1343 fa
1249 1285 1390 1361 seguirela

97 1344 149 1392 ⁶¹¹⁰·
311 1355 385 1413 serie
395 1302 471 1413 aelle
484 1368 536 1413 tesi
550 1357 664 1429 opunti
676 1356 835 1425 dottrinali,
848 1356 892 1412 sui
902 1356 982 1437 quali
994 1358 1109 1414 vers'era
1123 1358 1249 1416 l’esame.

116 1431 223 1498 ,asra-
242 1490 247 1499 .
346 1445 374 1498 4.
396 1429 452 1483 Per
470 1427 499 1483 la
517 1428 611 1500 prima
628 1439 761 1496 tonsura,
784 1445 804 1483 o
827 1445 878 1501 per
900 1445 1037 1484 crascuno
1057 1429 1093 1485 de
1112 1428 1133 1484 li
1158 1430 1264 1486 Ordini
1283 1427 1389 1496 minori,

100 1492 158 1557 ’Μ
168 1501 257 1537 ’Μ’
311 1498 428 1555 l'esame
455 1516 515 1555 non
529 1500 634 1555 durera
646 1498 697 1573 piu
710 1499 757 1555 die
779 1516 812 1555 ro
825 1499 949 1568 minuti3
997 1500 1023 1556 el
1042 1446 1259 1557 Suridiaconato
1275 1519 1336 1557 non
1349 1498 1391 1575 pii

98 1559 146 1594 Μ’·
311 1569 342 1625 di
354 1588 390 1626 20
401 1591 408 1635 ;
423 1570 470 1652 pel
482 1571 643 1626 Diaconato
655 1587 716 1625 non
751 1570 782 1625 iu
792 1571 822 1626 di
835 1572 889 1639 303
904 1572 950 1653 pel
990 1570 1159 1628 resbiterato
1169 1589 1230 1628 non
1243 1573 1296 1646 piir
1310 1572 1338 1627 di
1350 1589 1389 1642 4⁰·

125 1640 149 1684 ⁵·
160 1636 248 1684 ΡΜ
349 1642 373 1698 5.
389 1642 436 1698 Gli
448 1641 586 1715 aspiranti
601 1642 658 1715 agli
678 1642 720 1697 Or
741 1640 793 1711 ini,
807 1641 944 1698 minorro
959 1641 1111 1715 maggiori,
1132 1643 1185 1700 che
1204 1643 1228 1699 si
1241 1655 1390 1718 presentar-

97 1692 221 1798 Qmffa
312 1729 377 1769 sero
386 1712 532 1769 all’esame
545 1730 630 1769 senza
642 1713 671 1769 la
683 1724 806 1770 tonsura
816 1714 872 1769 ben
886 1714 1007 1781 visibile,
1022 1731 1083 1770 non
1096 1732 1222 1771 saranno
1236 1713 1389 1771 esaminati.

126 1787 243 1867 5945,
347 1785 376 1840 6.
402 1785 514 1852 Questo
538 1784 738 1857 regolamento
759 1785 850 1839 andra
877 1784 907 1840 in
931 1784 1031 1859 vigore
1054 1785 1100 1842 col
1131 1799 1157 1842 10
1183 1785 1230 1842 del
1255 1786 1390 1860 prossimo

97 1855 244 1936 quo'vtgranr
313 1856 481 1911 novembre.

97 1948 202 1982 norm.
349 1928 452 1993 Roma,
467 1926 544 1982 dalla
559 1928 667 1983 Nostra
684 1926 852 1993 Residenza,
871 1942 897 1982 10
907 1938 1008 1999 agosto
1023 1928 1101 2001 1905.

125 2000 219 2060 Dina
976 2000 1009 2054 P.
1030 2000 1123 2054 Cano.
1137 1999 1294 2057 Vicimus.

96 2072 151 2117 Μ·
163 2060 240 2119 1905).
777 2069 957 2139 Francesco,
981 2070 1056 2134 Can.
1076 2070 1198 2141 Faberi,
1212 2068 1388 2147 Segretario.

97 916 225 967 candidato

99 974 238 1025 tenuanda.

329 2204 486 2259 Eunucflus
507 2218 707 2259 memnon
725 2219 912 2259 THEOLOGIAE
932 2221 989 2259 PRO
1008 2221 1182 2260 EXAMINIBUS
1204 2221 1244 2259 Ab
1263 2219 1376 2260 ORDINES

654 2324 676 2379 l.
697 2354 733 2364 -
753 2323 801 2379 De
819 2340 890 2379 vera
912 2322 1061 2397 religione
1328 2358 1332 2365 ·

351 2444 376 2513 1)
390 2440 468 2511 Quid
487 2441 599 2516 religio,
614 2475 649 2483 —
662 2447 689 2504 al
702 2443 807 2516 religio
820 2442 971 2511 naturalis,
985 2477 1021 2484 —
1034 2444 1060 2513 3)
1075 2442 1177 2516 religio
1200 2453 1390 2516 supernatura·
1443 2467 1444 2470 ¹

312 2513 348 2569 lis
358 2530 410 2569 seu
420 2513 554 2580 revelata,
565 2546 601 2554 —
608 2517 636 2586 4)
647 2515 791 2571 revelatae
801 2515 949 2587 religionis
959 2515 1123 2585 necessitas,
1133 2548 1169 2555 —
1179 2516 1206 2588 5)
1217 2510 1389 2584 revelationis

288 2591 292 2600 “
313 2585 421 2658 duplex
433 2585 591 2654 obiectum,
604 2617 639 2625 -
652 2587 680 2655 6)
696 2588 761 2642 lesu
775 2586 882 2642 Christi
892 2585 989 2642 divina
1006 2587 1116 2654 missio,
1130 2618 1166 2628 -
1179 2589 1207 2660 7)
1222 2603 1299 2658 quae
1312 2583 1389 2659 ipsius

311 2656 453 2728 probatur
466 2656 608 2725 doctrina,
622 2689 658 2698 —
670 2658 697 2728 8)
712 2657 870 2725 miraculis,
884 2689 920 2698 —
933 2661 961 2730 9)
975 2658 1195 2714 resurrectione.

417 2776 456 2830 ll.
475 2806 512 2816 -
530 2775 578 2830 De
596 2774 733 2831 Ecclesia
756 2776 878 2847 Christi,
900 2787 928 2832 et
946 2777 982 2832 de
1000 2777 1136 2833 Romano
1156 2776 1302 2852 Pontifice

350 2901 374 2968 1)
389 2896 468 2966 Quid
481 2893 620 2965 Ecclesia,
632 2928 667 2935 -
678 2895 778 2967 aleius
789 2896 931 2953 institutio
943 2908 971 2953 et
981 2895 1155 2966 exsistentia,
1166 2929 1202 2938 -
1212 2898 1239 2970 3)
1249 2893 1388 2970 perfectio,

340 3084 444 3131 1Haec
454 3082 538 3130 latine
548 3081 588 3130 sic
597 3078 717 3129 babeas:

341 3167 363 3198 1.
378 3151 415 3198 Ut
424 3148 456 3196 ad
465 3148 566 3196 Ordinis
573 3146 750 3202 examinetur,
761 3144 852 3205 quivis
862 3143 1027 3193 candidatus
1037 3142 1189 3203 supplicem
1197 3143 1231 3192 de
1241 3156 1270 3190 re
1280 3140 1390 3212 scribere

311 3214 393 3265 debet
404 3213 529 3263 libellum
539 3214 731 3273 deponendum
742 3212 771 3258 in
782 3211 938 3259 Vicariatus
948 3209 1133 3267 secretariatu,
1146 3207 1194 3257 ubi
1206 3207 1320 3257 cuilibet
1328 3205 1389 3255 indi·

310 3280 419 3331 cabitur
427 3281 486 3328 dies
497 3293 552 3340 quo
561 3278 714 3338 periculum
723 3277 759 3325 sit
769 3277 934 3326 iaciendum.
1372 3335 1377 3342 ι

339 3366 362 3398 2.
375 3348 408 3393 In
418 3344 512 3394 libello
520 3345 573 3393 isto
581 3345 615 3392 de
623 3341 826 3392 subdiaconatu
834 3343 876 3390 vel
884 3343 940 3390 alio
951 3340 1047 3391 ordine
1055 3340 1151 3393 maiori
1161 3339 1295 3389 indicabit
1305 3337 1390 3387 candr-
1438 3377 1439 3382 ,

310 3413 391 3461 datus
401 3415 546 3460 tractatum
556 3425 604 3458 seu
616 3415 748 3458 tractatus
759 3406 923 3468 theologicos
935 3421 1006 3468 quae
1014 3407 1155 3456 materiam
1163 3407 1228 3455 velit
1236 3420 1295 3454 esse
1300 3402 1389 3479 exaau-
1438 3387 1439 3475 1

311 3479 362 3527 nis.
384 3477 474 3526 Addet
488 3478 571 3524 etiam
589 3491 643 3537 qua
664 3475 709 3523 die
731 3474 813 3523 fuerit
834 3488 884 3534 pro
910 3472 1110 3523 subdiaconatu
1136 3473 1305 3522 examinatus
1327 3484 1348 3518 s1
1366 3480 1389 3515 se

310 3549 455 3607 praeparet
474 3543 510 3592 ad
531 3543 723 3597 Diaconatum‚
747 3543 789 3589 vel
811 3539 912 3602 quibus
935 3539 1033 3588 diebus
1056 3539 1209 3599 periculum
1234 3538 1328 3587 lecerit
1347 3546 1388 3596 pro

311 3609 518 3661 Subdiaconatu
529 3616 555 3657 et
566 3610 730 3664 Diaconatu,
743 3607 765 3655 si
777 3607 898 3656 ordinari
910 3605 976 3655 velit
986 3607 1120 3660 sacerdos.
1437 3573 1438 3649 i

328 3686 363 3725 ·3.
382 3676 437 3725 Hic
457 3676 528 3725 inira
547 3673 662 3723 habetur
681 3675 822 3734 catalogus
837 3678 1004 3722 tractatuum
1021 3673 1090 3720 inter
1104 3685 1173 3732 quos
1188 3668 1303 3719 liberam
1317 3666 1388 3718 babet
1436 3703 1437 3706 ,

313 3743 477 3792 candidatus
492 3742 639 3801 optionem.
652 3739 771 3800 Singulis
782 3736 948 3788 tractatibus
959 3736 1131 3787 subiciuntur
1145 3735 1234 3786 theses
1244 3737 1286 3784 vel
1297 3737 1388 3796 puncta
1436 3737 1437 3823 1

312 3807 476 3859 doctrinalia
486 3805 624 3867 inquibus
634 3819 748 3853 examen
760 3803 922 3854 versabitur.

340 3894 363 3933 4.
379 3876 500 3922 Examen
510 3873 545 3920 ad
555 3873 672 3931 primam
682 3879 822 3919 tonsuram
837 3871 878 3918 vel
895 3868 1045 3930 quemlibet
1056 3868 1186 3918 Ordinem
1202 3867 1333 3916 minorem
1342 3875 1387 3910 non
1435 3895 1436 3900 =

309 3942 382 4000 ultra
394 3958 421 3987 ro
430 3936 602 3999 protrahetur
613 3944 750 3985 momenta
757 3951 763 3994 ;
776 3939 831 3985 non
839 3939 911 3984 ultra
920 3954 948 3986 ao
957 3937 993 3984 ad
1001 3933 1252 3990 subdiaconatum
1264 3946 1319 3980 non
1327 3932 1387 3977 ultra
1435 3913 1436 4000 1

310 4014 339 4054 3ο
348 4006 384 4055 ad
396 3999 578 4054 Diaconatum
589 4019 595 4061 ;
608 4018 660 4052 nec
671 4005 743 4051 ultra
753 4007 781 4061 4'0
793 4004 829 4052 ad
841 4000 1074 4062 presbyteratum.
1361 4060 1365 4068 Ι
1380 4058 1384 4066 Ι
1434 4031 1435 4080 1

339 4079 362 4120 5.
375 4071 521 4120 Candidati
532 4071 659 4118 ordinum
675 4070 813 4117 minorum
824 4070 867 4116 vel
884 4069 1019 4116 maiorum
1034 4081 1088 4117 non
1103 4063 1329 4117 examinabuntur
1343 4072 1385 4110 mst
1434 4081 1435 4174 1

310 4142 452 4187 tonsuram
461 4137 550 4185 lerant
560 4135 630 4184 bene
639 4143 827 4195 apparentem.

339 4212 362 4250 6.
374 4206 398 4251 A
410 4221 420 4249 r
434 4200 590 4250 novembris
599 4202 736 4250 ordinatio
748 4202 800 4250 ista
812 4201 903 4260 vigere
913 4199 1036 4261 incipiet.

342 4270 456 4324 Romae,
468 4281 500 4315 ex
509 4269 610 4317 Nostra
621 4269 789 4326 Residentia,
804 4285 814 4314 1
828 4281 890 4329 aug.
903 4272 969 4326 1905.
