2959 4900
300 326 362 389 118
741 347 946 385 supputatum
958 333 961 343 '

298 496 496 560 1101111111,
520 480 611 562 ultra
633 500 768 548 annum
796 494 952 549 moratus
978 480 1095 549 fuerit.
1126 481 1198 550 Cfr.
1226 498 1377 550 nostrum

298 569 354 637 De
368 569 567 658 Religiosis
584 587 610 637 t.
634 592 663 656 1,
681 591 717 637 n.
741 569 852 637 16611
868 589 915 638 11.

345 671 442 739 Hinc
458 671 660 739 occurrebat
675 671 848 774 quaestio,
864 687 985 738 utrum
1001 693 1115 739 annus
1138 671 1376 739 commoratio-

298 761 355 829 nis
369 760 626 862 intellegendus
641 779 730 827 esset
745 759 940 845 continuio,
958 782 1003 828 an
1020 762 1125 828 etiam
1142 760 1376 851 interpolatus.

297 854 348 919 Ac
364 849 523 919 sufficere
539 849 802 938 interpolatum,
821 849 1085 951 respondimus
1078 873 1116 916 m
1129 853 1254 918 eodem
1266 871 1378 939 opere,

298 963 334 1028 p.
369 962 442 1022 102,
472 954 553 1017 nota
585 960 615 1017 1,
647 939 855 1006 sententiam
885 938 1010 1007 imitati
1039 941 1249 1030 scriptorum
1275 939 1377 1012 ltbelli

298 1029 465 1118 periodici
483 1029 706 1097 Montrona.

345 1130 482 1197 Recens
493 1145 624 1213 autem,
638 1127 702 1194 25'
692 1126 782 1194 iunii
800 1149 896 1216 1904,
905 1128 1037 1215 produt
1049 1150 1233 1212 responsio
1248 1128 1284 1198 S
1296 1129 1380 1198 Con·

298 1217 513 1320 gregationis
522 1215 671 1285 Concilii
688 1216 731 1284 de
755 1215 876 1284 litteris
899 1219 1194 1287 testimonialibus
1210 1219 1379 1307 requisitis

297 1309 341 1376 ad
357 1301 623 1390 ordinationem
641 1326 711 1394 qua
726 1325 986 1394 pronuntravrt
1017 1333 1031 1371 tt
1058 1305 1293 1376 Ordinarrum
1313 1329 1379 1376 non

297 1397 407 1466 teneri
435 1397 500 1464 sub
512 1416 637 1497 poena
661 1395 901 1496 suspensionis
928 1395 971 1462 ad
993 1397 1245 1499 testimoniales
1269 1397 1379 1476 exqui-

298 1487 435 1558 rendas
454 1484 521 1552 nisi
545 1503 666 1585 agatur
693 1484 777 1551 det
763 1483 899 1552 trimest
900 1505 932 1550 rt
885 1483 1001 1552 tvel
1021 1495 1147 1554 semesi
1148 1486 1183 1554 ri
1133 1487 1332 1554 timoral
1333 1495 1380 1552 ter

298 1584 377 1643 cont
379 1575 481 1660 inuis,
506 1573 638 1642 salvo
629 1595 705 1640 1ure
731 1572 896 1661 Episcopi
913 1573 1114 1676 inquirendi
1132 1597 1237 1663 super
1253 1576 1378 1643 idonei·

298 1683 367 1732 tate
382 1661 612 1764 promovendi
641 1677 674 1729 ct
695 1663 949 1730 testimoniales
972 1663 1132 1753 exigendi
1156 1685 1222 1754 pro
1251 1665 1380 1732 minore

298 1756 353 1822 vel
364 1752 584 1822 discontinua
599 1751 890 1853 commoratione,
905 1770 964 1819 aut
976 1755 1154 1854 exigendi
1149 1771 1380 1821 tutamentum

299 1843 567 1934 suppletorium,
596 1843 624 1908 si
648 1841 686 1907 in
705 1841 864 1908 Domino
880 1846 1117 1910 necessarium
1134 1843 1346 1910 censuerit&
1366 1867 1376 1903 tt

346 1944 420 2010 lam
438 1964 533 2028 ver0,
550 1963 634 2010 cum
649 1941 686 2009 in
702 1943 778 2010 iure
794 1943 964 2010 canonico
981 1944 1114 2017 litterae
1136 1942 1380 2012 testimoniales

298 2032 451 2100 severius
468 2032 690 2115 postulentur
705 2053 770 2120 pro
794 2031 1078 2100 ordinationibus
1095 2053 1203 2121 quam
1221 2055 1285 2121 pro
1309 2032 1380 2100 reli·

297 2124 386 2211 giosr
377 2121 540 2189 habitus
552 2120 783 2208 susceptione,
793 2122 1004 2188 arbitramur
1015 2142 1081 2189 nos
1093 2142 1136 2189 eo
1149 2142 1320 2208 responso
1338 2121 1379 2188 uti

299 2232 414 2300 posse,
431 2229 469 2278 ut
485 2216 837 2298 supramemoratam
855 2211 1064 2278 sententiam
1091 2210 1329 2298 emolliamus,
1352 2227 1380 2276 et

298 2322 468 2390 negemus
500 2299 667 2366 litteras
659 2320 735 2367 ture
766 2299 918 2380 positivo
951 2298 1095 2386 requiri,
1125 2300 1153 2368 si
1184 2321 1247 2387 per
1278 2299 1380 2389 spatia

297 2406 435 2547 tanturln
465 2405 621 2478 separata
651 2387 856 2457 candidatus
887 2409 1023 2457 annum
1054 2388 1092 2457 in
1124 2388 1277 2459 dioecesi
1316 2409 1380 2457 una

299 2480 536 2565 compeverit.

343 2580 519 2650 Observes
530 2595 648 2647 tamen
661 2601 735 2647 non
748 2601 821 2648 esse
835 2601 925 2667 opus
938 2601 1031 2647 anno
1042 2580 1189 2670 physice
1201 2581 1379 2661 continuo,

298 2672 359 2737 sed
376 2670 437 2758 qui
454 2670 595 2736 morolit
581 2678 636 2735 ter
652 2670 696 2735 sit
712 2670 801 2736 talis
821 2670 941 2756 Quare
965 2672 1014 2736 sic
1032 2681 1213 2737 dicemus:
1240 2674 1273 2753 a)
1292 2632 1380 2737 Curti

297 2761 430 2826 litterae
456 2780 551 2826 non
548 2758 739 2858 exigantur
766 2758 832 2826 nisi
862 2758 1066 2826 candidatus
1090 2759 1140 2825 ult
1127 2767 1184 2825 tro
1202 2780 1332 2825 annum
1349 2758 1381 2823 in

298 2850 419 2918 eadem
436 2865 589 2915 versatus
605 2850 648 2913 sit
663 2849 814 2915 dioecesi
820 2865 982 2948 ,oportet
998 2866 1037 2914 ut
1060 2868 1096 2914 re
1121 2870 1202 2915 vera
1218 2848 1266 2914 ibi
1284 2846 1381 2913 fuerit
1403 2846 1407 2857 '

297 2960 359 3029 per
371 2938 434 3008 365
451 2936 1013 3023 (1111111101,111111111111111111
1030 2936 1198 3005 bisextilis
1224 2936 1380 3003 habenda

108 3016 111 3021 ’
297 3030 341 3097 111
357 3028 444 3095 11110
460 3048 570 3116 quam
586 3042 665 3093 ante
681 3025 929 3113 explicavimus
947 3024 1035 3110 (Cir.
1054 3046 1173 3113 supra,
1187 3047 1223 3114 p
1242 3026 1290 3109 3).

342 3130 378 3213 b)
396 3126 638 3196 Commutatio
654 3148 716 3214 per
739 3127 832 3193 istud
849 3143 990 3228 tempus
1006 3127 1109 3195 debet
1125 3126 1231 3193 fuisse
1249 3123 1381 3192 morali·

297 3234 349 3285 ter
365 3218 542 3285 continua
563 3216 689 3283 Murali
703 3216 922 3283 continuitati
936 3238 1009 3283 non
1021 3217 1161 3284 obstant
1176 3236 1277 3315 pauci
1269 3213 1378 3299 11111,

297 3307 351 3375 vel
367 3306 473 3373 etiam
489 3304 731 3404 hebdomadae
747 3304 878 3394 quibus
895 3322 988 3371 extra
1004 3304 1195 3372 dioecesim
1211 3304 1255 3371 sit
1270 3324 1379 3370 versa-

297 3412 365 3464 tus.
387 3394 546 3462 Immo
519 3416 548 3461 11
565 3392 704 3461 animus
715 3393 818 3461 fuerit
835 3394 1041 3477 revertendi,
1055 3414 1099 3460 ne
1112 3392 1226 3460 maius
1238 3391 1380 3481 quidem

297 3484 449 3573 spatium
475 3480 638 3550 obstabit
667 3481 737 3569 Sic,
764 3485 791 3550 si
816 3484 895 3571 quis
920 3503 981 3570 per
1004 3479 1105 3549 ferias
1122 3484 1231 3551 soleat
1247 3480 1378 3564 abesse,

297 3574 410 3642 redire
436 3588 554 3639 autem
580 3587 739 3653 tempore
767 3571 979 3657 scholarum,
1009 3590 1147 3672 tempus
1175 3587 1254 3637 ante
1281 3569 1379 3637 ferias

297 3662 473 3730 moraliter
485 3660 1004 3748 continuabiturcumtempore
1016 3659 1118 3728 ferras
1130 3674 1377 3761 consequente

299 3752 345 3819 Et
367 3752 530 3843 quotiens
555 3750 794 3818 candidatus
787 3771 824 3817 tn
838 3750 976 3851 vulgari
1005 3749 1256 3817 aestimatione
1269 3748 1379 3827 dicere

296 3841 432 3925 debeat,
454 3867 468 3904 tt
487 3861 548 3928 per
564 3839 741 3928 integrum
764 3838 847 3907 anni
875 3839 1028 3926 spatium
1055 3837 1266 3907 moraliter
1258 3859 1296 3904 111
1321 3822 1379 3902 1111

296 3945 451 3997 versatus
473 3951 554 3996 sum
570 3928 668 3995 dioec
671 3929 718 3996 esi
740 3954 770 4015 1,
796 3928 924 3996 totiens
940 3945 1042 3995 erunt
1065 3929 1198 3997 litterae
1226 3925 1302 3996 testi
1306 3944 1378 3991 mo·

296 4020 405 4087 niales
421 4019 464 4086 ab
479 4018 573 4086 illius
589 4017 758 4085 dioecesis
775 4016 966 4087 Ordinario
983 4018 1225 4107 postulandae.

326 4308 336 4342 2
351 4310 429 4355 AcTA
437 4308 465 4355 S.
476 4307 566 4364 Sanls,
578 4310 598 4353 t.
611 4312 638 4362 37
647 4306 804 4381 (1901·1905),
817 4318 843 4363 p.
857 4311 908 4353 380.
