2959 4900
259 312 340 350 IUSTA
355 311 522 348 D1M1ssrort1s
537 311 621 347 RATIO
636 311 665 348 IN
681 312 834 350 ORDINIBUS
848 313 998 350 RELIGIOSIS
1138 295 1177 356 59

93 444 238 535 religiosi
265 445 417 531 utilitati.
450 445 494 513 In
521 467 561 513 ea
588 445 704 534 itaque
736 447 967 536 decernenda,
1000 449 1109 517 istud.
1128 464 1180 517 est
1208 489 1211 494 .

94 534 382 603 considerandum
409 534 495 624 quid
523 535 565 602 ad
583 557 774 604 commune
793 536 945 605 Instituti
974 537 1111 606 bonum
1135 539 1180 605 sit

93 625 320 692 necessarium
350 625 405 692 vel
436 625 634 713 expediens,
663 645 736 692 non
763 639 880 693 autem
908 647 998 727 quae
1025 629 1180 717 privatae

93 713 237 780 rationes
264 713 429 801 religioso
457 728 694 803 opportunam
717 714 829 782 facere
856 733 990 802 possint
1013 732 1177 785 votorum
1227 725 1230 730 “

93 802 345 871 relaxationem.
367 801 535 870 Rationes
562 803 646 870 istae
669 803 816 871 fundare
832 823 979 892 possunt
999 804 1179 895 dispensa·

92 890 232 976 tionem,
258 913 334 959 non
361 906 479 958 autem
506 890 763 979 dimissionem,
780 892 872 977 nisi,
890 908 929 959 ut
944 893 1043 961 facile
1058 894 1109 976 fit,
1140 915 1180 962 ex

93 977 160 1068 ipsa
176 982 309 1068 privata
326 1002 429 1048 causa
446 1001 511 1068 pro
527 980 606 1070 ipso
626 981 793 1049 Instituto
811 983 909 1071 argui
927 998 1034 1070 queat
1048 988 1073 1052 ¹.

132 1105 163 1150 2.
184 1081 397 1171 Simpliciter
412 1083 590 1170 professus
605 1105 678 1151 non
695 1097 747 1150 est
759 1083 831 1151 iarn
842 1083 1014 1169 novicius,
1029 1083 1181 1172 quisine

93 1171 215 1240 iniuria
237 1186 271 1240 et
286 1173 393 1240 libere
410 1172 618 1262 religionem
646 1173 805 1240 deserere
827 1173 937 1262 possit
962 1186 996 1240 et
1011 1173 1119 1241 libere
1136 1174 1181 1240 ab

93 1281 127 1328 ea
141 1261 295 1348 dimitti,
314 1261 387 1340 sed,
406 1283 446 1328 ex
462 1276 600 1348 accepta
623 1261 677 1328 sui
694 1262 894 1346 traditione,
913 1262 949 1329 in
974 1261 1180 1350 religiosum

94 1365 270 1439 cooptatus
299 1351 519 1438 Institutum,
548 1351 603 1418 ius
630 1351 736 1418 habet
763 1351 942 1432 manendi,
960 1365 994 1417 et
1017 1351 1179 1431 faciendi,

93 1459 151 1506 suo
180 1453 352 1528 tempore,
383 1440 592 1508 sollemnem
616 1440 885 1527 professionem,
903 1440 972 1508 nisi
989 1439 1079 1507 iusta
1096 1440 1181 1507 inci

93 1528 176 1596 derit
204 1529 422 1597 dimissionis
450 1550 580 1613 causa3
610 1541 714 1616 atque
739 1530 843 1596 etiam
860 1551 941 1610 erga
960 1529 1088 1608 Deum,
1109 1545 1182 1595 tarn

94 1616 161 1705 ipse
178 1639 288 1706 quam
316 1617 535 1704 Institutum,
553 1617 754 1706 obligantur
770 1617 814 1685 ad
835 1617 1067 1685 sufficientem
1084 1617 1181 1686 adhi-

95 1706 241 1775 bendam
254 1706 470 1796 diligentiam
487 1728 531 1774 ne
547 1706 625 1774 talis
641 1722 802 1774 nascatur
818 1728 934 1775 causa.

134 1807 250 1876 Simul
276 1821 394 1876 tamen
421 1806 591 1896 professio
623 1807 773 1894 simplex
800 1807 973 1874 rationem
1000 1806 1181 1896 quandam

95 1896 206 1964 induit
229 1895 403 1964 ulterioris
428 1896 657 1986 probationis,
676 1917 737 1984 per
762 1918 869 1985 quam
884 1896 1089 1986 simpliciter
1105 1918 1183 1985 pro·

96 1985 166 2054 fessi
184 1985 313 2074 dignos
328 2007 364 2053 se
380 1985 620 2054 demonstrare
636 1985 767 2063 debent¹
781 1987 843 2073 qui
859 1986 934 2052 sine
950 1986 1182 2053 incommodo

96 2089 125 2141 et
139 2075 295 2163 periculo
313 2075 523 2143 asciscantur
539 2075 631 2142 inter
646 2075 863 2142 sollemniter
879 2073 1066 2162 professos.

137 2175 178 2242 ln
195 2176 375 2264 pensanda
390 2176 496 2264 igitur
520 2176 610 2243 iusta
626 2174 845 2242 dimissionis
871 2196 987 2259 causa,
1013 2174 1182 2262 componi

96 2263 193 2365 debet
220 2265 307 2332 ratio
334 2280 442 2339 status
470 2266 541 2332 iam
568 2264 740 2353 acquisiti,
767 2285 849 2331 cum
872 2264 936 2330 hac
963 2264 1184 2352 probationis

97 2368 236 2422 ratione.

136 2456 166 2523 3.
187 2456 302 2525 Causa
326 2478 431 2545 porro
458 2456 649 2544 requiritur
676 2454 718 2521 ad
748 2455 904 2543 aliquem
930 2454 1183 2523 dimittendum

97 2566 179 2633 quae
195 2546 238 2614 sit
261 2548 385 2635 gravis,
409 2546 461 2613 lta
477 2547 655 2613 decretum
672 2545 874 2634 Perpensis,
892 2566 928 2612 n.
946 2544 998 2611 Xl
1008 2544 1038 2630 l,
1064 2558 1098 2611 et
1123 2566 1184 2632 per

98 2654 129 2700 se
154 2650 299 2703 constat.
334 2635 448 2703 Grave
479 2634 662 2723 quidpiam
693 2647 746 2701 est
776 2633 1183 2721 obligationem'tollere

97 2724 275 2810 peculiaris
298 2726 485 2792 famulatus
509 2724 643 2807 divini;
669 2743 772 2809 grave
789 2722 972 2811 quidpiam
999 2724 1184 2790 hominem

98 2833 115 2878 a
143 2828 230 2881 statu
263 2814 484 2903 perfectionis
512 2814 549 2879 in
577 2832 806 2879 communem
837 2812 1045 2897 detrudere3
1079 2831 1185 2901 grave

99 2922 175 2969 eum
190 2902 354 2992 periculis
370 2901 512 2986 saeculi,
532 2916 611 2991 post
627 2900 810 2987 religionis
827 2900 1059 2985 securitatem,
1078 2921 1186 2990 oppo

99 3011 199 3074 nere;
229 3012 333 3080 grave
365 2993 530 3077 eundern,
568 2987 712 3057 sublimi
749 2989 883 3056 abiecta
916 3009 990 3078 spe,
1028 2989 1187 3078 obligare

100 3080 136 3145 ad
153 3081 267 3166 aliam,
287 3093 366 3169 post
392 3083 508 3169 plures
532 3100 655 3159 annos,
690 3078 893 3145 tentandam
924 3078 1184 3147 condicionem.

101 3168 191 3236 Talis
206 3170 322 3257 itaque
335 3171 378 3238 sit
394 3192 497 3237 causa
513 3182 664 3257 oportet,
679 3182 718 3235 ut
730 3168 940 3235 detrimenta
952 3168 1017 3235 ista
1030 3167 1187 3235 humana

101 3271 129 3323 et
144 3263 240 3345 quasi
257 3258 376 3326 divina
392 3275 608 3347 compenset.

143 3360 386 3429 Nihilominus
401 3360 515 3448 gravis
532 3380 635 3427 causa
652 3357 869 3425 dimissionis
881 3379 955 3425 non
970 3358 1055 3425 dicit
1071 3379 1186 3427 neces·

102 3448 187 3514 sario
204 3453 346 3539 gravem
362 3453 502 3540 culpam
525 3450 562 3515 in
579 3468 726 3535 persona
750 3446 969 3534 dimittenda,
987 3469 1052 3514 nec
1069 3448 1186 3515 omnis

101 3538 206 3621 gravis
244 3541 346 3627 culpa
384 3559 525 3627 gravem
561 3537 702 3623 praebet
739 3535 957 3603 dimissionis
996 3536 1182 3605 rationem.

104 3625 290 3714 Praeterea,
324 3629 362 3695 in
393 3626 606 3695 aestimanda
638 3646 753 3712 causa,
786 3625 874 3692 ratio
906 3626 1025 3694 haberi
1058 3640 1184 3715 potest,

103 3712 206 3783 immo
221 3718 337 3802 debet,
352 3733 428 3784 tum
444 3730 645 3803 temporum
662 3735 767 3803 quae,
784 3729 823 3782 ut
838 3729 958 3783 nostra
970 3729 1065 3801 sunt,
1081 3715 1188 3782 maio·
1242 3725 1245 3731 “

104 3823 174 3870 rem
199 3806 411 3895 quandoque
434 3807 612 3893 postulant
638 3804 869 3889 severitatem,
887 3819 965 3873 tum
982 3804 1131 3873 Ordinis
1155 3816 1188 3869 et

108 3890 250 3962 Instituti
268 3923 275 3963 :
294 3896 432 3985 generis
449 3895 537 3961 vitae
553 3908 585 3961 et
597 3892 890 3961 ministeriorum·

109 4051 419 4065 Ἢ

134 4140 141 4173 1
151 4139 184 4185 In
191 4140 275 4198 priore
283 4147 367 4199 tomo,
376 4156 404 4190 n.
415 4151 483 4205 332,
493 4140 654 4191 dicebamus
663 4141 811 4202 graviorem
819 4141 921 4202 requiri
931 4154 1042 4189 causam
1050 4142 1085 4189 ad
1094 4140 1186 4189 dimis-

109 4202 205 4314 qionem
220 4221 301 4267 quam
317 4209 353 4257 ad
371 4208 613 4269 dispensationem.
633 4207 788 4256 Dicendum
806 4209 898 4267 potins
914 4208 965 4256 fuit
975 4214 1114 4267 respectus
1127 4221 1188 4274 esse

127 4282 231 4327 rspares.
