2959 4900
238 340 257 402 6
679 366 883 402 surrentinum

281 499 447 572 Attamen
481 499 733 568 e'recentibus
764 499 923 588 decretis,
951 499 1163 568 nominatim
1195 512 1326 567 exart.

237 604 273 654 xl
301 587 428 656 decreti
456 589 657 678 Perpenna,
693 589 764 657 iam
785 584 898 679 'plane
924 602 1059 658 constat
1081 588 1178 676 quod
1201 587 1328 658 scribe.-

191 749 193 754 ,
238 675 363 743 bamus
390 699 426 744 n.
456 685 520 762 248
547 677 717 748 debonis
745 693 823 766 post
850 677 1045 766 simplicem
1073 677 1329 767 professionem

237 766 469 853 comparatis:
488 788 508 835 a
523 767 727 858 simpliciter
743 767 906 856 professis
929 788 1032 856 posse
1048 783 1083 834 et
1097 766 1225 835 debere
1252 765 1328 834 cedi

238 854 588 942 administrationem,
617 878 723 924 usum
747 872 852 945 atque
881 857 1140 924 usumfructum
1179 855 1328 924 istorum

238 941 438 1030 bonorum3
468 945 552 1032 ipsis
573 961 689 1014 autem
717 946 887 1033 integram
903 945 1017 1034 linqui
1034 945 1215 1033 optionem
1241 944 1338 1012 desi·¹

237 1033 368 1120 gnandi
385 1033 675 1102 administratoris
691 1050 724 1101 et
739 1034 931 1103 definiendi
958 1034 1198 1122 dispositionis
1215 1033 1325 1101 modi.

283 1121 378 1207 Quia
415 1139 533 1190 tamen
563 1145 668 1192 usum
700 1123 851 1191 fructum
889 1123 1049 1191 abdicare
1079 1123 1220 1210 debent,
1253 1143 1328 1190 non

236 1208 412 1298 videntur,
430 1212 533 1280 etiarn
550 1229 628 1281 ante
651 1212 919 1301 professionem,
937 1233 1057 1280 cavere
1072 1233 1176 1302 posse
1190 1227 1230 1279 ut
1249 1231 1327 1300 per·

238 1300 327 1387 cepti
354 1300 486 1368 fructus
517 1317 711 1370 accrescant
737 1301 778 1369 ad
808 1301 965 1391 capitale,
999 1301 1045 1368 ita
1076 1316 1115 1368 ut
1145 1301 1328 1391 quondam

237 1387 325 1456 forte
341 1411 401 1456 eos
417 1407 619 1478 recuperare
632 1404 773 1478 queant.
793 1389 901 1476 Quod
918 1390 1146 1458 confirmatur
1156 1411 1327 1480 responso

169 1557 176 1571 Ι
240 1476 277 1546 S.
297 1477 429 1567 Congr.
461 1480 563 1547 allato
590 1496 615 1548 t.
636 1503 667 1566 2,
685 1481 918 1548 Monumento
934 1501 970 1548 n.
989 1487 1067 1566 298.
1092 1482 1208 1568 Atque
1225 1478 1271 1547 ita
1287 1499 1328 1546 ex

238 1583 335 1656 parte
358 1569 568 1658 corrigimus
584 1569 674 1637 dicta
690 1575 716 1638 t.
742 1593 768 1654 t,
787 1590 823 1637 n.
843 1569 956 1652 2463.

285 1688 315 1732 2.
344 1666 399 1732 De
422 1667 647 1752 Moniolibus,
666 1667 815 1756 proprie
842 1666 951 1734 dictis.
985 1666 1132 1734 Inducta
1159 1665 1328 1756 simplicis

237 1753 463 1842 professionis
479 1757 658 1824 triennalis
675 1755 895 1841 probatione,
913 1776 1003 1843 quae
1019 1755 1063 1824 de
1079 1755 1228 1843 simplici
1245 1771 1327 1823 voto

238 1845 450 1931 paupertatis
467 1845 514 1918 ,in
541 1845 737 1914 Ordinibus
764 1845 921 1912 virorum
942 1859 1040 1911 erant
1062 1858 1188 1912 statuta
1204 1845 1274 1912 iam
1290 1842 1328 1910 in

238 1933 423 2087 ipisas‘sunt
439 1934 686 2002 transferenda.
702 1933 809 2019 Quod
828 1933 1074 2021 explicavimus
1089 1949 1114 2002 t.
1135 1956 1167 2020 2,
1193 1954 1228 2021 p.
1252 1954 1326 2022 170,

239 2041 257 2087 e
287 2045 345 2089 .2.
1253 2052 1256 2059 ·

283 2109 574 2180 Observesdotem
581 2134 653 2181 non
661 2111 794 2201 acquiri
807 2109 1021 2179 monasterio
1029 2125 1107 2179 ante
1120 2110 1328 2179 sollemnem

238 2200 505 2288 professionem.
892 2227 894 2230 ·

285 2287 322 2356 Si
339 2310 429 2377 quae
448 2289 623 2377 Instituta,
641 2289 712 2358 iam
728 2303 808 2358 ante
823 2289 1001 2358 decretum
1027 2289 1229 2379 Perperenis,
1254 2301 1340 2366 ute·x

239 2376 366 2446 bantur
392 2379 563 2469 regimine
590 2378 816 2469 professionis
838 2377 1021 2467 simplicis,
1039 2399 1152 2468 eoque
1175 2378 1326 2466 diverso,

238 2467 348 2534 voluit
366 2466 402 2537 S.
422 2471 554 2559 Congr.
581 2484 689 2537 utres
706 2490 826 2537 secum
852 2480 1121 2555 componantur.
1141 2468 1215 2537 Cfr.
1234 2488 1325 2556 resp.

244 2555 282 2622 18
298 2554 379 2651 iulii
395 2579 491 2647 1902,
509 2559 586 2627 t.'2.
604 2559 849 2644 Monumenta,
866 2580 903 2626 n.
922 2568 977 2645 65.

93 2672 97 2679 ’·
150 2673 152 2677 ·
188 2734 191 2738 ,
283 2662 328 2725 In
342 2662 540 2729 Institutis
567 2665 743 2728 votorum
765 2664 1007 2747 simplicium.
1031 2696 1072 2708 -
1104 2656 1181 2723 Iam
1209 2655 1328 2723 distin·

238 2744 378 2834 guenda
393 2759 497 2813 sunt:

288 2865 316 2911 1.
338 2842 501 2911 Instituta
510 2844 665 2944 probato
688 2858 767 2912 ante
783 2865 927 2912 normas
942 2842 1164 2912 recentiores.
1185 2842 1328 2909 Horum

238 2932 628 3033 permanetdiscrplina,
655 2932 736 3001 satis
759 2932 885 3001 similis
912 2932 987 3000 eius
1010 2953 1100 3022 quae
1132 2930 1329 3000 Ordinibus

238 3034 290 3087 est
305 3035 518 3110 praestrtuta.

283 3140 315 3186 2.
338 3118 500 3187 Instituta
531 3117 695 3207 deinceps
706 3118 906 3209 probando.
927 3119 996 3186 His
1013 3118 1213 3207 imponetur
1240 3116 1327 3207 regi·

238 3227 321 3274 men
347 3207 567 3276 Normarum
583 3206 679 3295 quod
692 3208 939 3297 explicavimus
951 3222 975 3276 t.
996 3231 1028 3275 2.
1044 3228 1078 3295 p.
1098 3228 1157 3293 142
1174 3228 1203 3275 s.
1219 3205 1328 3292 Quod

239 3310 373 3363 certum
401 3310 453 3364 est
467 3295 511 3363 de
537 3295 709 3364 Institutis
725 3297 951 3387 probandisa
981 3295 1018 3364 S.
1038 3295 1151 3385 Cong.
1184 3295 1329 3382 Episco-

239 3405 368 3473 porum
391 3400 424 3453 et
457 3385 700 3474 Regularium,
728 3386 917 3454 verisimile
948 3398 1066 3453 autem
1093 3384 1137 3453 de
1168 3384 1256 3453 aliis.
1288 3382 1326 3452 S.

239 3472 334 3540 enim
359 3473 489 3564 Congr.
508 3474 551 3542 de
567 3475 792 3565 propaganda
811 3474 898 3542 Fide
913 3475 1047 3543 nullam
1070 3494 1213 3560 novam,
1231 3472 1328 3561 quod

239 3561 402 3651 sciamus,
420 3562 529 3632 edidit
544 3564 827 3652 declarationem,
842 3563 902 3631 sed
914 3563 1046 3632 curavit
1056 3578 1094 3631 ut
1108 3563 1150 3631 ad
1164 3583 1201 3631 se
1216 3562 1328 3629 mitte·

240 3664 334 3719 retur
349 3654 548 3742 exemplum
567 3653 799 3721 Normarum.

284 3747 460 3817 Observes
492 3750 535 3817 de
570 3748 646 3817 dote
679 3747 865 3837 Sororum,
898 3749 1049 3817 eandem
1083 3770 1158 3817 non
1193 3746 1328 3835 acquiri

239 3839 426 3906 conventui
443 3838 508 3907 nisi
525 3852 604 3928 post
619 3852 771 3907 mortem
789 3837 940 3907 Sororis.

285 3944 425 4026 Quaeras,
453 3935 539 4023 quid
571 3936 616 4002 de
646 3934 689 4003 iis
704 3936 768 4025 qui
783 3936 853 4004 alio
880 3934 1018 4025 vigente
1045 3932 1216 4024 regimine
1242 3932 1329 4001 fece·

239 4041 322 4095 runt
333 4025 588 4115 professionem
601 4023 638 4091 in
653 4024 667 4091 I
671 4027 818 4093 nstituto
835 4030 932 4115 quod
946 4022 1109 4092 nondum
1126 4037 1197 4090 erat
1208 4043 1331 4161 appro-

240 4115 375 4201 batum,
405 4128 438 4182 et
464 4112 590 4181 deinde
617 4112 816 4181 subiectum
839 4126 891 4181 est
910 4133 1023 4181 novae
1043 4111 1271 4200 disciplinae.
1291 4110 1328 4180 Si

239 4219 444 4293 perpetuam
456 4203 607 4270 fecerant
618 4202 887 4291 professionem,
895 4201 1058 4269 videntur
1068 4200 1216 4269 retinere
1227 4221 1331 4303 posse

239 4292 460 4382 disciplinam
472 4291 640 4380 priorem.
657 4289 694 4359 Si
707 4312 789 4360 vero
802 4291 1031 4379 temporalem
1047 4303 1198 4379 tantum,
1211 4289 1330 4366 viden·
