2959 4900
284 333 344 395 lilii
723 353 924 390 surrcrmsrtra

320 494 358 548 N.
376 493 407 547 Β.
424 490 616 548 Reductiones
629 509 646 546 a
660 493 689 547 S.
705 491 779 547 Sede
793 509 852 546 non
866 492 1065 547 conceduntur
1081 493 1136 549 nisi
1150 511 1185 549 ex
1198 493 1360 549 rationabili
1452 493 1453 526 l

283 580 386 630 causa,
407 576 435 620 et
452 562 560 644 gpatiae
579 579 639 618 non
651 578 755 634 parum
772 563 868 618 obstat
886 563 909 618 si
929 563 1079 620 malitiosa
1099 577 1127 622 et
1147 565 1360 621 irrationabilis

283 651 349 706 spes
369 647 493 691 movent
510 635 546 690 ad
566 632 740 690 omittendas
753 634 865 690 missas.
881 634 924 702 (C.
944 636 1057 710 Nuper,
1073 655 1103 694 n.
1118 638 1174 711 59.)
1188 637 1361 693 Malitiosam
1452 667 1453 684 r

283 707 350 762 dico
372 719 401 763 et
421 705 665 762 irrationabilem:
689 722 749 761 non
772 721 836 761 eam
858 705 956 780 itaque
982 725 1072 780 quam
1090 709 1168 764 bona
1188 708 1362 765 excusaverit
1452 709 1453 712 ’

285 778 372 859 lides3
386 778 432 834 vel
444 795 529 849 quae,
553 776 636 859 quasi
658 776 807 859 licentiam
821 779 1044 857 praesumenda
1065 780 1124 835 iam
1144 797 1234 838 onera
1248 781 1362 854 praesti·

284 860 351 907 tent
364 850 401 904 ad
414 865 550 906 normam
564 861 632 906 rusti
642 861 748 922 sperati
764 849 883 905 lndultr.

330 982 362 1029 2.
380 959 422 1026 ln
435 980 546 1049 genus
562 958 740 1047 quoddam
758 959 969 1028 reductionis
985 960 1117 1046 recidit,
1136 962 1163 1030 si
1181 962 1362 1030 celebranti

285 1071 357 1117 non
381 1047 550 1138 integram
578 1049 691 1116 solvas
718 1049 989 1138 eleemosynam,
1017 1051 1071 1118 vel
1095 1071 1226 1119 merces
1255 1053 1362 1131 tradas

286 1159 350 1228 pro
365 1151 545 1206 numerata
557 1137 715 1228 pecunia.
734 1137 787 1205 De
804 1138 857 1206 his
874 1138 1005 1207 artibus
1022 1139 1122 1228 inira,
1138 1162 1174 1210 n.
1189 1141 1233 1210 V.

548 1325 621 1394 lll.
647 1323 702 1392 De
728 1345 873 1419 onerum
897 1326 1111 1394 exsecutione

335 1513 363 1557 1.
390 1488 612 1558 Gravissimis
635 1489 750 1558 verbis
774 1487 982 1577 praecipitur
1009 1503 1042 1556 et
1065 1479 1257 1557 inculcatur
1273 1510 1363 1557 accu-

286 1592 358 1646 rata
372 1578 558 1647 celebratio
575 1592 624 1647 tot
640 1577 826 1646 missarum
853 1591 939 1666 quot
966 1577 1093 1645 fuerint
1115 1592 1294 1666 susceptae
1316 1579 1365 1646 vel
1388 1593 1391 1602 ·

286 1667 526 1756 praescriptae,
541 1667 686 1737 etiamsi
704 1667 822 1735 minus
838 1688 992 1756 congrua
1008 1681 1146 1757 accepta
1162 1669 1206 1734 sit
1222 1670 1364 1736 eleemo-

287 1777 383 1846 syna.
416 1757 636 1836 Revocantur
663 1757 798 1825 indulta
825 1757 1018 1844 contraria3
1047 1777 1111 1825 nec
1136 1771 1249 1846 potest
1266 1757 1364 1826 simul

220 1887 223 1891 ·
287 1845 441 1915 satisfieri
467 1846 670 1936 obligationi
695 1845 854 1914 beneficii
882 1860 915 1913 et
942 1845 1113 1914 manualis
1144 1846 1282 1916 missae.
1313 1846 1363 1932 (C.

286 1937 424 2024 Nuper,
442 1937 474 2024 5,
488 1937 520 2019 6,
545 1937 655 2027 19·23,
675 1937 786 2026 39·43,
805 1937 862 2024 65,
881 1935 953 2021 66.)

335 2038 416 2106 Huc
432 2038 609 2107 referenda
626 2053 675 2106 est
691 2037 887 2124 necessitas,
913 2039 1005 2106 salva
1029 2037 1200 2106 contraria
1223 2038 1365 2106 auctoris
1452 2111 1453 2120 ,

287 2127 448 2217 stipendii
462 2130 649 2215 voluntate,
659 2127 925 2195 dicendimissas
937 2128 1025 2195 inlra
1038 2143 1364 2217 annum,tamquam

287 2217 438 2306 spatium
478 2217 670 2284 maximum
704 2217 809 2285 etiam
848 2218 967 2285 multis
1006 2218 1120 2285 missis
1151 2238 1362 2285 concessum.
1451 2236 1452 2301 t

288 2308 408 2388 (Dect.
432 2306 481 2374 Ut
508 2305 630 2395 debita,
648 2329 684 2376 n.
712 2331 743 2395 a,
764 2313 800 2395 33
827 2307 885 2376 cfr.
912 2320 1066 2376 nostram
1090 2306 1363 2392 declarationem,

287 2396 581 2486 anund)-

212 2532 214 2536 .
333 2498 465 2587 Quare,
493 2498 522 2565 si
550 2499 610 2588 qui
638 2499 727 2567 ultra
756 2520 889 2567 annum
917 2498 1079 2583 (civilem,
1110 2498 1137 2566 si
1170 2498 1276 2567 missa
1303 2512 1365 2565 erat

288 2588 434 2658 dicenda
450 2609 488 2656 ex
505 2587 720 2675 fundatione,
739 2589 792 2655 vel
808 2592 1001 2656 naturalem
1028 2586 1128 2676 spatii
1153 2588 1216 2656 365
1234 2603 1294 2657 aut
1309 2588 1365 2656 366

288 2678 438 2765 dierum,
456 2677 485 2744 si
502 2676 607 2745 missa
623 2678 807 2763 manualis)
832 2677 999 2745 oneribus
1023 2677 1216 2755 satisfacere
1232 2678 1365 2746 distule-

289 2768 369 2851 rint,
384 2766 554 2855 stipendia
567 2766 711 2834 istarum
724 2768 909 2834 missarum
917 2766 1076 2857 propriis
1089 2766 1221 2843 tradere
1234 2767 1365 2835 iubetur

290 2856 498 2942 Ordinariis,
524 2856 584 2945 qui
608 2855 755 2923 modum
779 2856 953 2923 faciendae
976 2855 1183 2942 traditionis,
1202 2872 1364 2945 quantum

289 2967 378 3036 opus
401 2945 516 3032 fuerit,
541 2942 686 3013 definire
710 2946 847 3013 debent.
868 2944 1030 3028 (Decreta
1054 2945 1223 3035 Vigilanti
1237 2945 1361 3031 Studia,

289 3056 323 3103 et
342 3035 389 3103 Ut
403 3034 512 3103 debita
529 3056 565 3103 n.
583 3038 634 3120 4.)

326 3160 473 3218 Ordinarii
487 3159 717 3233 distinguuntur,
733 3160 763 3216 in
776 3160 830 3217 hac
840 3178 881 3229 re,
893 3160 1056 3217 dioecesani
1067 3173 1164 3216 ernon
1176 3159 1334 3218 dioecesani
1346 3160 1362 3214 ¹.

292 3234 331 3290 Hi
344 3243 412 3292 sunt
433 3231 555 3288 Praelati
575 3231 677 3287 saltem
691 3232 883 3304 provinciales
907 3232 1095 3305 Regularium
1110 3245 1138 3288 et
1159 3233 1364 3305 Religiosorum

289 3315 512 3378 exemptorum3
538 3316 626 3377 atque
638 3304 766 3360 Abbates
784 3304 952 3360 monasterii
967 3304 1011 3359 sui
1027 3302 1119 3373 iuris;
1140 3304 1211 3359 dum
1237 3301 1364 3377 Religiosi

290 3394 350 3434 non
363 3376 488 3449 exempti
500 3388 576 3444 sunt,
593 3375 623 3430 in
633 3374 687 3431 hac
701 3394 741 3445 re,
754 3374 926 3433 dioecesano
941 3376 1086 3450 Episcopo
1102 3375 1222 3432 obnoxii
1233 3379 1253 3433 2.

222 3571 229 3595 ··
293 3538 354 3605 lV.
365 3538 419 3605 De
434 3556 580 3603 onerum
595 3534 854 3623 consignatione
870 3543 902 3600 et
915 3532 1140 3622 pecuniarum
1158 3532 1366 3627 collocutione

334 3701 508 3786 Diligens
523 3715 680 3767 onerum
695 3700 951 3783 consignatio.
970 3737 1008 3747 -
1030 3724 1056 3767 r.
1075 3701 1252 3785 Rectores,
1269 3698 1367 3787 Supe-

290 3795 398 3863 riores
410 3809 443 3862 et
459 3792 610 3862 ministri
626 3792 861 3882 quarumlibet
877 3792 1112 3878 ecclesiarum,
1128 3811 1209 3858 curn
1226 3789 1368 3858 saecula·

290 3885 383 3954 rium
399 3899 475 3952 tum
489 3883 714 3972 regularium,
733 3904 795 3951 seu
812 3882 950 3951 illarum
967 3880 1126 3971 capitula,
1153 3878 1321 3949 conficere
1340 3891 1368 3943 et

318 4124 486 4186 ¹Arguimus
504 4138 537 4173 ex
557 4124 616 4185 ipso
639 4124 748 4174 decreto
770 4126 802 4173 Ul
825 4126 912 4184 debita,
932 4124 1007 4186 quod
1025 4138 1052 4172 n.
1069 4142 1092 4181 4,
1110 4128 1132 4179 5,
1148 4130 1172 4180 6,
1196 4120 1317 4183 loquitur
1338 4117 1367 4167 de

290 4191 437 4242 Ordinatio
448 4188 568 4251 proprio,
580 4191 646 4239 dum
654 4206 682 4241 n.
694 4207 707 4249 7
718 4190 773 4253 agit
784 4192 819 4240 de
830 4191 985 4241 ordinariis
996 4188 1173 4238 dioecesanis.

318 4262 329 4295 2
343 4259 490 4319 arguimus
507 4273 540 4308 ex
557 4260 589 4311 C.
601 4260 734 4323 ¹conditae,
754 4273 782 4308 n.
795 4265 816 4319 5,
830 4276 852 4319 9,
871 4277 907 4309 11.
924 4258 970 4309 Sic
989 4256 1071 4307 etiam
1090 4257 1270 4305 Bounrunou.
1283 4256 1365 4303 cruo-

291 4338 380 4384 NISTE,
394 4344 458 4386 1904,
470 4340 498 4386 p.
508 4332 559 4378 502.
