2959 4900
81 836 146 903 ,Mos
154 836 205 905 pla·

62 908 123 941 retem
133 894 219 942 diaece-

60 954 121 997 sium
139 950 165 999 tie
182 953 220 999 Itis

57 1011 143 1067 pueris·

89 1422 154 1469 Hine
172 1422 218 1470 diro

59 1480 153 1523 dultin.

72 1985 216 2045 Disceptatio

57 2042 192 2090 secretarii.

86 2197 119 2242 Α.
132 2195 174 2242 De

57 2252 156 2309 pueris.
170 2252 216 2299 At-

57 2310 131 2365 legata
140 2315 182 2369 pro

57 2382 115 2413 rara
138 2382 216 2415 eorum

56 2428 199 2474 communio-

26 2503 29 2510 ·
56 2500 89 2530 ne.

84 2557 191 2619 Defectus

55 2615 213 2673 discretionis,

52 2673 179 2732 periculam

56 2734 182 2777 tremeren-

56 2791 108 2840 tiae,

278 304 338 367 160
729 329 909 365 nouuuarrra

277 482 293 513 tt
312 456 417 533 daigne
428 461 522 517 redire
542 478 613 518 avec
625 462 750 518 autorite
763 465 780 517 b
791 476 859 519 tous
880 463 923 519 les
934 464 1045 536 pretres
1059 464 1087 518 la
1100 463 1203 534 parole
1215 462 1252 517 de
1270 462 1371 517 lesus·

276 555 293 584 a
312 531 408 589 Christ
419 552 426 589 :
439 532 536 589 Sinite
545 533 689 606 parvulos
703 535 807 590 venire
824 535 865 590 ad
878 541 948 592 mel
964 536 1018 591 Les
1040 552 1129 591 voeux
1148 535 1275 590 seraient
1286 547 1371 587 com·

276 625 292 657 a
312 604 373 659 bles
387 604 411 659 si
428 620 464 661 en
478 607 573 661 meme
592 619 686 677 temps
699 605 850 677 l'exemple
864 606 901 661 de
921 607 1109 678 Cottolengo,
1125 607 1163 661 de
1182 606 1242 659 don
1261 605 1368 663 Bosco.

276 696 292 726 n
311 686 340 730 et
363 676 488 732 d’autres
514 676 628 746 apbtres
653 676 675 732 si
703 678 794 748 saints
817 689 845 732 et
871 679 895 732 si
920 677 1041 734 eclaires
1060 680 1097 733 de
1120 676 1274 736 l'eniance.
1296 672 1370 729 <erait

276 768 292 797 ιι
311 746 533 818 publiquement
546 747 616 803 loue
630 760 657 804 et
670 749 799 821 proposi
813 752 831 803 a
844 748 1049 815 l’imitationn.
1088 760 1091 765 ·
1293 789 1296 793 Δ

311 826 469 883 Sciendum
481 838 524 881 est
544 826 664 883 enimin
679 827 812 888 pluribus
833 827 1015 883 dioecesibus
1030 844 1095 883 mos
1108 828 1262 899 hucusque
1278 823 1368 879 fuisse

274 897 354 969 quod
377 898 459 969 pueri
471 909 500 952 et
521 898 635 969 puellae
653 899 690 954 ad
713 898 838 969 primam
859 898 1211 955 Communionem‘semel
1231 894 1366 954 admissi.

274 967 504 1042 prohibebantur
516 970 551 1023 de
565 970 594 1023 S.
611 970 718 1042 Synaxi
731 970 789 1025 cito
811 970 917 1025 iterum
936 971 1126 1042 participare:
1140 970 1233 1026 immo
1257 965 1369 1026 alicubi

274 1040 392 1095 nonnisi
419 1053 483 1110 post
510 1057 622 1095 annum
647 1042 683 1095 ad
708 1056 816 1096 novam
838 1042 1046 1099 eucharisticae
1068 1056 1188 1097 mensae
1210 1037 1369 1112 participa·

273 1110 385 1167 tionem
397 1112 533 1166 accedere
547 1112 797 1181 permittebantur,
812 1113 843 1168 in
857 1130 934 1169 nova
943 1129 1050 1187 nempe
1064 1110 1200 1169 sollemni
1213 1110 1369 1166 iunctione

273 1181 385 1254 primae
399 1183 636 1239 Communionis.

310 1260 396 1317 Unde
409 1261 654 1332 praeclarissimus
667 1262 711 1318 vir
724 1262 837 1335 rogavit
850 1262 953 1319 sgnum
965 1266 1004 1321 D.
1022 1264 1060 1321 N.
1075 1273 1108 1318 ut
1122 1261 1291 1334 dignaretur
1306 1258 1371 1313 duo

273 1330 345 1387 haec
357 1331 447 1387 dubia
460 1332 622 1389 resolvere:

310 1414 332 1467 l.
353 1444 386 1453 -
408 1411 567 1467 Cotidiana
591 1412 802 1468 Eucharistiae
834 1412 960 1483 sumptio
984 1413 1015 1467 in
1040 1410 1196 1467 catholicis
1229 1406 1369 1481 ephebeis

271 1483 431 1539 suaderine
461 1483 545 1538 debet
584 1484 686 1539 etiam.
700 1485 805 1557 pneris
834 1484 1065 1557 quibuscumque
1095 1492 1163 1556 post
1198 1490 1368 1553 susceptam

267 1555 401 1628 primam
420 1554 685 1610 Communionemi

309 1634 347 1689 ΙΙ,
376 1666 410 1673 -
436 1632 568 1705 infirmis
595 1634 648 1707 qai
674 1634 815 1689 diuturno
839 1632 940 1688 morbo
965 1633 1114 1691 laborant.
1142 1650 1195 1687 nec
1224 1628 1371 1686 naturale

273 1703 415 1759 ieiunium
431 1704 461 1759 in
484 1721 539 1759 sua
555 1704 729 1779 integritate
752 1704 911 1760 observare
929 1716 1047 1777 queant,
1070 1704 1183 1761 nullum
1199 1702 1368 1759 remedium

256 1776 441 1850 *suffragari
467 1786 570 1849 potest,
609 1793 646 1832 ne
672 1794 754 1850 pane
783 1776 980 1831 eucharistico
1012 1786 1073 1831 tam
1105 1776 1197 1851 longo
1235 1786 1372 1845 tempore

266 1848 444 1919 perventuri

307 1975 384 2029 Cum
404 1987 503 2031 autem
524 1974 666 2031 Sanctitas
687 1957 748 2030 Sita
768 1974 858 2029 huius
885 1975 995 2049 negotii
1026 1991 1148 2030 examen
1181 1975 1219 2028 ad
1242 1975 1370 2028 Sacrum

271 2047 408 2101 Vestrum
430 2046 571 2101 Ordinem
591 2045 744 2115 remiserit,
768 2048 914 2102 nonnulla
939 2049 975 2103 de
986 2064 1070 2103 more
1084 2047 1153 2101 hinc
1174 2047 1244 2102 inde
1265 2044 1370 2117 quoad

271 2130 429 2188 utrumque
439 2117 562 2173 dubium
572 2118 730 2177 adnotabo.

307 2198 344 2251 Et
358 2198 456 2267 quoad
470 2197 606 2260 primum,
620 2197 750 2252 rationes
761 2214 838 2268 quae
849 2198 977 2252 militant
990 2198 1026 2252 ad
1045 2197 1241 2253 continendos
1255 2210 1369 2266 pueros

270 2268 442 2340 afrequenti
457 2270 486 2323 S.
502 2270 624 2340 Synaxis
637 2269 859 2339 participatione
873 2269 910 2322 ita
927 2271 1102 2342 plerumque
1113 2280 1316 2338 exponuntur.

307 2349 364 2419 lpsr
387 2347 465 2402 enim
487 2366 545 2402 non
568 2365 602 2402 ea
625 2348 722 2402 adhuc
743 2347 924 2402 discretionis
950 2360 1048 2402 mente
1069 2348 1192 2420 praediti
1221 2358 1369 2419 apparent

270 2434 345 2491 quae
367 2418 524 2490 requiritur
546 2420 582 2475 ad
604 2420 661 2474 hoc
674 2432 707 2474 ut
722 2418 810 2487 digne
831 2433 859 2475 et
883 2418 1037 2474 efficaciter
1056 2436 1173 2475 sumere
1194 2418 1369 2487 frequenter

269 2491 383 2546 valeant
396 2491 447 2546 SS.
463 2492 577 2563 Corpus
591 2491 707 2546 Christi.
724 2491 802 2545 Cum
815 2506 964 2563 praeterea
982 2510 999 2545 a
1014 2489 1109 2546 rebus
1133 2490 1324 2548 sensibilibus
1337 2502 1368 2545 et

270 2561 436 2617 extrinsecis
461 2561 544 2617 facile
569 2561 783 2627 abstrahantur,
815 2575 904 2632 atque
929 2562 1042 2616 facilius
1068 2579 1085 2616 a
1111 2561 1367 2635 contemplatione

269 2632 475 2704 mysteriorum
497 2633 549 2688 Dei
563 2645 739 2698 avertantur,
755 2650 841 2705 saepe
855 2634 971 2703 saepius
992 2635 1102 2706 absque
1123 2635 1219 2690 debita
1243 2649 1368 2704 praepa-

269 2703 382 2759 ratione
397 2716 424 2759 et
447 2704 606 2775 gratiarum
627 2704 743 2759 actione
757 2705 794 2758 ad
808 2705 838 2760 S.
864 2705 1078 2760 Eucharistiam
1097 2708 1234 2761 accedere
1255 2703 1363 2771 solent,

270 2788 484 2832 sacramentum
498 2775 627 2846 periculo
642 2776 845 2830 irreverentiae
855 2777 894 2830 ita
906 2790 1097 2848 exponentes.

307 2855 449 2922 lamvero,
476 2856 519 2910 uti
544 2855 630 2910 docet
651 2855 737 2909 Card.
762 2856 958 2912 Bellarminus
982 2857 1041 2924 (De
1057 2873 1190 2912 sacram.
1212 2855 1364 2918 Euchar„

175 2909 183 2974 Ῐ
269 2924 320 2980 lib.
344 2942 372 2994 4,
387 2944 452 2999 cap.
467 2928 523 2993 23),
541 2947 556 2977 n
571 2943 606 2981 ex
627 2926 744 2980 duobus
765 2926 853 2982 malis
870 2943 985 2995 semper
1004 2940 1047 2982 est
1070 2928 1240 3008 eligendum
1263 2927 1366 2981 minus

83 3361 103 3400 et
113 3358 188 3403 sacri-

54 3414 166 3471 legiorum
187 3427 214 3462 ex

55 3473 184 3530 tintorissi:

60 4001 212 4050 Condiciones

48 4067 139 4118 positae
153 4062 183 4107 ab

52 4119 189 4165 Innocentio

57 4176 123 4222 VIII
133 4190 142 4228 ,·

270 3017 286 3047 «
303 2999 416 3071 ⁴malurn
428 3019 434 3052 :
445 3013 491 3053 ¹est
501 3012 599 3053 autem
613 2999 710 3052 minus
725 2999 839 3052 malum
853 3011 886 3053 ut
897 3000 1032 3054 homines
1046 2999 1137 3069 aliqui
1148 3012 1266 3054 careant
1281 2997 1365 3052 bono

269 3089 285 3120 (ι
305 3086 366 3123 non
389 3071 559 3130 necessario.
583 3086 673 3140 quam
694 3080 727 3122 ut
746 3084 962 3126 sacramentum
987 3071 1037 3126 Dei
1063 3071 1210 3126 evidenter
1228 3070 1363 3140 periculo

269 3139 506 3198 «irreverentiae
529 3154 730 3212 exponatur».
757 3141 789 3194 ln
809 3157 879 3194 casu
898 3143 994 3213 igitur,
1015 3159 1083 3196 cum
1106 3142 1189 3213 pueri
1214 3141 1365 3197 cotidiana

270 3212 486 3266 Communione
508 3229 567 3266 non
590 3211 752 3272 necessario
774 3212 932 3283 indigeant,
959 3230 1013 3268 nec
1032 3214 1095 3269 sine
1115 3213 1302 3268 irreverentia
1328 3212 1364 3265 iis

269 3283 330 3336 dari
339 3284 441 3354 possit,
456 3282 618 3337 consultius
632 3282 734 3337 iisdem
747 3283 918 3354 deneganda
932 3302 993 3340 esse
1007 3285 1132 3342 videtur.

305 3355 423 3409 Accedit
443 3356 523 3426 quod
547 3371 597 3423 per
621 3355 743 3408 nimiam
766 3354 999 3410 Communionis
1017 3356 1182 3410 cotidianae
1210 3369 1363 3408 commen·

268 3425 417 3480 dationem
440 3427 534 3479 maior
547 3426 576 3478 in
599 3427 696 3497 pueris
708 3425 800 3480 foveri
815 3440 910 3498 potest
928 3428 1098 3498 hypocrisis,
1119 3425 1170 3496 qui
1192 3425 1319 3497 proinde
1333 3424 1362 3478 vi

269 3495 356 3550 etiam
371 3510 464 3551 metus
479 3497 674 3551 reverentialis
689 3497 719 3551 in
734 3497 843 3552 maiora
856 3512 976 3568 quoque
989 3497 1138 3568 sacrilegia
1152 3496 1360 3568 prolabuntur.

270 3568 356 3622 Unde
369 3568 479 3623 Tarino
494 3568 534 3635 (II
546 3567 622 3637 libro
636 3566 684 3622 del
697 3568 773 3622 huon
781 3574 925 3642 pastore),
941 3569 1074 3641 quamvis
1088 3581 1204 3623 moneat
1216 3580 1363 3622 rectorem

268 3638 441 3693 clericorum
466 3639 495 3692 in
520 3639 688 3694 Seminariis
714 3640 892 3709 degentium,
922 3656 955 3694 ut
977 3642 1005 3694 in
1033 3655 1140 3712 genere
1163 3637 1362 3710 frequentiam

268 3724 523 3773 sacramentorum,
552 3710 721 3780 praesertim
745 3728 813 3766 vero
841 3712 1076 3775 Communionis,
1105 3709 1249 3782 indigitet,
1277 3709 1361 3764 addit

267 3792 383 3835 tamen:
401 3802 416 3832 a
431 3783 481 3836 Ma
492 3783 513 3836 ti
527 3783 637 3852 guarda
660 3781 734 3836 assai
753 3783 801 3837 dal
813 3782 874 3836 dire
884 3801 901 3836 a
914 3782 1122 3853 qualcheduno
1143 3780 1198 3836 che
1213 3780 1237 3836 si
1251 3781 1361 3835 accosti

267 3872 284 3902 ι(
303 3851 353 3921 piir
365 3852 394 3906 di
407 3853 557 3924 frequente
570 3853 626 3906 alla
642 3854 869 3917 Communione,
893 3853 996 3924 perche
1010 3853 1036 3908 le
1049 3869 1100 3909 tue
1119 3853 1220 3925 parole
1242 3851 1360 3924 potreb-

267 3943 283 3974 «
303 3923 373 3978 bero
387 3940 479 3978 essere
490 3941 575 3978 causa
589 3924 618 3977 di
632 3925 809 3996 sacrilegioe
824 3925 996 3994 d'ipocrisia.
1012 3945 1028 3974 »

303 3995 475 4062 Quinimmo
487 3997 730 4055 Innocentiule.
741 3999 770 4050 in
782 3995 866 4050 Bulla
877 3995 950 4050 Cum
958 3996 998 4050 ad
1005 4011 1104 4061 aures,
1112 3993 1169 4049 diei
1182 4013 1212 4050 12
1221 3993 1361 4049 februarii

269 4067 346 4138 1679,
385 4083 520 4121 normam
546 4069 662 4122 tradens
695 4067 920 4122 Communionis
946 4067 1109 4122 cotidianae
1142 4065 1359 4128 concedendae,

266 4153 331 4192 eam
357 4137 563 4193 dimetiendam
589 4156 650 4193 esse
674 4139 780 4193 docet:
806 4158 822 4187 «
847 4155 881 4192 ex
911 4137 1155 4194 conscientiarum
1179 4137 1304 4208 puritate
1331 4151 1362 4192 et

266 4228 282 4256 n
301 4208 479 4279 frequentiae
500 4211 606 4275 fructu,
624 4211 701 4264 etad
723 4209 859 4281 pietatem
881 4210 1010 4280 profectu
1023 4231 1050 4264 n.
1065 4210 1149 4276 Quae
1171 4207 1271 4263 omnia
1282 4205 1361 4262 diffi-

265 4279 356 4333 culter
369 4280 553 4335 verificantur
563 4282 593 4334 in
603 4280 711 4354 pueris,
723 4281 785 4352 qui,
798 4292 901 4352 utpote
914 4298 930 4336 a
941 4281 1161 4336 vehementibus
1171 4279 1362 4352 passionibus
