2959 4900
99 296 222 380 [3435]
237 319 801 358 sc.aautaeovoxacmvarosrsrner..
811 318 1129 364 raor.;-unir.unsun.
1146 297 1187 358 95

100 451 140 506 tio
164 473 180 526 7
203 453 260 512 feb.
290 455 367 522 1862,
391 473 474 528 quae·
489 473 556 512 vere
580 456 696 512 decreto
720 455 932 512 Sanctissimus
956 453 1137 526 derogabat,
1152 469 1187 507 ne

99 525 221 596 professi
235 541 372 582 votorum
392 526 568 600 simplicium
584 526 614 582 in
629 525 805 583 admissione
827 528 864 583 ad
876 539 944 584 vota
958 523 1110 582 sollemnia
1123 541 1187 604 par·

98 609 156 650 tem
177 596 318 654 haberent
332 599 352 654 ¹.
365 599 462 668 Quare
475 599 563 657 etiam
577 615 750 672 responsum
767 611 809 656 est
825 597 940 654 formali
953 596 996 653 Pii
1010 598 1050 651 lX
1060 596 1188 652 iussione

99 669 135 722 ad
150 686 252 724 omnes
266 670 390 726 Ordines
405 671 588 727 translatum.

135 767 247 821 Contra
269 783 349 836 vero,
370 783 544 842 responsum
564 786 598 824 20
616 785 697 848 aug.·
725 787 733 823 t
763 779 835 843 sept.
863 769 927 840 1875
955 767 1067 824 videtur
1092 763 1189 837 potius

99 853 196 894 merae
212 837 416 895 declarationis
435 837 566 896 indolem
579 844 733 912 praeferre.
750 841 950 908 Quaerebatur
963 837 1072 896 etenim
1089 847 1189 892 utrum

101 926 202 978 necne,
227 927 262 966 eo
287 911 368 982 quod
392 928 453 967 non
473 924 591 984 possent
612 909 751 992 suffragio
775 929 828 968 suo
844 911 1027 967 sollemniter
1045 907 1189 986 professos

100 979 253 1037 admittere
286 996 337 1038 aut
363 983 480 1052 reicere,
510 982 596 1039 simul
645 983 850 1040 rohtberentur
874 981 1043 1056 simpliciter
1068 979 1190 1054 professi

99 1053 135 1107 de
150 1053 307 1116 idoneitate
320 1055 356 1109 ad
376 1055 538 1129 simplicem
560 1072 614 1130 pro
627 1054 782 1122 essionem‚
799 1073 857 1129 qua
870 1053 1021 1112 sollemnis
1040 1067 1190 1134 praepara·

99 1137 161 1250 piar,l
168 1124 242 1182 ferre
256 1125 440 1182 sententiam.
456 1129 553 1199 Atque
565 1126 717 1200 utriusque
732 1145 816 1184 casus
829 1128 904 1184 ratio
918 1141 959 1183 est
974 1145 991 1181 a
1005 1127 1035 1181 S.
1048 1125 1190 1182 Pontifice

120 1213 151 1252 ec
165 1210 246 1252 arata
259 1195 373 1254 similis.

135 1312 160 1348 2.
186 1294 273 1360 Hinc,
294 1274 374 1366 quia,
390 1294 453 1350 iure
472 1296 623 1352 communi
648 1295 828 1369 regularium
848 1295 988 1362 surorum,
1010 1291 1190 1366 postulantes

102 1383 149 1437 per
177 1376 276 1420 actum
302 1367 494 1440 capitularem
523 1368 558 1422 ad
583 1367 763 1424 noviciatum
791 1367 996 1435 admittuntur,
1025 1383 1100 1446 quae
1128 1362 1190 1436 ipsa

101 1435 237 1492 admissio
244 1437 322 1493 viam
330 1437 388 1494 iam
396 1453 507 1495 remote
515 1451 598 1511 parat
605 1440 642 1495 ad
650 1439 872 1514 professionem,
881 1438 1013 1496 dubitare
1025 1438 1104 1493 l1curt
1118 1451 1190 1490 num

101 1520 218 1581 possent
230 1509 318 1564 etiam
331 1509 361 1564 in
375 1510 419 1565 his
435 1511 569 1585 capitulis
588 1509 756 1585 simpliciter
775 1512 897 1586 professi
916 1508 1086 1582 suffragium
1106 1503 1190 1586 ferre.

102 1581 216 1648 Orator,
238 1580 442 1651 nihilominus
463 1583 540 1638 istud
561 1601 621 1638 non
641 1583 814 1656 suspicatuS,
835 1601 914 1640 mere
936 1580 1090 1639 formalem
1130 1587 1192 1634 etnt

103 1670 203 1708 eorum
223 1652 432 1709 exclusionem.
449 1655 505 1710 Sed
520 1655 548 1710 S.
566 1655 682 1726 Congre
702 1655 772 1722 atio,
790 1657 861 1710 dum
874 1653 1000 1711 decreuit
1018 1674 1034 1704 «
1043 1596 1191 1732 proiissos

102 1736 236 1781 votorum
250 1724 308 1780 sim
330 1724 467 1782 licium...
489 1743 588 1781 uocem
610 1744 666 1782 non
680 1673 790 1783 iubere
799 1745 856 1800 pro
871 1725 1003 1800 qualibet
1014 1732 1189 1802 receptione,

103 1796 190 1851 simul
202 1806 287 1852 ratas
320 1797 404 1852 abuit
421 1808 448 1853 et
461 1795 649 1872 confirmavit
667 1799 809 1854 hactenus
821 1799 928 1872 factas
946 1795 1141 1853 admissiones
1162 1809 1190 1846 m

103 1868 204 1940 quibus
213 1868 390 1942 simpliciter
398 1869 530 1944 professi
539 1869 873 1945 tulissentsuffragium.
883 1892 899 1924 u
911 1871 977 1938 Qua
988 1865 1192 1948 ratihabitione

104 1939 187 1995 simul
200 1957 308 1996 novam
322 1941 357 1996 de
369 1942 424 1996 hac
436 1959 467 1996 re
486 1941 655 1998 instantiam
675 1943 836 2014 amputavit
851 1956 881 1998 et
898 1941 1012 1997 ridetur
1031 1955 1076 1994 rus
1095 1947 1193 2012 potrus

105 2011 271 2067 declarasse
285 2030 375 2084 quam
387 2012 520 2069 statuisse
529 2016 551 2068 2.

137 2110 162 2164 3.
178 2107 267 2176 Quod
287 2108 309 2163 si
324 2108 363 2164 ita
378 2125 423 2164 res
442 2126 472 2164 se
485 2109 602 2176 habent,
625 2109 712 2166 etiam
734 2109 764 2164 in
784 2109 904 2181 reliquis
925 2107 1086 2165 Ordinibus
1105 2103 1193 2161 satius

106 2180 154 2234 erit
166 2179 337 2254 simpliciter
350 2179 493 2253 professos
507 2180 552 2236 his
567 2179 712 2251 suffragiis
732 2181 897 2253 prohibere.
912 2183 1010 2254 Atque
1022 2179 1046 2235 is
1061 2193 1193 2252 praesen-

106 2250 138 2304 tis
151 2251 257 2308 decreti
273 2269 344 2308 usus
356 2268 425 2308 sane
437 2252 624 2326 permittitur.
641 2255 752 2308 Verum
773 2253 796 2308 si
811 2253 895 2309 aliter
908 2252 970 2323 fiat,
985 2253 1015 2308 S.
1030 2252 1194 2330 Congrege-

107 2321 213 2378 tionem
236 2323 429 2380 admissiones
457 2323 651 2381 nihilominus
680 2341 741 2380 esse
771 2337 847 2385 ratas
875 2324 1042 2381 habituram
1071 2338 1105 2377 ex
1130 2337 1195 2394 ipso

109 2394 209 2450 decreti
226 2397 362 2469 exemplo
378 2395 515 2470 colligere
528 2395 570 2453 fas
584 2410 637 2456 est.

194 2696 260 2783 35.
286 2750 325 2755 -
349 2710 384 2780 s.
410 2710 445 2781 t.
469 2710 749 2782 tetsnoeoaun
775 2710 825 2779 ετ
850 2711 1101 2781 atsutnnun

371 2896 631 2952 RESCRIPTUM
648 2898 686 2951 10
704 2899 829 2953 MART.
852 2899 934 2952 1902

184 3058 236 3114 De
255 3059 435 3115 Ursulinis
453 3059 490 3114 ln
510 3074 619 3118 unum
638 3074 766 3133 corpus
785 3060 928 3133 collegii
947 3062 1117 3134 cogendis

150 3231 218 3286 Cum
242 3233 467 3289 communitates
496 3233 720 3296 Ursulinarum,
746 3250 822 3307 quae
845 3234 984 3289 hactenus
1008 3233 1055 3289 sui
1074 3234 1196 3302 fuerant

118 3299 193 3371 iuris,
220 3304 365 3360 inritatae
392 3315 487 3360 essent
511 3306 552 3360 ad
579 3324 668 3361 unum
696 3306 910 3361 admittendum
937 3316 1025 3379 caput
1050 3305 1102 3361 sub
1127 3323 1193 3379 quo,

118 3375 279 3441 reformatis
309 3375 581 3442 Constitutionibus,
603 3396 692 3431 unum
714 3375 863 3451 efficerent
884 3376 1051 3433 institutum
1072 3378 1195 3450 religio·

117 3459 183 3513 snm,
194 3446 355 3521 pluresque
369 3448 400 3502 id
412 3447 490 3503 ultro
503 3450 689 3523 recepissent,
711 3449 793 3505 aliae
815 3460 912 3504 tamen
931 3448 1092 3522 pristinum
1115 3449 1194 3523 regi-

119 3532 175 3571 men
204 3520 333 3574 retinere
364 3520 543 3575 maluerunt.
571 3521 656 3575 Hinc
684 3520 789 3578 localis
816 3520 963 3595 quaedam
989 3520 1195 3594 Superiorissa

119 3586 211 3646 domus
243 3592 439 3665 repugnantis
470 3592 684 3648 consociationi
711 3592 808 3649 anxia
836 3609 898 3649 esse
926 3592 1022 3665 coepit
1051 3610 1089 3648 an
1119 3590 1196 3653 forte

119 3658 146 3713 S.
165 3660 243 3717 Sedis
260 3662 405 3718 uoluntati
427 3663 580 3719 obsisteret
601 3664 718 3725 dederet
739 3682 775 3721 ue
796 3681 865 3720 suas
879 3663 1023 3720 moniales
1036 3680 1144 3738 cogere
1157 3665 1197 3719 ad

120 3744 147 3808 se
159 3731 224 3788 aliis
235 3734 470 3809 coniungendas.
494 3734 603 3791 Verum
617 3737 649 3791 S.
667 3736 700 3792 C.
739 3740 930 3811 piscoporum
950 3746 978 3792 et
995 3735 1195 3810 Regularium

122 3803 198 3857 tussit
210 3821 273 3860 eam
288 3822 353 3861 esse
367 3805 441 3861 bono
455 3808 567 3871 anima,
589 3826 654 3863 cum
670 3808 784 3863 nullum
800 3808 891 3863 fatum
912 3817 986 3863 esset
993 3818 1195 3880 praeceptum.

123 3870 153 3925 fn
166 3892 218 3946 qua
238 3877 334 3948 specie
355 3877 438 3945 facti,
462 3896 528 3933 cum
550 3879 638 3934 liceat
649 3880 680 3935 S.
695 3881 781 3936 Sedis
791 3880 900 3949 sortem
913 3880 1005 3935 simul
1022 3896 1059 3934 ac
1076 3896 1195 3935 suavem

123 3956 241 4014 spectare
267 3949 416 4023 spiritum,
445 3950 566 4005 adducti
591 3968 690 4007 sunaus
721 3962 752 4006 ut
783 3951 869 4007 breve
897 3951 944 4005 lric
964 3967 1197 4025 proponeremus

139 4172 157 4283 8¹
164 4174 219 4286 5Cir.
235 4178 389 4226 Monumenta
405 4181 506 4239 nostra,
525 4193 551 4226 n.
569 4175 618 4241 63,
631 4192 658 4237 p.
677 4184 728 4235 337.
741 4177 784 4225 vel
801 4176 890 4237 ipsum
905 4175 1057 4235 supplicem
1075 4172 1197 4225 libellum

128 4253 135 4281 l
151 4254 162 4293 7
177 4276 182 4288 ,

153 4306 264 4359 ssimttis
283 4310 435 4361 sententiae
446 4316 486 4359 est
497 4310 613 4371 scriptor
625 4313 694 4360 Rev.
708 4312 815 4363 Tanos.
829 4312 852 4359 F
854 4324 936 4373 nanc.
954 4326 1016 4367 1904·
1040 4324 1066 4369 p.
1077 4316 1128 4359 653.
1145 4316 1197 4368 654.

1278 3260 1389 3319 Campen-

1248 3317 1312 3364 dinm
1322 3320 1359 3364 in·

1248 3379 1350 3423 stantiae

1245 3433 1331 3493 sactae.
