2959 4900
306 350 328 385 s.
345 350 402 384 tua.
419 349 500 385 cous.
518 350 729 385 enaucaouuriu
746 350 828 385 Tana.
844 350 909 385 ono.
1108 327 1148 388 45

83 486 118 540 SS.
130 484 308 539 sacramenti
321 499 409 553 super
421 484 492 538 alias
511 483 678 539 sodalitates
697 483 727 538 in
745 483 983 541 Processionibus
996 482 1026 537 in
1041 482 1148 555 quibus

82 555 189 611 defertur
202 555 280 610 SSma
295 555 486 623 Eucharistia,
501 572 562 610 non
575 567 675 610 autem
687 572 776 628 super
790 556 906 611 Tertios
920 554 1064 610 Ordinesl

108 629 137 682 Et
149 644 229 681 sacra
241 627 343 681 eadem
356 627 563 698 congregatio,
579 627 616 681 ad
629 626 803 682 relationem
815 626 969 699 subscripti
983 624 1146 692 secretarii,

82 698 207 770 exquisito
221 697 435 753 commissionis
450 698 615 769 Liturgicae
630 696 779 770 suffragio,
795 714 885 770 reque
895 696 996 754 sedulo
1006 713 1149 770 perpensa

82 769 280 824 rescribendum
294 769 424 825 censuit:
1124 824 1127 832 ,

106 842 144 895 lld
156 842 178 895 Ι.
192 842 217 895 A
216 840 382 915 ffirmative
391 840 422 895 in
434 857 504 895 casu
515 860 523 909 3
538 829 588 895 sed
601 839 737 895 Tertiarii
750 838 1110 912 uniuscuiusqueOrdinis
1120 850 1148 894 et

81 912 333 968 confraternitatum
351 911 465 967 sodales
483 912 620 967 hortandi
635 922 712 978 sunt,
724 924 757 966 ut
770 922 878 966 vestem
892 910 1044 982 integram,
1059 910 1147 981 vulgo

81 1001 190 1108 saluum,
202 984 233 1039 in
257 983 495 1039 Processionibus
518 999 554 1038 ex
574 982 698 1055 antiquo
712 994 740 1037 et
753 981 892 1037 laudabili
908 981 1052 1038 Ecclesiae
1065 997 1148 1037 more

82 1072 104 1109 ve
113 1067 151 1109 rnt
164 1070 321 1111 assumere.

105 1126 144 1179 Ad
171 1128 209 1181 Il.
241 1128 266 1181 A
266 1124 454 1199 ffirmative,·
481 1136 625 1181 reservata
649 1124 754 1196 iugiter
778 1124 980 1198 praecedentia
1011 1123 1156 1179 fratribus¹
1183 1124 1186 1135 “

82 1197 187 1253 cuiusvis
199 1198 292 1254 Tertii
306 1197 434 1252 Ordinis.

105 1271 194 1341 Atque
208 1270 247 1325 ita
259 1268 413 1342 rescripsit,
428 1268 475 1323 die
491 1285 523 1324 io
537 1266 704 1322 novembris
721 1266 797 1338 1905.

547 1342 583 1393 A.
604 1338 690 1393 Card.
710 1338 843 1402 Tanau,
863 1336 1039 1401 Pro-Praei.

479 1411 520 1467 D.
534 1409 651 1477 Punici,
666 1409 808 1483 Archiep.
822 1408 984 1465 Laodicen.
999 1410 1110 1464 Secret.

1230 1264 1289 1312 Dies
1324 1266 1363 1322 (ιο
1443 1264 1444 1311 r

1201 1326 1348 1382 nov.1905.)
1443 1340 1444 1357 i
