2959 4900
95 436 165 519 [52]
213 459 237 496 s.
254 460 279 495 c.
294 423 382 495 suras
397 458 500 495 nacor.
517 458 671 494 axrnaonu.
690 433 857 494 assaavmo
875 456 1080 494 aucnnursrma
1134 429 1193 497 v‘liii

170 645 241 734 52.
263 697 305 709 -
325 658 361 730 s.
386 659 421 729 t.
446 657 577 730 surra
600 657 780 730 urentis
804 634 1124 762 ecciesiasticis

473 765 826 837 rxrrrnanunnts
915 767 919 775 ·

163 948 378 1005 INDULTUM
394 949 404 984 ¹
422 948 493 1014 (EX
507 948 733 1004 AUDIENTIA
752 947 844 1012 SSW)
870 949 890 1004 9
907 949 1024 1010 FEBR.
1044 949 1127 1005 1904

93 1116 295 1185 (Granaren.)
306 1115 514 1172 assemano
525 1114 773 1178 Eucharistiae
782 1115 820 1171 ln
831 1115 972 1172 sacellis
982 1115 1191 1208 Monlalinm

279 1220 285 1246 l

129 1285 333 1359 Superiorissa
354 1287 505 1343 Generalis
529 1287 658 1343 instituti
683 1288 836 1358 Sororum,
860 1287 948 1359 vulgo
967 1287 1188 1358 Mercedarias,

94 1359 155 1414 iam
170 1357 321 1414 definitive
336 1375 354 1414 a
367 1360 398 1416 S.
420 1360 495 1417 Sede
508 1359 671 1433 approbati,
697 1358 838 1415 dioecesi-s
862 1359 1049 1416 Granatensis
1071 1359 1102 1415 in
1124 1361 1191 1416 His·

94 1429 196 1504 pania,
218 1430 255 1485 ad
268 1430 356 1504 pedes
375 1429 542 1489 Sanctitatis
555 1431 675 1487 Vestrae
688 1431 853 1504 provoluta,
879 1431 1049 1558 suppliciter
1060 1443 1144 1505 rogat
1157 1443 1189 1488 ut

94 1504 130 1558 ad
154 1501 341 1585 spiritualem
361 1502 596 1585 consolationem
609 1503 761 1584 Sororum,
783 1502 814 1558 in
833 1519 915 1559 omm
937 1519 971 1558 us
988 1503 1105 1584 ‘sa-cellis
1128 1515 1189 1560 tam

93 1574 226 1646 publmts
251 1591 342 1647 quam
363 1586 481 1647 privans
506 1573 574 1631 dtctl
602 1575 730 1630 Institutt
746 1575 848 1631 8vam
868 1574 1069 1632 Eucharistiae
1090 1575 1189 1632 Sacra·

94 1657 234 1704 mentum
246 1646 385 1703 asservari
397 1645 500 1720 possit.
515 1648 553 1702 Et
567 1647 654 1716 Deus,
671 1658 725 1703 etc.

213 1837 216 1841 ⁸
306 1767 359 1824 Ex
371 1767 536 1824 Audientia
551 1769 639 1839 SSmi,
655 1769 733 1840 dieo
741 1768 896 1842 februarii
910 1784 982 1839 1904
1040 1827 1041 1830 ,
1272 1773 1331 1821 Dies
1343 1777 1367 1833 (9

130 1890 226 1946 sgmus
241 1889 386 1945 Dominus
401 1892 508 1946 Noster
524 1889 594 1946 Pius
607 1890 705 1946 divina
722 1889 907 1947 Providentia
925 1865 981 1946 Pl).
996 1890 1032 1957 X,
1047 1889 1189 1947 referente
1239 1829 1398 1962 sesamo

97 1959 288 2042 infrascripto
301 1963 332 2016 S.
344 1961 377 2017 C.
389 1961 521 2034 Negotiis
534 1961 745 2020 Ecclesiasticis
756 1961 998 2018 Extraordinariis'
1008 1961 1189 2034 praepositae
1243 1971 1276 2018 aa
1287 1973 1358 2040 qurjn-

97 2035 273 2100 Secretario,
301 2032 426 2106 benigne
453 2032 573 2089 indulsit
596 2035 632 2089 ad
655 2033 903 2107 quinquennium,
931 2045 964 2089 ut
990 2032 1021 2088 in
1046 2033 1189 2090 Oratoriis
1243 2043 1376 2098 querutum,

97 2105 225 2177 publicis
238 2105 392 2170 Sororum,
414 2107 449 2162 de
467 2104 574 2177 quibus
587 2105 619 2161 in
634 2106 768 2188 precibus
784 2123 880 2162 sermo
894 2116 946 2174 est,
962 2106 998 2160 de
1011 2105 1188 2162 conscientia
1242 2087 1405 2193 ⁶22²‘05Jfflm

97 2189 124 2232 et
135 2176 276 2250 prudenti
289 2175 410 2233 arbitrio
424 2177 572 2234 Ordinarii
585 2177 652 2247 loct,
664 2177 803 2235 asservari
815 2177 905 2251 possit
923 2177 974 2234 SS.
988 2172 1189 2234 Eucharistiae
1239 2149 1404 2264 hispanicis.

97 2249 333 2317 Sacramentum,
357 2250 476 2305 servatis
498 2249 775 2322 praescriptionibus
799 2251 850 2305 SS.
879 2248 1000 2305 Rituum
1024 2249 1189 2323 Congrege-

97 2320 186 2376 tionis
209 2336 238 2377 et
258 2320 421 2376 dummodo
441 2321 549 2378 Missae
573 2321 750 2377 sacrificium
776 2321 886 2395 pluries
910 2320 941 2376 in
959 2320 1145 2380 hebdomada
1158 2319 1189 2378 in

98 2391 201 2448 iisdem
215 2391 360 2448 Oratoriis
373 2392 547 2449 celebretur.
1267 2438 1283 2462 „
1350 2456 1355 2471 -‚

133 2476 240 2545 Quoad
263 2477 400 2534 Oratoria
423 2477 543 2550 privata,
567 2478 646 2533 idem
671 2478 762 2534 ssmus
786 2477 932 2534 Dominus
954 2477 1066 2535 remisit
1089 2495 1190 2551 preces
1217 2539 1220 2544 ,
1272 2472 1385 2563 propat.

99 2548 257 2604 Ordinatio
282 2548 340 2604 loci
365 2566 433 2605 cum
457 2549 644 2605 facultatibus
671 2550 840 2607 necessariis
872 2561 900 2605 et
931 2550 1107 2623 opportunis
1132 2550 1190 2606 illis
1243 2562 1364 2627 variaret

98 2620 247 2676 annuendi
262 2637 317 2694 pro
339 2636 391 2676 sua
410 2621 588 2678 conscientia
609 2635 637 2677 et
657 2621 795 2695 prudenti
818 2620 949 2691 arbitrio,
973 2621 1137 2678 dummodo
1159 2621 1190 2678 in
1244 2632 1370 2685 commisse

98 2690 146 2764 pia
159 2691 249 2748 domo
262 2692 367 2747 saltem
379 2703 437 2749 tres
456 2695 579 2750 Sorores
596 2705 828 2761 commorentur,
853 2694 943 2749 Missa
965 2706 1009 2751 ter
1030 2693 1061 2748 in
1081 2692 1189 2750 hebdo·
1245 2675 1379 2780 frimam

98 2763 185 2819 mada
202 2764 232 2819 in
252 2764 361 2820 sacello
382 2766 554 2835 celebretur,
583 2765 688 2822 Sacrae
714 2765 837 2821 Hostiae
863 2764 978 2839 saepius
999 2776 1187 2836 renoventur,
1255 2747 1301 2781 ⁰⁶⁸⁶

98 2835 209 2907 lampas
223 2848 290 2892 ante
303 2836 541 2893 Tabernaculum
556 2836 755 2893 indesinenter
767 2837 894 2893 lucescat
909 2848 937 2893 et
950 2836 1039 2893 clavis
1058 2836 1189 2894 eiusdem

98 2907 294 2964 Tabemaculi
315 2924 406 2981 penes
428 2910 616 2965 Sacerdotem
637 2909 792 2982 diligenter
811 2909 1001 2965 custodiatur.
1027 2908 1189 2965 Contrariis

100 2978 335 3053 quibuscumque
349 2997 410 3036 non
423 2981 618 3037 obstantibus.

137 3067 243 3121 Datum
266 3068 388 3134 Romae,
411 3082 427 3121 e
449 3065 610 3122 Secretaria
630 3064 763 3121 eiusdem
786 3065 816 3121 S.
833 3066 955 3137 Congu,
972 3063 1029 3134 die,
1045 3082 1145 3123 mense
1161 3076 1189 3122 et

100 3154 179 3194 anno
190 3150 222 3193 ut
236 3155 336 3211 supra.

596 3209 714 3276 Petrus,
730 3208 869 3282 Archiep.
888 3208 1049 3265 Caesarea.
1065 3210 1148 3265 Secr.

523 3347 753 3401 Auuornrronas

141 3485 164 3521 1.
179 3466 298 3539 Legenti
311 3465 459 3522 indultum
481 3477 559 3540 patet
580 3483 750 3523 concessam
769 3468 821 3524 SS.
838 3466 1039 3525 Eucharistiae
1059 3486 1185 3526 asserva-

101 3537 220 3605 tionem,
235 3555 306 3607 esse,
323 3537 412 3593 etiam
432 3538 464 3593 in
485 3538 621 3595 oratoriis
637 3538 777 3611 publicis,
799 3538 900 3613 aliquo
913 3539 1003 3595 modo
1017 3540 1185 3597 auctoritati

103 3609 236 3683 Episcopi
257 3609 424 3666 obnoxiam.
449 3610 528 3667 Inter
543 3611 664 3683 publica·
680 3623 709 3667 et
730 3611 843 3693 privata
856 3611 984 3667 oratoria
999 3612 1072 3667 illud
1086 3625 1186 3670 tamen

103 3680 226 3751 interest,
247 3681 328 3763 quod
353 3681 578 3739 asservationem
601 3683 631 3738 in
658 3683 782 3756 publicis
807 3682 942 3739 oratoriis
964 3684 1098 3740 concedit
1124 3685 1187 3767 ipse

106 3751 234 3809 Pontifex
255 3765 295 3809 tta
315 3766 350 3809 ut
364 3752 500 3827 Episcopi
521 3754 676 3810 arbitrium
693 3754 892 3829 prohibendos
911 3768 1020 3829 spectet
1041 3773 1112 3813 usus
1134 3774 1187 3811 nn-

102 3821 263 3895 prudentes,
282 3826 354 3881 dum
373 3824 520 3897 integrum
532 3826 598 3881 fecit
614 3827 762 3900 Episcopo
782 3827 1007 3885 asservationem
1022 3826 1053 3883 in
1070 3827 1188 3899 privatis

105 3896 234 3952 oratoriis
248 3896 416 3971 permittere
425 3896 470 3953 vel
486 3897 654 3970 prohibere.

142 3994 167 4031 2.
185 3979 258 4052 Inter
277 3978 430 4054 impositas
452 3980 539 4052 legeS,
567 3982 702 4037 observes
725 3998 787 4037 non
814 3980 872 4037 iam
895 3981 1024 4055 praecipi
1047 3993 1079 4037 ut
1098 3981 1197 4039 missa.

104 4047 206 4173 hoiidie
218 4050 247 4107 in
257 4052 393 4108 oratoriis
403 4052 572 4123 celebretur,
585 4054 635 4109 sed
645 4053 714 4109 satis
727 4070 789 4111 esse
802 4054 825 4110 si
839 4053 948 4127 pluries
962 4052 992 4109 in
1002 4053 1186 4110 hebdomada

128 4136 147 4173 a
162 4160 168 4173 .

145 4204 300 4262 inculcatur
313 4206 420 4263 iterum
433 4206 568 4264 condicio
582 4226 673 4281 quam
686 4208 896 4279 indesinenter,
918 4208 1017 4267 nescio
1031 4226 1069 4265 an
1091 4208 1194 4287 effice-¹

137 4448 146 4478 ¹
165 4449 310 4504 Cnuomsra
319 4467 549 4515 conrrnrornrn,
562 4460 629 4516 1905,
639 4469 665 4515 p.
680 4464 732 4513 432.
