2959 4900
743 340 925 376 nortuum

285 479 493 546 saecularibus,
512 478 659 551 Episcopo
672 477 739 533 1031.
755 478 841 546 Quod
855 495 907 551 per
920 492 951 532 se
964 476 1086 550 patescit
1097 497 1103 540 ;
1116 475 1209 532 immo
1222 478 1282 533 iam
1295 479 1376 544 satis,

284 547 372 604 etiam
396 550 498 606 silente
522 562 631 606 statuto
655 550 839 614 dioecesam,
864 560 908 604 est
931 549 1048 604 decreto
1068 548 1220 621 Vigilanti
1238 551 1378 622 praescri-

284 622 591 749 ffissmisfflgffffm
604 621 790 694 disciplinam
803 621 943 676 intactam
955 619 1064 692 linquit
1075 620 1270 676 novissimum
1279 622 1378 677 deere-

320 776 465 843 Quocirca
485 777 662 833 arbitramur
684 776 774 849 priori
801 775 891 830 dubio
914 792 976 830 esse
998 793 1034 830 ex
1053 773 1205 856 principiis
1226 772 1299 829 iuris
1320 773 1378 829 hoc
1401 801 1408 814 ·

284 847 374 901 modo
393 848 631 923 respondendum
649 868 666 905 ε,
681 848 827 914 «Perse,
843 845 926 902 nulla
948 863 1023 919 opus
1047 858 1090 902 est
1105 846 1243 927 Episcopi
1260 846 1378 902 licentia

282 929 316 972 ut
332 921 487 990 ltegulares
502 921 703 992 eleemosynas
719 919 877 974 Missarum
899 917 1040 990 colligant
1053 935 1171 991 easque,
1187 931 1276 972 ettam
1295 929 1378 972 extra

283 988 451 1060 dioecesim,
473 991 610 1047 fratribus
631 991 750 1046 tradant
770 990 968 1046 celebrandas.
984 991 1046 1045 Per
1060 990 1197 1045 accidens
1212 1007 1246 1044 ea
1259 989 1378 1044 licentia

284 1063 450 1186 repuiritur,
467 1064 559 1119 immo
573 1079 627 1118 nec
644 1079 759 1132 semper
771 1061 905 1129 sufficiet,
928 1060 952 1116 si
966 1061 1002 1116 de
1022 1061 1117 1116 missis
1129 1074 1232 1131 agatur
1251 1078 1329 1142 quae
1342 1078 1377 1116 ex

283 1149 319 1186 vo
335 1147 434 1191 untate
446 1135 572 1191 auctoris
586 1133 722 1206 stipendii
736 1145 805 1188 3003
817 1147 898 1189 33330
912 1133 979 1188 1030
993 1132 1038 1187 vel
1054 1134 1130 1187 intra
1146 1133 1286 1189 dioecesis
1302 1131 1377 1188 fines

282 1203 485 1274 celebrandae;
498 1205 662 1278 requiretur
674 1205 764 1260 etiam
773 1205 797 1260 si
808 1205 913 1261 missae
924 1204 1033 1260 fuerint
1047 1222 1082 1260 ex
1092 1205 1209 1260 decreto
1226 1202 1378 1278 Vigilanti

283 1278 440 1333 tradendae
456 1277 603 1352 Episcopo
617 1275 685 1332 loci.
700 1299 717 1328 »

320 1361 362 1414 De
375 1359 467 1414 altero
487 1374 586 1416 autem
600 1360 733 1433 quaesito
749 1360 790 1416 sic
809 1359 951 1416 dicemus,
968 1360 1037 1416 Sine
1051 1359 1159 1415 iniuria
1173 1377 1234 1414 non
1249 1359 1377 1414 habetur

283 1431 425 1486 damnum
437 1433 554 1503 proprie
567 1432 688 1488 dictum.
705 1434 747 1488 Ut
760 1431 878 1505 speciali
894 1432 1029 1487 consulat
1041 1431 1183 1488 dioecesis
1196 1429 1374 1495 necessitati,

282 1503 388 1573 poterit
403 1502 564 1576 Episcopus
578 1503 626 1575 pia
640 1503 681 1559 uti
697 1503 913 1565 adhortatione,
928 1503 984 1572 vel,
999 1503 1024 1559 si
1039 1503 1095 1558 iuri
1118 1503 1271 1559 communi
1291 1503 1377 1558 dero·

282 1590 351 1644 gare
365 1574 444 1642 velit,
460 1576 490 1630 S.
505 1576 588 1631 Sedis
601 1575 759 1648 impetrare
772 1575 932 1630 indultum.

333 1847 399 1932 21.
424 1901 465 1908 -
487 1846 710 1931 unicornu
731 1861 849 1929 0333
873 1861 908 1930 3.
933 1861 1068 1931 senen
1093 1863 1145 1931 er
1169 1835 1332 1934 333003

694 1967 960 2038 03000300

629 2128 744 2181 ΙΝΙΤΑ
764 2128 802 2181 19
820 2128 925 2182 ΙΠΝΙΙ
943 2129 1025 2183 3904

589 2265 643 2322 De
671 2269 853 2324 Institutio
881 2268 1062 2340 religiosis

317 2411 422 2467 Pactio
435 2412 502 2481 ista,
518 2429 578 2487 qua
591 2412 796 2469 institutorum
812 2413 1025 2488 religiosorum
1046 2413 1176 2469 iuridica
1192 2414 1271 2468 ratio
1291 2415 1373 2469 ordi-

280 2495 379 2552 natur,
396 2484 489 2539 latino
504 2485 623 2557 quidem
637 2485 780 2541 idiomate
789 2497 833 2541 est
844 2488 933 2541 etiam
947 2486 1126 2558 conscripta.
1146 2484 1266 2551 Verum,
1278 2485 1374 2542 donec

279 2572 298 2610 a
322 2555 519 2611 Parlameuto
544 2556 698 2629 hispanico
722 2568 791 2612 rata
813 2558 968 2623 habeatur,
993 2557 1088 2611 latina
1113 2557 1291 2629 conscriptio
1311 2576 1372 2613 nou

280 2625 462 2700 vulgabitur,
479 2645 516 2682 ac
524 2645 582 2699 pro
596 2628 765 2683 authentica
781 2629 860 2684 valet
877 2629 1043 2701 hispanica,
1065 2628 1114 2682 cui
1129 2627 1279 2703 gallicam
1292 2630 1383 2683 subi·

279 2697 373 2752 cimus
400 2699 565 2753 versionem
590 2699 699 2771 qualis,
724 2700 832 2773 paucis
858 2700 988 2768 mutatis,
1012 2699 1128 2774 prodiit
1152 2699 1181 2753 in
1203 2701 1371 2767 Qursrrons

279 2786 454 2837 aerumnas,
470 2781 489 2825 t.
504 2773 549 2839 75,
559 2788 592 2844 p.
607 2770 670 2826 356.

97 2879 225 2925 Papum,
316 2855 356 2908 Su
370 2853 510 2909 Santidad
523 2855 549 2909 el
564 2855 656 2909 Sumo
672 2854 815 2909 Pontifiee
831 2856 883 2910 Pio
897 2856 955 2927 Xy
971 2856 1000 2910 S.
1017 2855 1059 2909 M.
1075 2854 1102 2909 el
1123 2855 1184 2926 Rey
1197 2854 1322 2910 catolico
1336 2857 1373 2911 de

65 2946 96 2980 ns
121 2941 141 2980 et
158 2935 226 2996 pacti
281 2928 397 2997 Espana
412 2926 447 2979 D.
462 2924 587 2981 Alfonso
604 2926 686 2991 Xlll,
701 2944 757 2981 con
770 2927 796 2981 el
810 2925 852 2981 lin
869 2927 905 2982 de
918 2926 1028 2981 aelarar
1047 2927 1089 2980 133
1108 2926 1200 2980 dudas
1211 2926 1374 2983 suscitadas

64 3005 143 3040 mm·
279 2997 365 3051 sobre
378 2996 406 3051 la
418 2996 562 3051 situation
574 2997 697 3068 juridica
710 2998 746 3052 de
760 2997 802 3051 las
815 2998 946 3053 Ordenes
965 2996 1115 3068 religiosas
1127 3013 1164 3051 en
1181 2998 1299 3069 Espana
1311 3015 1331 3071 y
1344 2999 1374 3053 13

279 3068 503 3140 interpretacidn
517 3086 535 3140 y
550 3069 667 3125 alcance
682 3085 740 3141 que
754 3069 827 3123 debe
840 3070 924 3125 darse
943 3086 979 3124 en
999 3079 1059 3124 esta
1079 3067 1211 3135 materia,
1236 3069 1277 3123 asi
1294 3071 1311 3123 a
1327 3070 1373 3125 103

278 3138 417 3193 articulos
429 3139 475 3195 del
489 3141 675 3195 Concordato
690 3140 806 3211 vigente
827 3158 912 3196 como
925 3142 942 3194 ai
955 3140 999 3195 los
1018 3151 1169 3213 preceptos
1182 3140 1218 3194 de
1231 3139 1260 3194 13
1274 3140 1323 3213 ley
1337 3142 1373 3197 de
1469 3153 1470 3156 ’

278 3210 484 3265 Α30313310033
507 3212 542 3266 de
564 3212 600 3267 30
621 3212 657 3266 de
680 3211 763 3283 junio
777 3212 813 3267 de
835 3212 902 3284 1887
914 3213 965 3283 ys
984 3212 1027 3266 las
1046 3210 1278 3266 autorizaciones
1292 3223 1372 3267 otor-

277 3281 365 3352 gadas
387 3283 403 3335 ai
426 3282 468 3336 las
495 3282 627 3337 Ordenes
648 3300 666 3354 y
688 3300 768 3338 casas
791 3283 942 3355 religiosas
961 3283 1114 3338 existentes
1135 3300 1155 3355 y
1173 3282 1372 3340 resoluciones

278 3351 405 3407 dictadas
418 3370 472 3426 por
486 3352 640 3410 diserentes
649 3354 813 3410 Gobiernos
824 3355 909 3410 sobre
919 3365 979 3410 este
989 3354 1155 3428 particular,
1170 3353 1228 3408 han
1243 3355 1372 3411 resuelto

277 3422 460 3510 celebrar‘un
469 3425 626 3551 lponveniO,
642 3427 748 3499 a'tcuyo
761 3427 853 3482 efecto
868 3425 927 3480 han
940 3427 1104 3482 nombrado
1123 3442 1172 3481 sus
1186 3424 1371 3498 plenipoten·
1468 3477 1469 3484 ,

277 3510 391 3562 ciarros,
406 3514 422 3549 a
436 3512 467 3550 sa
489 3514 541 3551 er:

304 3693 331 3741 S.
344 3692 371 3741 S.
384 3693 409 3740 le
426 3693 576 3741 Souverain
588 3693 697 3741 Pontiie
709 3694 759 3742 Pie
776 3696 800 3742 X
810 3700 838 3742 et
848 3696 875 3744 S.
890 3696 930 3742 M.
943 3696 968 3742 le
978 3695 1020 3743 roi
1039 3692 1197 3754 catholique
1214 3692 1370 3754 d'Espagne

277 3761 313 3808 D.
324 3759 463 3819 Alphonse
480 3762 558 3817 XIII,
577 3761 633 3809 afin
644 3761 798 3811 d'e'claircir
815 3763 854 3808 les
872 3761 970 3809 doutes
988 3760 1035 3820 qui
1055 3774 1085 3809 se
1102 3770 1164 3808 sont
1183 3761 1271 3808 eleves
1287 3762 1372 3808 suria

276 3826 407 3874 situation
415 3826 556 3887 juridique
566 3828 614 3875 des
626 3828 727 3876 Ordres
744 3826 875 3886 religieux
894 3840 928 3874 30
949 3828 1079 3890 Espagne
1096 3832 1123 3874 et
1134 3826 1203 3875 dans
1220 3826 1371 3885 110333033-

276 3892 363 3941 tation
374 3900 400 3941 et
410 3895 437 3941 13
455 3895 548 3952 portee
565 3894 630 3954 qu'il
648 3894 708 3941 1303
726 3894 839 3948 donner,
852 3906 886 3940 en
899 3898 968 3941 cette
981 3894 1103 3949 matiere,
1121 3892 1175 3941 soit
1190 3906 1244 3940 aux
1259 3892 1371 3939 articles

276 3960 314 4007 du
325 3960 481 4007 Concordat
491 3973 525 4007 en
542 3960 669 4022 vigueur,
682 3959 734 4007 soit
752 3974 806 4007 aux
826 3958 1021 4018 prescriptions
1040 3960 1074 4007 de
1092 3960 1119 4007 13
1137 3959 1172 4007 101
1184 3972 1231 4006 303
1246 3959 1285 4005 133
1295 3970 1371 4005 3330-

276 4024 392 4073 31331003
403 4025 440 4073 du
452 4034 480 4073 30
487 4024 548 4084 juin
560 4034 615 4083 1887
626 4033 653 4074 et
668 4040 722 4075 303
733 4024 930 4073 autorisations
941 4026 1087 4074 accordees
1101 4040 1155 4075 aux
1165 4024 1268 4074 Ordres
1278 4031 1306 4072 et
1316 4037 1370 4071 aux

276 4091 396 4140 maisons
406 4090 562 4153 religieuses
572 4092 698 4148 existant,
710 4090 780 4139 ainsi
800 4092 902 4150 qu’aux
912 4091 1049 4139 decisions
1065 4091 1151 4150 prises
1169 4104 1220 4150 par
1230 4088 1369 4138 differents

276 4163 500 4217 gouvernements
515 4172 561 4206 sur
571 4165 642 4207 cette
652 4158 781 4218 question
788 4156 973 4216 particuliere,
985 4164 1034 4205 ont
1043 4158 1132 4205 333010
1144 4156 1178 4204 313
1188 4157 1317 4204 30031033
1331 4169 1369 4203 00

276 4221 377 4271 accord
387 4229 414 4270 et
424 4228 471 4271 ont
481 4225 589 4271 nomme
600 4224 615 4271 31
627 4232 670 4271 333
680 4222 744 4271 31133
754 4235 825 4283 pour
835 4224 908 4271 leurs
920 4222 1181 4283 plenipotentiaires,
1198 4221 1290 4271 savoir
1301 4235 1308 4271 :

306 4289 334 4337 S.
348 4289 376 4337 S.
388 4290 413 4337 le
423 4290 575 4339 Souverain
585 4290 694 4339 Pontile
704 4304 710 4339 :
