2959 4900
111 318 156 391 [66.
166 315 211 398 67]
281 338 304 373 s.
322 337 378 374 atr.
395 337 500 375 conca.
518 334 656 371 sessorum
671 334 823 371 nmuncmn
840 327 906 379 1903,
924 325 979 378 1905
1116 310 1176 371 165

111 494 123 523 «
141 470 331 546 Affirmative‚
358 488 392 527 ex
418 470 570 525 identitate
594 468 727 536 rationis,
755 468 837 545 iuxta
863 469 1018 524 Decretum
1042 467 1177 539 generale

109 544 172 613 3753,
184 544 283 599 datum
295 542 342 599 die
355 561 371 598 2
385 540 546 597 decembris
562 540 624 613 1891
641 552 650 577 1
665 562 692 595 ».
709 543 807 612 Atque
819 540 860 594 ita
873 539 1030 612 rescripsit.

139 627 182 682 Die
195 646 230 697 24
242 625 368 681 ianuarii
385 642 463 697 190²·

645 694 679 747 D.
695 693 783 749 Card.
800 694 949 762 Ferrarii,
964 694 1070 763 Praef.

498 776 538 832 D.
554 776 675 842 Panici‚
690 776 834 850 Archiep.
850 776 1014 831 Laodicen.
1029 777 1141 831 Secret.

109 1052 164 1138 tt.
183 1106 222 1114 -
244 1066 280 1135 s.
304 1065 450 1136 rtrum
474 1063 816 1135 totsststttottts
842 1062 879 1146 (ιι
903 1060 1070 1131 iaromir.
1095 1059 1179 1129 isos

474 1161 509 1229 et
531 1161 564 1228 12
588 1160 663 1228 maii
688 1158 791 1242 1905)

407 1333 617 1389 RESPONSA
635 1330 855 1386 LITURGIGA

109 1484 217 1556 congr.
246 1484 483 1542 Eremitarnm
509 1484 830 1541 camaldulensium
854 1484 988 1540 Montis
1019 1483 1179 1539 coronae

136 1643 166 1695 A.
179 1643 331 1716 Responsa
344 1659 380 1699 tr
393 1644 557 1699 decembris
571 1646 652 1714 1903.

118 1792 122 1800 Ι
135 1724 325 1781 Calendarista
338 1726 581 1799 Congregationis
594 1726 792 1781 Eremitarum
806 1724 1078 1781 Camaldulensium
1093 1724 1179 1778 Mon·

108 1804 135 1847 trs
146 1795 284 1864 Coronae,
300 1797 336 1852 de
349 1814 492 1852 consensu
511 1799 556 1853 sui
571 1797 743 1870 Superioris,
767 1815 784 1851 a
806 1798 893 1853 Sacra
908 1796 1030 1851 Rituum
1050 1796 1179 1866 Congre-

107 1865 205 1946 galone
240 1868 425 1941 sequentium
457 1869 615 1924 dubiorum
644 1869 824 1924 solutionem
850 1866 1015 1922 humillime
1042 1866 1179 1939 expetivit

109 1952 251 1995 nimirum:

135 2020 153 2073 l.
167 2022 211 2075 An
223 2022 254 2076 in
268 2021 325 2076 illis
338 2021 499 2077 Ordinibus
512 2022 705 2094 regularibus,
726 2023 758 2077 in
780 2022 889 2094 quibus
902 2022 957 2076 sub
975 2020 1078 2092 aliquo
1090 2018 1179 2074 titulo

107 2089 196 2146 colitur
211 2092 336 2167 Deipara
349 2094 439 2165 Virgo
461 2107 613 2165 tamquam
634 2096 772 2160 Patrona,
793 2094 898 2148 debeat
909 2091 973 2148 fieri
987 2092 1018 2146 in
1033 2088 1179 2161 suffragiis

107 2173 259 2219 sanctorum
274 2166 515 2220 commemoratio
530 2166 566 2220 de
588 2165 690 2220 eadem
714 2165 804 2220 veluti
824 2166 859 2219 de
875 2167 1011 2228 Patrona,
1027 2180 1096 2218 cum
1110 2178 1180 2216 con·

106 2245 174 2287 sueta
185 2235 346 2308 antiphona
358 2236 469 2291 Sancta
483 2236 590 2291 Maria
602 2252 744 2292 succurre
758 2235 886 2300 miseris,
901 2246 955 2291 etc.
976 2234 1090 2290 etiamsi
1104 2232 1180 2288 eius-

107 2302 162 2357 dem
174 2306 303 2361 officium
312 2324 434 2379 parvum
448 2308 478 2361 in
493 2308 592 2363 Choro
605 2308 760 2363 recitatum
773 2307 881 2362 fueriti

136 2460 184 2515 ΙΙΙ.
199 2464 246 2516 An
260 2461 318 2516 ritu
331 2462 504 2530 monastice,
522 2475 692 2518 occurrente
707 2463 780 2518 festo
794 2464 824 2517 S.
840 2463 974 2518 Thomae
988 2461 1178 2516 Contuarien.

107 2527 188 2600 Epist.
205 2533 303 2599 Mart,
318 2533 365 2588 die
385 2552 419 2606 29
441 2534 612 2601 decembris,
633 2534 664 2588 in
684 2531 848 2599 Dominic'a,
862 2534 893 2588 in
913 2533 1009 2605 primo
1031 2543 1180 2588 nocturno

105 2597 230 2670 legendae
243 2606 300 2659 sint
314 2604 467 2660 Lectiones
479 2605 506 2659 A
524 2605 630 2660 Mileto
644 2605 681 2658 de
701 2604 872 2672 Communi,
886 2605 931 2661 vel
945 2605 1042 2676 potius
1055 2604 1179 2659 Initium

105 2669 243 2742 Epistolae
254 2676 294 2730 ad
306 2676 468 2730 Romanos

135 2754 179 2809 lV.
196 2758 242 2812 An
252 2757 283 2812 in
294 2757 430 2813 Ecclesiis
442 2757 684 2829 Congregationis
699 2759 898 2814 Eremitarum
912 2756 1182 2813 camaldulensium

106 2821 203 2902 Montis
217 2829 358 2895 Coronae,
374 2829 406 2884 in
418 2829 605 2901 processione
619 2829 707 2884 feriae
726 2830 766 2883 Vl
782 2830 813 2884 in
834 2832 1000 2895 Parasceve,
1020 2829 1181 2884 cantandus

105 2907 135 2947 stt
149 2896 272 2969 hymnus
292 2899 416 2956 Vexilla
431 2900 511 2954 iuxta
522 2899 611 2954 ritum
626 2900 835 2970 monasticum,
850 2901 894 2956 vel
907 2902 1086 2956 romanuml

135 3051 167 3106 Et
180 3053 266 3109 Sacra
278 3056 381 3111 eadem
391 3054 601 3126 congregatim
614 3055 650 3109 ad
663 3053 839 3124 relationem
852 3055 1007 3127 subscripti
1016 3054 1179 3123 Secretarii‚

106 3122 192 3178 audito
202 3125 289 3181 etiam
301 3137 371 3182 voto
385 3125 609 3182 Commissionis
626 3126 801 3197 Liturgicae,
816 3127 1036 3181 rescribendum
1047 3126 1179 3181 censuit.

133 3205 175 3260 Ad
189 3209 213 3262 1.
236 3209 375 3281 Negative
388 3210 468 3264 iuxta
485 3209 639 3264 Decretum
656 3221 689 3264 n0
702 3211 785 3278 4043,
798 3208 874 3264 circa
887 3209 1182 3264 commemorationes

105 3278 225 3404 tpgetldapi
240 3281 274 3405 pp
296 3281 411 3336 Laudes
433 3282 462 3336 e't
485 3280 627 3353 Vesperas
640 3281 671 3334 in
689 3279 836 3352 suffragiis
857 3293 1036 3347 sanctorum,
1059 3299 1092 3352 27
1106 3279 1180 3334 iunii

134 3365 174 3420 99,
189 3367 204 3404 a
273 3393 279 3406 .

133 3460 173 3555 ild
189 3463 244 3560 hl:
259 3463 442 3560 ilffirmative
454 3463 491 3559 dd
506 3464 632 3577 primam
645 3464 771 3579 partem.
792 3458 934 3578 lleghtide
953 3465 990 3560 ad
1009 3462 1180 3561 secundam:

133 3583 174 3638 Ad
188 3587 239 3642 lV.
255 3589 337 3643 quta
351 3587 609 3644 consuetudinem.

237 3700 526 3726 ......‚

134 3697 225 3811 iltque
240 3705 278 3796 ita
289 3740 447 3814 rescripsit.
466 3722 523 3797 Die¹
536 3701 743 3798 H.de.ceffibr.is
757 3702 840 3815 ipo&
857 3704 865 3715 ο

541 3826 573 3880 S.
588 3826 675 3882 Card.
693 3828 836 3888 Caerom,
850 3826 881 3880 S.
899 3827 936 3880 R.
954 3825 987 3879 C.
1003 3825 1108 3895 Praes.

502 3907 541 3965 D.
558 3909 677 3976 Poenici,
694 3909 836 3981 Archiep.
854 3907 1016 3962 Laodicen.
1033 3907 1144 3962 Secret.
1175 3987 1178 3992 Ι

110 4029 441 4046 Ἢ

130 4099 138 4132 l
151 4101 181 4147 ln
191 4101 299 4152 decreto
310 4105 362 4155 isto
377 4104 594 4166 aequiperantur
604 4103 794 4152 anniversaria
810 4109 836 4152 et
852 4103 943 4152 officia
960 4103 1066 4151 dierum
1082 4110 1104 4159 3,
1124 4118 1138 4160 7
1155 4107 1182 4150 et
1219 4123 1221 4127 ·

106 4169 136 4236 ³⁰2
153 4166 234 4216 etiam
253 4172 323 4229 quod
341 4171 377 4220 ad
392 4171 452 4219 dies
470 4169 572 4230 quibus
590 4169 649 4218 fieri
671 4171 885 4230 permittuntur:
906 4171 925 4218 i.
946 4183 970 4218 e.
990 4167 1048 4216 fieri
1068 4173 1182 4228 possunt

105 4236 178 4301 ettam
188 4233 216 4280 in
227 4235 323 4285 diebus
332 4237 435 4298 quibus
446 4235 600 4284 celebratur
611 4236 710 4284 festum
720 4236 790 4284 ritus
801 4246 828 4286 2²
841 4238 928 4284 classe
939 4234 1083 4288 inferioris,
1094 4235 1182 4282 seclu-

106 4307 136 4341 sis
145 4301 234 4346 tamen
247 4300 411 4360 quibusdam
421 4303 525 4350 octavis
536 4304 579 4350 vel
589 4301 687 4350 diebus
698 4301 889 4363 privilegiatis.

1263 2003 1364 2047 unuln.

1252 2070 1277 2116 l.
1290 2069 1393 2116 Comme·

1234 2129 1339 2174 moratio
1360 2128 1394 2173 Β.

1234 2186 1273 2231 Μ.
1291 2185 1321 2233 V.
1334 2187 1395 2232 inter

1235 2241 1362 2303 suffragia.

1257 2469 1289 2515 H
1290 2469 1305 2515 I
1308 2503 1314 2516 .
1324 2469 1395 2514 Ritus

1235 2529 1380 2573 monasticus

1235 2586 1262 2630 in
1272 2582 1330 2639 festo
1340 2584 1369 2630 S.

1237 2642 1344 2688 Thomae

1236 2700 1385 2767 Qantuoren·

1235 2771 1279 2804 sts.

1256 2840 1271 2886 Ι
1277 2840 1306 2884 V.
1317 2838 1395 2896 Hym-

1235 2911 1280 2943 nus
1289 2895 1396 2943 Vexilla

1236 2956 1263 3000 in
1278 2953 1395 3001 Parasce-

1173 3011 1180 3025 ‘
1236 3026 1269 3060 oc.

1236 3097 1394 3147 Responsa.

1265 3217 1340 3267 Ati.
1432 3214 1435 3221 '
