2959 4900
325 274 388 338 ’108
767 299 969 340 surruuau'ra

327 435 558 526 regularibus,
592 459 672 507 cum
699 459 805 508 onere
833 453 1000 530 perpetuo
1027 436 1212 508 missarum
1237 434 1399 504 celebran-

327 524 453 595 darum
480 540 583 618 atque
608 527 752 598 illorum
779 527 938 617 personis
961 529 998 596 in
1024 529 1182 596 {uturum
1208 523 1402 615 simpliciter

327 614 550 706 acquirenda,
575 617 691 688 statim
713 618 842 709 deponi
869 618 998 687 debent
1014 639 1119 708 penes
1134 615 1256 685 aedem
1279 633 1402 682 sacram

327 706 381 774 vel
395 725 582 796 personam
596 706 667 777 fide
683 729 722 777 ac
737 708 960 778 facultatibus
976 706 1140 776 idoneam
1166 731 1196 793 r,
1224 718 1264 772 ut
1289 722 1400 793 quam·

326 794 483 884 primum
498 795 536 865 in
551 797 655 866 bonis
670 797 914 867 immobilibus
930 811 963 866 et
978 794 1161 866 fructiferis
1184 794 1400 876 collocemur,

327 905 409 954 cum
421 907 579 977 expressa
594 902 628 955 et
642 886 822 957 individua
838 887 960 956 annexi
984 886 1100 956 oneris
1115 883 1308 955 mentione.
1329 881 1401 949 Per·

327 974 409 1043 inde
435 977 651 1045 tractandum
668 991 718 1046 est
733 978 885 1067 pretium
901 977 1083 1046 obtentum
1111 996 1150 1044 ex
1177 971 1334 1043 alienatis
1349 970 1402 1038 his

327 1062 431 1134 bonis
446 1085 486 1133 ex
502 1065 689 1156 apostolica
703 1065 853 1136 licentia.

363 1178 410 1236 Ob
434 1191 546 1238 mutata
568 1196 668 1237 rerum
694 1181 840 1249 adiuncta,
867 1181 1041 1254 plerumque
1065 1179 1140 1235 alius
1163 1178 1217 1235 erit
1244 1175 1401 1233 suadendas

326 1250 467 1322 pecuniae
491 1252 680 1311 collocandae
706 1254 823 1321 modus,
850 1252 900 1326 qui
922 1253 1052 1326 prolecto
1074 1251 1128 1308 erit
1150 1249 1320 1324 permissus,
1343 1262 1402 1302 cum

327 1321 432 1379 melius
450 1323 487 1379 ad
509 1323 579 1397 legis
597 1324 688 1381 finem
709 1336 834 1398 aptetur.
860 1325 935 1380 Satis
957 1324 1054 1396 itaque
1073 1323 1136 1390 erit,
1162 1321 1184 1376 si
1207 1319 1329 1377 meliore
1349 1333 1401 1390 quo

327 1394 434 1466 poterit
442 1396 543 1466 modo,
554 1395 697 1454 fructibus
705 1396 831 1454 ferendis
841 1404 869 1454 et
882 1395 1029 1454 securitati
1042 1394 1211 1452 consulatur
1219 1413 1235 1445 «
1243 1391 1401 1466 capitalis».

372 1514 404 1561 2.
432 1491 666 1583 Regularibus
677 1507 852 1585 praeterea
868 1493 1077 1585 praecipitur
1089 1506 1127 1561 ut
1138 1490 1314 1583 quaelibet
1331 1487 1401 1557 mis·

327 1601 445 1650 sarum
461 1583 701 1673 eleemosynae
728 1584 767 1652 in
793 1605 894 1675 capsa
920 1582 1085 1674 peculiari
1109 1594 1323 1671 reponantur
1345 1576 1402 1646 sub

327 1669 465 1741 duabus
475 1672 640 1759 clavibus,
649 1694 801 1762 quarum
812 1695 883 1743 una
893 1694 999 1764 penes
1013 1671 1238 1763 Superiorem
1250 1668 1400 1752 localem,

326 1760 433 1830 altera
458 1781 564 1852 penes
588 1762 791 1853 religiosum
807 1785 826 1833 a
842 1763 993 1853 capitulo
1010 1758 1228 1832 conventuali
1246 1759 1401 1850 deputan-

326 1849 414 1918 dum
440 1851 650 1921 retineatur:
680 1853 723 1921 de
739 1853 869 1943 quibus
885 1851 1105 1922 eleemosinis
1132 1864 1165 1920 et
1180 1847 1401 1918 celebratione

327 1952 378 2008 est
393 1956 570 2010 menstrua
585 1941 673 2011 ratio
688 1942 856 2044 exigenda
870 1957 903 2011 et
919 1941 1094 2011 reddenda
1116 1960 1234 2009 coram
1255 1935 1401 2028 patribus

327 2028 483 2099 discretis
497 2051 558 2100 seu
574 2031 792 2101 consiliariis.
812 2032 868 2118 (C.
887 2031 1029 2122 Nuper,
1047 2053 1082 2098 n.
1101 2030 1174 2114 62.)

362 2143 549 2218 obligatione
562 2145 713 2204 habendae
726 2164 830 2228 capsae
849 2146 941 2216 istius,
962 2145 1021 2202 iam
1039 2145 1152 2202 dudum
1166 2143 1324 2219 dispensati
1343 2147 1400 2197 sunt

329 2215 442 2272 Fratres
464 2218 605 2286 Minores,
626 2219 665 2276 ob
678 2220 856 2294 peculiarem
880 2218 1011 2292 ipsorum
1030 2215 1207 2292 paupertatis
1221 2215 1362 2272 rationem
1375 2211 1397 2275 ¹;

327 2298 428 2361 estque
441 2288 509 2344 satis
521 2289 676 2347 verisimile
689 2307 754 2348 eam
768 2291 855 2348 etiam
868 2290 898 2346 in
918 2289 1052 2363 pluribus
1064 2288 1255 2363 religionibus
1268 2303 1330 2344 esse
1342 2297 1399 2341 con-

327 2359 480 2416 suetudine
494 2361 674 2435 abrogatam.

365 2443 494 2502 lnculcat
505 2458 604 2503 tamen
616 2446 767 2522 dispositio
780 2447 834 2505 ista
843 2447 945 2506 utilem
958 2447 1105 2519 omnibus,
1115 2445 1203 2504 etiam
1216 2441 1399 2503 saecularibus

328 2516 431 2587 agendi
450 2517 604 2587 rationem,
621 2519 653 2575 -id
673 2531 725 2589 est,
753 2521 912 2593 seponendi
931 2521 1172 2579 celebrandarum
1191 2518 1344 2574 missarum
1360 2528 1399 2586 pe·

327 2587 455 2658 cuniam,
470 2606 523 2645 nec
533 2591 568 2648 de
579 2608 612 2647 ea
625 2591 809 2665 disponendi,
820 2606 977 2667 antequam
987 2591 1160 2666 obligationi
1173 2591 1209 2649 sit
1221 2588 1397 2648 satisfactum·

578 2725 621 2795 V.
647 2726 702 2794 De
724 2727 911 2795 missorum
936 2724 1163 2794 translatione

370 2862 565 2947 Quatenus
596 2865 715 2933 liceat
744 2866 805 2933 vel
840 2887 916 2933 non
947 2866 1156 2933 trmsferre
1191 2862 1339 2928 missas.
1366 2891 1398 2901 -

332 2969 360 3015 r.
382 2947 638 3038 Distinguenda
654 2967 704 3019 est
715 2950 889 3039 imprimis
901 2971 1045 3018 onerum
1062 2947 1241 3018 translatio
1258 2959 1290 3013 et
1302 2960 1398 3011 trans·

327 3036 409 3105 latio
426 3038 612 3107 missarum
629 3060 669 3107 ex
685 3060 791 3109 onere
806 3039 1046 3108 dicendarum.

371 3139 555 3209 Fundutae
581 3141 707 3210 missae
734 3156 915 3232 nequeunt
942 3141 985 3209 ab
1014 3138 1155 3210 ecclesia
1181 3138 1219 3205 in
1235 3156 1303 3226 qua
1329 3142 1398 3231 sunt
1451 3192 1452 3229 ἦ

327 3230 532 3299 constitutae
544 3230 718 3299 transferri
731 3230 899 3314 absolute,
909 3230 975 3299 nisi
989 3251 1028 3298 ex
1041 3221 1396 3298 auctoritateS.Sedrs.
1451 3232 1452 3247 ¹

331 3316 526 3409 Episcopus
552 3341 659 3389 onera
690 3320 872 3389 transferre
903 3320 1025 3410 nequit
1056 3318 1099 3387 ab
1130 3338 1203 3386 uno
1234 3315 1272 3383 in
1301 3312 1397 3381 alium

327 3408 446 3476 locum
468 3408 536 3478 nisi
559 3414 596 3496 a)
617 3410 659 3477 ln
686 3410 828 3478 ecclesia
844 3408 1021 3500 designata
1038 3407 1163 3477 missae
1179 3402 1398 3497 impediantur

328 3496 580 3587 impedimento
608 3497 693 3568 iuris
720 3500 774 3567 vel
801 3498 891 3569 sacti.
922 3498 1052 3585 Quare,
1082 3496 1143 3565 ubi
1170 3495 1284 3564 diruta
1309 3490 1398 3587 fuerit

328 3586 471 3657 ecelesia
509 3587 585 3657 sine
623 3588 882 3657 restaurationis
920 3608 993 3671 spe,
1033 3599 1198 3676 perpetua
1236 3580 1397 3651 translatio

327 3675 371 3744 ab
387 3676 464 3766 ipso
482 3677 523 3746 C.
543 3676 752 3748 Tridentino
779 3677 1007 3746 committitur
1036 3676 1211 3763 Episcopo
1242 3665 1396 3762 facienda,
1450 3756 1451 3759 Ἴ

327 3785 410 3838 sess.
429 3766 528 3847 XXI,
548 3788 578 3837 c.
633 3768 688 3837 De
702 3767 976 3857 Reformotione.
1005 3766 1042 3851 b)
1063 3765 1273 3833 Facultatem
1296 3759 1397 3828 secent
1450 3768 1451 3817 t

327 3854 514 3944 fundator3
532 3860 568 3942 e)
586 3790 782 3926 &bremam
799 3858 843 3925 sit
865 3855 1097 3947 apostolicum
1113 3853 1301 3938 indultum,
1314 3838 1395 3936 quod

328 3943 433 4013 etiam
460 3960 499 4014 ut
520 3959 713 4016 ceterarum
740 3945 966 4015 ecclesiarum
981 3941 1174 4035 paupertati
1198 3938 1394 4037 consulatur,

327 4033 541 4123 quibusdam
553 4049 670 4105 tamen
687 4036 828 4105 servatis
845 4035 995 4125 legibus,
1009 4032 1185 4102 interdum
1198 4027 1393 4101 conceditur·

359 4279 367 4314 ¹
384 4280 440 4328 Cir.
453 4280 680 4339 Rarrrmsruar.
690 4283 709 4331 l.
722 4286 744 4339 5,
757 4284 777 4331 t.
790 4288 811 4338 3,
823 4293 850 4329 n.
863 4285 913 4335 213,
924 4276 986 4327 fine.
