2959 4900
442 813 612 908 ruas
660 814 953 908 ALTERA

307 1043 1079 1189 uuuuuuuua

280 1488 317 1574 1.
339 1541 379 1552 -
402 1500 437 1572 s.
463 1502 498 1570 a.
523 1502 558 1572 u.
581 1500 855 1572 iuuuuuuus
876 1501 927 1586 (s,
951 1501 1101 1586 urrini)

422 1687 663 1742 RESPONSUM
679 1687 874 1742 8-10MA11
892 1688 970 1742 1901

262 1851 316 1910 De
335 1854 518 1911 erectione
537 1854 878 1914 confraternitatum
897 1856 959 1916 ss.
979 1857 1122 1915 Rosarii

183 2023 239 2079 Nel
261 2024 353 2097 luglio
370 2026 379 2062 1
399 2027 444 2082 del
469 2046 545 2101 1900,
573 2028 649 2084 dalla
664 2030 694 2085 S.
716 2028 955 2101 Congregazione
977 2029 1014 2084 de
1031 2027 1240 2102 Propaganda

143 2095 176 2148 F
175 2094 233 2176 ide,
247 2097 382 2177 'd'intesa
401 2098 477 2154 colla
502 2100 532 2156 S.
562 2100 801 2173 congregazione
825 2100 902 2156 delle
912 2099 1114 2182 indulgeam,
1136 2099 1243 2181 furono

143 2165 254 2222 retenti
265 2168 321 2224 alla
335 2170 478 2243 Suprema
489 2171 727 2244 Congregazione
736 2173 783 2228 del
792 2173 821 2228 S.
833 2168 941 2228 Uffizio
955 2190 965 2226 t
982 2171 1083 2228 dubbii
1091 2181 1238 2243 seguenti:

184 2251 207 2305 1.
239 2252 286 2322 Se,
321 2255 400 2322 dopo
438 2253 466 2309 la
506 2255 705 2312 Costituzione
736 2255 906 2330 Apostolica
942 2255 1002 2312 Ubi
1030 2255 1161 2328 primum
1194 2253 1260 2308 delv

144 2341 160 2376 2
175 2323 292 2380 ottobre
308 2327 338 2380 18
357 2326 384 2395 8,
396 2343 412 2382 e
425 2325 453 2380 la
466 2325 655 2382 declaratoria
666 2328 694 2382 di
707 2345 780 2392 essa,
796 2327 936 2400 riportata
951 2327 981 2381 in
992 2329 1184 2401 augustana,
1193 2324 1240 2380 del

148 2412 181 2450 ιο
197 2407 299 2467 agosto
322 2345 398 2471 3139,
413 2414 500 2470 possa
518 2398 698 2457 continuarsi
713 2399 789 2455 dalla
810 2401 840 2456 S.
857 2397 1095 2473 congregazione
1109 2397 1146 2453 de
1157 2398 1241 2477 ⁸Pro·

137 2468 291 2548 pagando
309 2469 422 2525 Fide'a
443 2472 610 2541 consedere,
634 2489 718 2527 corne
763 2489 794 2528 er
817 2471 847 2527 lo
866 2470 994 2540 innanzi,
1017 2470 1073 2597 agli
1093 2468 1240 2526 Ordinarii

143 2538 223 2593 delle
238 2540 372 2596 Missioni
386 2542 422 2595 da
435 2558 497 2597 essa
511 2542 678 2616 dipendenti
698 2542 726 2598 la
739 2490 845 2599 1133133
859 2542 888 2598 di
902 2542 1013 2615 erigere
1043 2559 1059 2598 e
1075 2540 1240 2598 Confrater·

143 2609 207 2665 nite
234 2627 252 2664 o
276 2610 327 2666 Pie
354 2612 466 2668 Unioni
491 2614 537 2669 del
566 2616 616 2670 SS.
647 2614 769 2670 Rosario
792 2614 868 2671 colle
892 2614 1040 2688 rispettive
1065 2612 1240 2686 indulgenze

143 2682 298 2738 accordate
311 2682 358 2738 dai
372 2684 486 2741 Sommi
499 2684 641 2742 Pontefici
654 2718 690 2726 —
707 2688 740 2755 E,
756 2698 900 2759 quatenus
913 2686 1111 2762 affirmative3

183 2766 223 2822 11.
244 2766 281 2833 Se
294 2766 352 2839 agli
365 2768 513 2824 Ordinarii
533 2769 586 2825 che
600 2786 637 2825 ne
656 2786 790 2843 vengano
809 2769 939 2835 rivestiti,
956 2769 998 2825 sia
1012 2786 1085 2843 pure
1110 2782 1239 2823 necessa-

143 2836 199 2905 ria,
224 2855 275 2910 per
297 2856 403 2895 usarne
425 2840 630 2911 validamente‚
654 2858 714 2897 una
739 2840 864 2914 speciale
883 2840 1115 2898 autorizzazione
1134 2838 1181 2895 del
1206 2839 1239 2895 Ρ.

144 2910 289 2966 Generale
304 2910 350 2966 dei
366 2912 570 2969 Domenicani.
954 2913 957 2918 ’

460 3060 589 3137 Faria-I
596 3062 629 3130 V,
651 3062 700 3117 die
717 3065 737 3117 8
755 3062 830 3116 maii
847 3077 928 3131 1901.

184 3188 228 3267 13,
245 3190 479 3263 Congregatione
505 3192 639 3249 Generali
671 3196 700 3250 S.
731 3196 766 3258 R.
792 3205 822 3249 et
848 3195 886 3249 U.
916 3191 1117 3266 Inquisitionis
1139 3209 1240 3249 coram

144 3260 240 3315 ΕΕ11118
273 3278 307 3316 33
341 3263 433 3318 Rumis
466 3266 530 3320 DD.
561 3264 767 3322 Cardinalibus
794 3265 983 3332 Generalibus
1014 3263 1239 3337 inquisitoribus

142 3330 254 3400 habita,
264 3334 422 3405 propositis
436 3336 590 3408 praedictis
598 3336 703 3405 dubiis,
714 3336 943 3409 praehabitoque
958 3338 1021 3392 RR.
1035 3338 1098 3392 DD.
1114 3335 1240 3391 Consul·

142 3415 246 3458 torum
267 3416 347 3474 voto,
363 3404 451 3461 iidem
467 3408 528 3463 EE.
545 3426 579 3464 ac
601 3410 662 3465 RR.
680 3411 779 3465 Patres
791 3408 1031 3482 respondendum
1042 3407 1237 3465 mandarunt:

176 3656 183 3690 1
201 3652 233 3701 ld
248 3657 298 3711 est,
315 3652 413 3703 latine:
430 3656 525 3703 Mense
541 3654 608 3704 iulio
624 3654 688 3705 anni
702 3671 769 3713 1900,
783 3656 810 3704 S.
821 3656 922 3716 Congr.
935 3654 1160 3716 dePropaganda
1171 3654 1240 3705 Fide

143 3720 274 3769 convenit
298 3733 362 3769 cum
382 3720 410 3770 S.
430 3722 529 3782 Congr.
550 3722 784 3782 Indulgentiarum
805 3722 839 3769 de
857 3721 1011 3770 deferendis
1026 3721 1062 3769 ad
1077 3724 1240 3781 Supremam

143 3786 390 3849 Congregationem
401 3789 428 3836 S.
442 3786 532 3836 Officii
543 3786 721 3849 sequentibus
733 3787 827 3836 dubiis
841 3802 847 3837 :

174 3856 198 3903 Ι.
211 3855 311 3903 Utrum
326 3866 421 3909 necne,
433 3854 516 3901 etiam
527 3861 588 3913 post
599 3854 691 3902 Const.
704 3853 891 3913 Apostolicam
908 3854 956 3901 Ubi
969 3855 1082 3913 primum,
1096 3853 1240 3905 zoctobris

144 3930 202 3981 1898
209 3925 236 3969 et
245 3920 457 3969 declarationem
468 3920 569 3968 iactam
578 3918 606 3967 in
616 3922 766 3979 Augustam,
781 3920 919 3979 ioaugusti
932 3929 997 3979 1⁸99.
1009 3919 1128 3979 possits.
1137 3922 1237 3979 Congr.

143 3989 180 4037 de
190 3984 372 4047 Propaganda
382 3986 460 4043 Fide,
477 3991 508 4034 ut
517 3986 594 4045 prius
612 3986 701 4035 iacere
712 3985 824 4037 solebat.
842 3986 998 4035 Ordinariis
1010 3986 1173 4035 Missionum
1184 3987 1238 4039 sibi

1323 2040 1452 2099 congrega-

1296 2099 1369 2144 tiones
1381 2112 1437 2146 ora-

1295 2157 1373 2204 trices.

1322 2257 1415 2301 Dubia

1294 2308 1322 2356 de
1331 2315 1451 2366 erectione,

1296 2369 1322 2414 in
1329 2367 1453 2416 133131313-

1294 2427 1451 2483 3133333333-

1289 2482 1438 2545 fraternita-

1295 2544 1327 2589 tis
1338 2544 1387 2592 SS.
1405 2545 1453 2591 Ro-

1294 2602 1359 2647 tarii
1365 2616 1394 2649 cx
1402 2616 1452 2649 auc·

1296 2660 1394 2709 1331133
1403 2662 1432 2707 S.

1295 2716 1384 2773 Congr.
1396 2718 1422 2765 de

1295 2774 1434 2835 Propagan-

1294 2832 1318 2879 F
1320 2832 1365 2881 ide.

1322 3057 1382 3106 Dies
1398 3060 1424 3113 (8

1294 3117 1356 3164 maii
1365 3116 1443 3177 1901).

142 4053 286 4108 subiectis,
298 4050 419 4102 tribuere
429 4053 588 4101 facultatem
598 4052 718 4113 erigendi
731 4052 974 4102 Contraternitates
989 4054 1032 4101 vel
1042 4052 1106 4101 Pias
1116 4053 1239 4103 Uniones
1308 4051 1313 4065 ¹

143 4122 193 4171 SS.
206 4119 313 4169 Rosarii
326 4132 389 4167 cum
400 4118 517 4179 propriis
536 4118 712 4181 indulgentiis
730 4133 748 4167 a
767 4120 828 4168 RR.
846 4117 1028 4168 Pontificibus
1044 4119 1189 4170 concessis.
1211 4150 1239 4158 -

144 4188 182 4235 Et
190 4186 307 4247 Quatenus
317 4183 466 4244 affirmativa,
762 4244 765 4249 .

174 4255 211 4303 II.
230 4254 331 4301 Utrum
341 4266 427 4301 necne
438 4250 591 4301 Ordinariis
609 4250 661 4299 hac
679 4250 821 4299 instructis
839 4252 969 4300 facultate
984 4265 1053 4311 opus
1064 4252 1100 4300 ad
1116 4251 1239 4303 validum

142 4320 205 4369 eius
214 4332 296 4368 usum
306 4324 447 4379 praeterea
465 4318 500 4367 sit
514 4317 647 4378 peculiari
666 4315 779 4366 licentia
792 4319 824 4367 P.
837 4317 979 4367 Generalis
990 4319 1048 4367 FF.
1064 4319 1241 4369 Praedicato-

142 4400 215 4436 rum.
