2959 4900
90 481 95 488 '
111 484 176 532 Frui
186 489 240 544 pos·

81 542 187 588 suntad
207 541 241 588 lu·

82 598 185 646 orandas
203 602 243 648 in-

82 654 223 716 autgarius,

111 783 136 832 F
137 789 214 833 utaris

82 857 168 903 quoquc
187 849 243 892 lam·

78 902 185 959 poribus.

110 983 171 1031 Dios
181 984 221 1042 (14

77 1037 140 1099 seor.
153 1044 232 1101 190⁶)

114 3348 214 3436 Orator.

110 3666 211 3710 Dubia.

87 3721 150 3825 ἦρι
159 3721 240 3769 collec-

113 3903 151 3952 Do
161 3907 237 3954 masa

83 3963 239 4017 conventuali.

297 249 336 313 70
745 270 927 309 MONUMEN'I'A

296 419 394 465 mente
416 407 524 465 cotidie
550 409 656 463 Sancta
672 407 709 463 de
721 406 815 463 Altari
827 406 911 463 litare
924 416 1130 477 consuescunt,
1145 406 1279 481 quamvis
1295 404 1369 463 semel

296 489 348 535 aut
361 478 468 536 iterum
486 495 538 552 per
555 478 772 535 hebdomadam
791 496 808 534 a
827 478 1044 535 Communione
1063 479 1237 543 abstineant,
1258 477 1371 553 praefato

296 561 396 605 tamen
410 551 431 606 l.
447 569 470 606 r.
486 550 645 608 Clementis
661 551 714 622 Pp.
729 550 802 605 XIII
819 549 938 606 Indulto
950 548 1008 605 frui
1021 566 1107 623 posse
1118 550 1264 617 concedit,
1279 550 1372 621 absque

296 621 521 677 hedomadariae
544 620 624 678 illius
637 620 837 678 Confessionis
851 620 1040 695 obligatione,
1064 638 1140 693 quae
1154 621 1329 695 ceteroquin,
1342 618 1373 686 ad

298 692 497 765 Indulgentias
524 708 560 748 eo
585 693 725 764 temporis
752 692 907 749 intervallo
938 692 1125 748 decurrentes
1151 693 1208 749 rite
1233 690 1372 747 lucrandas

297 764 458 820 necessaria
482 775 616 820 exstaret.
637 765 725 820 Hanc
743 762 863 835 insuper
924 763 1012 819 etiam
1037 764 1141 835 eadem
1166 764 1309 820 Sanctitas
1331 778 1373 816 sua

296 835 401 892 firmas
422 852 543 916 quoque
567 835 749 909 temporibus
770 832 833 890 fore
855 852 889 890 va
902 834 1010 890 ituram
1036 835 1197 891 clementer
1220 831 1372 892 declaravit.

297 906 457 964 Contrariis
470 907 707 980 quibuscumque
721 923 783 961 non
795 905 990 963 obstantibus.

351 992 459 1047 Datum
487 991 608 1070 Romae,
636 1006 652 1046 e
678 989 838 1046 secretaria
863 988 893 1045 S.
921 988 1166 1069 Congregationis
1194 983 1374 1060 Indulgentiis

296 1062 443 1137 sacrisque
456 1060 598 1135 Reliquias
610 1060 805 1136 praepositae,
818 1060 866 1117 die
883 1078 916 1131 14
928 1059 1067 1117 februarii
1085 1062 1165 1134 1906.

738 1145 776 1201 A.
795 1144 883 1201 Card.
902 1144 1036 1214 Tamari,
1057 1144 1246 1216 Praefectus.

590 1229 670 1292 †'D.
690 1227 811 1296 Paniai,
831 1226 975 1301 Archiep.
994 1227 1170 1297 Laodiceae,
1190 1224 1375 1283 Secretarius.

754 1388 931 1442 Aurorarro

335 1524 492 1578 Decretum
516 1520 595 1577 istud
614 1520 672 1576 hoc
689 1520 781 1575 modo
806 1519 882 1575 Inter
903 1530 1053 1575 retamur:
1082 1521 1107 1589 1)
1128 1517 1227 1573 Etiam
1251 1515 1303 1588 qui
1326 1530 1377 1569 non

297 1594 395 1651 solent
419 1593 475 1649 nIsi
497 1592 655 1667 quinquies
677 1591 723 1647 vel
736 1590 829 1647 sexies
841 1536 916 1646 inibe
928 1589 1145 1646 hebdomadam
1159 1586 1375 1665 communicare,

298 1664 450 1739 privilegio
465 1664 521 1721 isto
536 1664 675 1719 fruuntur
686 1679 757 1735 qua,
771 1662 898 1735 exceptis
910 1661 1099 1734 indulgentiis
1109 1663 1140 1715 in
1154 1660 1250 1715 forma
1260 1658 1376 1725 iubilae1‚

297 1736 380 1792 nulla
394 1737 453 1792 iam
466 1736 600 1792 condicio
614 1732 807 1791 confessionis
829 1732 989 1805 requiritur
1008 1733 1045 1789 ad
1064 1732 1220 1788 lucrandas
1238 1728 1377 1810 indulgen·

298 1809 352 1864 tias
365 1808 454 1864 etiam
463 1807 620 1889 plenarias.
635 1812 662 1878 n)
670 1803 772 1861 Semel
784 1814 837 1859 aut
849 1804 957 1860 iterum
964 1804 1078 1877 itaque,
1090 1804 1180 1861 etiam
1191 1800 1376 1867 habttuahter,

297 1880 405 1953 poterit
418 1878 514 1936 omitti
527 1876 699 1934 communio
713 1877 743 1932 in
756 1875 952 1932 hebdomada.

336 1964 503 2020 Possuntne
520 1962 607 2017 verba
620 1960 675 2017 ista
693 1958 786 2033 accipi
800 1960 888 2016 etiam
907 1960 942 2014 de
961 1957 1107 2015 habituali
1124 1956 1284 2013 omissione
1300 1951 1378 2031 trium

298 2034 546 2090 communionum
561 2050 612 2106 per
624 2031 851 2088 hebdomadam.
874 2031 1013 2085 Fatemur
1031 2028 1061 2084 id
1073 2028 1182 2100 ambigi
1200 2042 1295 2101 posse.
1311 2024 1379 2079 Hinc

297 2119 383 2177 urget
397 2106 492 2161 istud:
514 2101 627 2160 favores
639 2114 709 2159 sunt
720 2101 882 2174 ampliandi
894 2122 901 2171 ;
922 2100 1004 2157 illinc
1015 2110 1086 2157 vero
1098 2097 1191 2179 semel
1210 2108 1264 2154 aut
1282 2096 1377 2176 iterum

298 2176 418 2251 proprie
431 2176 549 2231 dualem
558 2187 675 2230 tantum
684 2173 794 2229 indicat
807 2189 976 2229 numerum.
993 2173 1156 2239 Praeterea,
1170 2187 1192 2227 st
1205 2182 1249 2229 ter
1261 2176 1376 2247 omittas,

298 2248 346 2303 vix
361 2246 455 2303 maior
467 2259 510 2304 est
523 2261 665 2302 numerus
679 2244 796 2300 dierum
810 2243 919 2317 quibus
934 2243 1170 2300 communicatur
1182 2257 1272 2368 quam
1284 2236 1378 2312 quibus

299 2319 471 2374 abstinetur.
488 2319 627 2373 Potestne
639 2317 694 2372 ista
707 2316 879 2372 communio
894 2315 953 2371 late
966 2314 1043 2374 sumi
1056 2332 1111 2389 pro
1124 2313 1182 2370 coti
1204 2312 1285 2367 ianal
1298 2310 1379 2379 Atqui

299 2389 392 2462 gratia
404 2387 575 2446 conceditur
586 2405 642 2464 pro
655 2386 802 2443 cotidiana
816 2386 1038 2443 communione.

685 2565 1002 2581 ..Ἣ

430 2713 531 2798 112.
552 2765 593 2774 -
615 2724 650 2795 s.
674 2726 822 2797 ntruun
849 2723 992 2796 cotan.
1015 2724 1066 2807 (is
1089 2724 1153 2792 tan.
1177 2720 1271 2801 taos)

382 2912 438 2965 DE
459 2909 730 2967 ORATIONIBUS
747 2910 795 2964 IN
810 2909 943 2976 MISSA,
966 2905 1236 2963 commumoni:
1253 2901 1306 2958 ΕΤ

707 2999 986 3055 PROGESSIONB
1346 3005 1348 3008 '

579 3161 745 3218 Fratrum
764 3159 944 3219 minorum
962 3159 1112 3231 Apuliae

340 3332 511 3388 Hodiernus
526 3332 670 3389 Redactor
692 3321 861 3388 kalendarii
878 3333 1015 3388 Fratrum
1039 3322 1192 3386 Minorum
1210 3326 1241 3381 in
1257 3320 1380 3398 Regulaq

305 3403 459 3459 Provincia
477 3405 613 3476 Apuliae,
629 3405 665 3458 de
685 3420 833 3460 consensu
855 3405 900 3460 sui
921 3399 1165 3459 ReverendIssImi
1191 3401 1379 3456 Procuratorls

305 3474 465 3544 ,Generalis
489 3493 506 3530 a
525 3476 613 3531 Sacra
633 3475 756 3530 Rituurn
776 3475 1010 3548 Congregatione
1029 3470 1219 3546 sequentium
1237 3469 1380 3524 dubiorum

304 3545 484 3603 solutionem
493 3547 659 3602 humillime
669 3545 864 3618 expostulavit
878 3571 885 3618 ;
899 3546 1041 3601 nimirum
1055 3564 1062 3602 τ

340 3631 415 3686 1.-
428 3631 476 3685 An
497 3629 645 3686 Collectae
666 3629 703 3684 ab
718 3629 867 3702 Episcopo
889 3645 942 3684 seu
966 3627 1124 3685 OrdInario
1144 3623 1205 3681 Ioci
1223 3607 1380 3703 imperatae,

303 3717 380 3774 quae
394 3701 482 3756 simul
500 3717 569 3756 cum
588 3699 780 3757 Orationibus
805 3717 823 3755 a
837 3701 964 3757 Rubrica
976 3697 1160 3776 praescriptis
1172 3707 1382 3770 septennarmm

302 3789 462 3829 numerum
474 3774 628 3843 excedunt,
639 3771 737 3828 omitti
752 3773 877 3828 debeant
890 3774 900 3827 l

302 3875 308 3885 ·
340 3857 380 3912 II.
404 3889 439 3896 -
458 3858 506 3911 An
526 3857 616 3912 Missa
638 3855 858 3927 Conventualis,
882 3856 1046 3938 quae-sine
1072 3865 1162 3911 cantu
1184 3846 1382 3928 celebraturtin

302 3927 443 3984 Ecclesiis
466 3928 667 4001 Regularium,
690 3927 794 3984 debeat
818 3929 1003 4001 aequiperari
1030 3926 1137 3982 Missae
1161 3921 1308 3992 sollemni,
1335 3932 1383 3975 sive

301 4000 402 4071 quoad
415 3999 609 4056 omittendam
620 4001 944 4056 Commemorationem
958 3997 1106 4080 Simplicis
1117 4006 1146 4052 et
1157 3993 1317 4050 reticendae
1331 3989 1384 4046 Col·

303 4070 392 4135 lectas
411 4071 575 4127 ordinarias
587 4071 624 4126 ab
647 4070 807 4127 Ordinatio
825 4071 884 4127 loci
903 4082 1105 4144 praescriptas
1128 4067 1189 4124 sive
1204 4065 1301 4146 quoad
1312 4076 1382 4136 prae·

302 4141 507 4199 termittendas
521 4141 677 4198 Orationes
686 4153 753 4214 post
764 4143 793 4198 M
798 4143 888 4199 issam.
896 4142 1042 4200 iniunctus
1054 4161 1061 4198 :
1074 4141 1164 4214 idque
1174 4137 1286 4193 etiamsi
1295 4144 1381 4208 postea

303 4212 364 4268 ‘alla
380 4213 470 4270 Missa
484 4215 520 4270 de
532 4213 580 4270 die
593 4214 803 4270 concinatur‘l
