2959 4900
83 344 169 427 [110]
269 365 351 403 unca.
367 366 404 403 ss,
421 367 450 402 n.
466 366 495 403 u.
513 367 550 403 ru
565 368 582 402 x
596 367 634 403 nu
649 365 841 403 conmunione
855 364 1007 401 corruitur
1136 341 1177 413 67,

81 508 111 555 et
119 514 157 554 ex
165 508 227 554 tam
237 498 388 556 salutifero
398 511 582 556 sacramento
591 498 739 580 pleniores
748 497 869 555 effectus
878 496 1047 577 haurirent3
1059 507 1178 553 conten·

81 569 118 625 tis
131 569 235 625 ceteris
255 586 291 626 eo
311 571 393 627 refici
412 583 463 628 aut
485 571 575 627 semel
593 588 626 626 rn
645 586 734 640 anno,
753 582 805 626 aut
818 570 941 642 singulis
954 567 1116 637 mensrbus,
1131 571 1177 622 vel

80 656 264 714 unaquaque
273 641 310 697 ad
323 658 475 699 summum
486 642 682 699 hebdomada.
694 641 775 711 Quin
785 641 875 697 etiam
884 658 920 697 eo
935 639 1096 698 severitatis
1109 653 1177 694 ven-

80 723 147 767 tum
160 722 213 793 est,
229 725 289 768 uta
300 711 512 786 frequentanda
522 713 639 771 caelesti
648 730 751 770 mensa
759 712 865 785 integri
878 722 980 769 coetus
989 710 1176 793 excluderen-

80 795 141 846 tur,
156 794 201 838 ut1
213 795 420 854 mercatorum,
434 797 486 841 aut
504 802 610 841 eorum
631 784 685 859 qui
698 794 794 840 essent
808 783 1001 839 matrimonio
1015 782 1175 863 coniuncta.

118 855 266 910 Nonnulli
278 867 376 911 tamen
391 856 422 911 in
438 856 616 913 contrariam
629 856 765 912 abierunt
777 855 962 911 sententiam.
978 854 1029 922 Hi,
1046 853 1178 910 arbitrati

82 925 334 983 Communionem
355 928 534 984 cotidianam
555 928 620 984 iure
642 927 742 984 divino
763 943 828 983 esse
849 937 1044 1002 praeceptam,
1066 942 1104 982 ne
1116 923 1178 980 dies

81 996 144 1076 ulla
153 998 323 1070 praeteriret
335 1016 353 1053 a
366 1000 587 1056 communione
600 1016 702 1067 vacua,
718 1010 834 1073 praeter
846 998 903 1055 alia
916 998 1066 1071 aprobato
1078 996 1180 1052 Eccle-

80 1083 142 1123 stae
148 1084 208 1123 usu
215 1068 320 1139 aliena,
335 1070 424 1126 etiam
432 1072 493 1127 iera
502 1072 543 1128 VI
555 1072 586 1127 in
599 1073 756 1128 Parasceve
772 1069 989 1127 Eucharistiam
1003 1067 1177 1125 sumendam

81 1139 251 1209 censebant,
266 1151 295 1196 et
306 1140 523 1200 ministrabant.

117 1236 145 1274 2.
165 1218 213 1273 Ad
230 1219 304 1276 haec
316 1222 423 1277 Sancta
439 1223 528 1279 Sedes
540 1220 642 1278 officio
654 1220 775 1294 proprio
784 1237 846 1276 non
859 1218 962 1276 deluit.
977 1220 1055 1274 Nam
1068 1233 1119 1293 per
1130 1217 1177 1275 de-

80 1300 196 1345 cretum
208 1290 298 1348 huius
316 1292 397 1348 Sacri
419 1294 548 1361 Ordinis,
575 1293 656 1366 quod
679 1291 783 1365 incipit
807 1292 882 1347 Cum
894 1291 936 1345 ad
954 1307 1054 1361 aures,
1074 1289 1132 1347 diei
1147 1308 1177 1346 12

80 1361 193 1416 mensis
204 1360 343 1418 februarii
357 1365 428 1419 anni
445 1366 522 1439 1679,
538 1363 713 1420 Innocentio
728 1365 782 1445 Pp.
804 1363 844 1444 lli
859 1362 1050 1436 approbante,
1062 1378 1176 1419 errores
1203 1374 1205 1379 ’

79 1431 254 1488 huiusmodi
266 1434 415 1493 damnavit
426 1447 454 1491 et
466 1438 576 1493 abusus
589 1446 778 1508 compescuit,
795 1434 882 1490 simul
903 1432 1054 1489 declarans
1075 1450 1178 1490 omnes

77 1503 211 1560 cuiusvis
229 1517 341 1573 coetus,
355 1508 568 1564 mercatoribus
577 1518 666 1580 atque
678 1504 842 1578 coniugatis
853 1504 977 1561 minime
990 1504 1127 1586 exceptis,
1142 1507 1179 1560 ad

79 1574 313 1632 Communionis
319 1576 515 1651 frequentiam
524 1578 639 1635 admitti
648 1594 744 1650 posse,
756 1578 834 1633 iuxta
845 1575 1031 1648 singulorum
1040 1588 1178 1649 pietatem

80 1656 111 1700 et
122 1645 170 1701 sui
183 1646 325 1721 cuiusque
344 1649 521 1706 confessarii
534 1649 687 1708 iudicium.
712 1648 765 1705 Die
779 1664 848 1706 vero
861 1667 877 1720 7
892 1646 1000 1702 mensis
1015 1647 1178 1703 decembris

79 1716 153 1772 anni
172 1735 182 1772 1
224 1735 253 1787 0,
273 1736 325 1793 per
337 1719 488 1777 decretum
505 1722 717 1777 sanctissimus
737 1719 887 1776 Dominus
906 1728 1005 1775 noster
1017 1718 1178 1774 Alexandri

83 1790 137 1861 Pp.
151 1789 194 1844 Vl
215 1791 238 1858 l,
259 1791 421 1871 propositio
441 1792 514 1862 Baii,
535 1792 725 1866 purissimum
746 1792 799 1849 Dei
814 1806 946 1847 amorem
965 1789 1074 1861 absque
1087 1789 1178 1847 ullius

81 1858 213 1915 deiectus
227 1862 371 1918 mixtione
383 1881 415 1920 re
435 1865 537 1921 uirens
549 1865 586 1920 ab
599 1863 635 1920 iis
649 1862 700 1937 qui
719 1862 755 1919 ad
780 1878 892 1919 sacram
914 1876 1049 1917 mensam
1069 1860 1178 1917 vellent

81 1931 233 2001 accedere,
248 1934 412 2007 proscripta
459 1935 491 1992 it.

119 2014 145 2069 3.
167 2013 257 2070 Virus
268 2026 368 2073 tamen
386 2017 601 2087 iansenianum,
616 2019 697 2092 quod
709 2018 858 2075 bonorum
877 2015 965 2071 etiam
978 2014 1092 2071 animos
1105 2014 1178 2070 infe-

81 2095 172 2153 cerat,
188 2087 245 2142 sub
264 2089 359 2161 specie
370 2089 493 2147 honoris
506 2108 541 2146 ac
555 2088 753 2147 venerationis
767 2086 968 2157 Eucharistiae
980 2085 1081 2153 debiti,
1096 2084 1177 2141 haud

80 2157 202 2228 penitus
224 2159 350 2216 evanuit.
374 2161 514 2229 Quaestio
537 2162 574 2217 de
597 2159 839 2229 dispositionibus
865 2160 902 2213 ad
931 2157 1176 2284 frequentandam

80 2239 161 2284 recte
183 2245 218 2284 ac
244 2228 371 2303 legitime
398 2232 647 2289 Communionem
673 2234 796 2289 Sanctae
822 2230 903 2285 Sedis
928 2230 981 2285 dec
994 2228 1177 2285 arationibus

81 2299 257 2371 supervixit;
275 2319 335 2375 quo
354 2302 464 2359 factum
478 2317 520 2360 est
534 2315 567 2360 ut
579 2303 716 2361 nonnulli
738 2302 827 2359 etiam
841 2300 913 2357 boni
934 2300 1064 2355 nominis
1079 2301 1177 2356 Theo·

80 2370 153 2442 logi,
170 2388 239 2427 raro
254 2385 283 2429 et
294 2373 396 2448 positis
418 2375 620 2447 compluribus
642 2373 875 2442 condicionibus,
896 2372 1075 2429 cotidianam
1090 2372 1178 2428 Com-

80 2441 260 2500 munionem
272 2442 407 2503 fidelibus
419 2446 547 2520 permitti
560 2464 645 2521 posse
657 2445 837 2506 censuerint.

119 2527 191 2581 Non
206 2528 364 2585 defuerunt
382 2531 501 2588 aliunde
513 2531 567 2587 viri
579 2532 713 2587 doctrina
732 2547 766 2587 ac
780 2529 886 2602 pietate
898 2527 1030 2600 praediti,
1045 2527 1097 2600 qui
1109 2527 1178 2585 faci-

80 2597 189 2654 liorem
203 2599 316 2656 aditum
334 2602 506 2674 praeberent
525 2602 595 2659 huic
615 2613 676 2659 tam
697 2601 807 2658 salubri
830 2602 950 2673 Deoque
964 2611 1084 2671 accepto
1097 2599 1176 2666 usui,

82 2669 232 2737 docentes,
240 2673 411 2729 auctoritate
425 2676 554 2743 Patrum,
562 2673 680 2737 nullum
692 2672 839 2730 Ecclesiae
847 2679 1036 2746 praeceptum
1048 2687 1110 2726 esse
1124 2671 1178 2726 cir-

83 2756 114 2795 ca
134 2741 262 2798 maiores
278 2743 483 2817 dispositiones
502 2746 538 2801 ad
557 2744 745 2814 cotidianam,
761 2761 852 2816 quam
865 2743 902 2797 ad
916 2741 1177 2798 hebdomadarium

83 2823 134 2866 aut
150 2824 334 2871 menstruam
347 2816 598 2874 Communionem
609 2837 616 2886 ;
628 2816 739 2872 fructus
758 2831 828 2871 vero
848 2813 998 2870 uberiores
1011 2813 1100 2886 longe
1113 2812 1177 2869 fore

83 2898 118 2938 ex
130 2883 280 2939 cotidiana
300 2887 529 2959 communione,
543 2906 634 2961 quarn
648 2904 683 2942 ex
694 2885 923 2942 hebdomadaria
943 2895 994 2941 aut
1014 2894 1175 2943 menstrua.

119 2962 314 3031 Quaestiones
324 2983 411 3040 super
424 2967 479 3023 bac
493 2984 525 3023 re
537 2967 640 3024 diebus
652 2966 759 3022 nostris
768 2966 908 3020 adauctae
919 2974 988 3020 sunt
1001 2977 1030 3020 et
1042 2980 1103 3018 non
1114 2963 1176 3020 sine

84 3034 246 3093 acrimonia
256 3037 429 3109 exagitatae3
442 3040 552 3112 quibus
562 3037 817 3094 Confessariorum
824 3047 936 3092 mentes
946 3049 1034 3107 atque
1043 3033 1177 3090 fidelium

85 3106 281 3164 conscientiae
292 3112 509 3182 perturbantur,
524 3128 593 3166 cum
602 3109 777 3165 christianae
790 3107 904 3180 pietatis
918 3124 952 3162 ac
962 3106 1083 3162 fervoris
1096 3105 1177 3161 haud

85 3178 226 3235 mediocri
239 3180 426 3237 detrimento.
442 3184 468 3236 A
486 3181 555 3238 viris
568 3181 676 3237 idcirco
699 3177 936 3253 praeclarissimis
955 3194 989 3232 ac
1009 3177 1177 3233 animarum

88 3247 258 3307 Pastoribus
278 3252 356 3306 SSm0
380 3254 434 3308 D11⁰
457 3255 567 3310 Nostro
592 3255 644 3309 Pro
667 3254 721 3325 Pp.
742 3251 770 3304 X
792 3249 893 3306 enixae
913 3265 1013 3322 preces
1026 3261 1177 3321 porrectae

86 3331 162 3386 sunt,
174 3333 211 3376 ut
232 3339 370 3394 suprema
388 3324 447 3379 Sua
459 3324 632 3380 auctoritate
653 3321 856 3396 quaestionem
878 3320 915 3376 de
937 3318 1177 3392 dispositionibus

86 3389 122 3443 ad
137 3393 357 3451 Eucharistiam
369 3395 476 3452 cotidie
485 3396 659 3452 sumendam
669 3394 806 3449 dirimere
816 3392 987 3465 dignaretur
998 3391 1053 3461 ;ita
1062 3403 1096 3446 ut
1105 3391 1178 3448 haec

87 3460 278 3520 saluberrima
287 3483 322 3521 ac
333 3467 395 3522 Deo
409 3466 610 3540 acceptissima
623 3465 807 3522 consuetudo
816 3480 878 3519 non
891 3463 981 3519 modo
991 3479 1052 3518 non
1062 3462 1177 3518 minua-

86 3541 133 3611 tur
145 3533 223 3591 inter
236 3535 347 3605 fideles,
369 3539 420 3594 sed
434 3539 530 3611 potius
543 3550 684 3610 augeatur
703 3547 732 3592 et
750 3535 862 3608 ubique
885 3546 1073 3609 propagetur,
1097 3533 1177 3590 hisce

86 3602 187 3680 diebus
200 3607 399 3679 potissimum,
424 3610 535 3682 quibus
549 3609 664 3680 Religio
678 3625 712 3663 ac
726 3605 799 3663 fides
813 3605 957 3662 catholica
977 3605 1176 3678 undequaque

86 3676 246 3747 tmpetitur,
269 3696 303 3735 ac
324 3696 392 3737 vera
416 3681 469 3737 Dei
489 3681 594 3737 caritas
614 3691 644 3735 et
663 3680 755 3754 pietas
774 3678 853 3733 haud
868 3693 972 3750 parum
985 3675 1174 3732 desideratur.

88 3745 231 3827 Sanctitas
244 3767 315 3808 vero
328 3753 398 3822 Sua,
412 3769 481 3808 cum
491 3752 551 3834 Ipsi
558 3751 686 3807 maxime
696 3749 779 3806 cordi
789 3749 834 3818 sit,
850 3766 884 3805 ea
896 3765 956 3822 qua
965 3746 1057 3820 pollet
1069 3746 1176 3827 sollici·

87 3818 186 3876 tudine
204 3838 240 3876 ac
260 3821 368 3889 studio,
394 3835 427 3880 ut
452 3824 626 3880 christianus
650 3821 779 3895 populus
803 3821 840 3876 ad
867 3821 990 3876 Sacrum
1008 3819 1176 3875 convivium

87 3904 230 3963 perquam
243 3893 411 3966 frequenter
429 3907 458 3952 et
480 3895 568 3952 etiam
591 3893 697 3950 cotidie
720 3893 879 3950 advocetur
897 3891 1019 4017 eiusque
1032 3889 1176 3946 fructibus

88 3961 275 4035 amplissimis
296 3966 436 4039 potiatur,
460 3965 665 4038 quaestionem
677 3963 860 4046 praedictam
880 3962 949 4018 huic
989 3977 1058 4017 acro
1071 3961 1176 4017 Ordini

88 4034 311 4092 examinandam
323 4054 358 4094 ac
367 4036 566 4093 definiendam
583 4036 741 4093 oommrsit.

124 4111 176 4172 IV.
195 4113 283 4172 Sacra
304 4115 394 4189 igitur
412 4115 538 4173 Concilii
558 4113 756 4189 Congregatio
767 4113 800 4168 in
812 4112 952 4187 plenariis
967 4110 1101 4168 Comitiis
1120 4111 1177 4166 diei

91 4184 123 4238 16
136 4185 244 4242 mensis
255 4187 319 4243 dec.
337 4186 402 4261 1905
415 4187 493 4244 hanc
504 4205 567 4245 rem
576 4188 613 4243 ad
625 4202 749 4243 examen
760 4185 1010 4241 accuratissimum
1021 4183 1176 4251 revocavit,

90 4265 117 4310 et
129 4255 292 4315 rationibus
301 4259 372 4314 hinc
381 4259 450 4315 inde
458 4259 591 4315 adductis
600 4259 702 4315 sedula
711 4255 1045 4329 maturitateperpensis,
1059 4271 1178 4326 eaquae

91 4339 251 4400 sequuntur
262 4331 363 4386 statuit
375 4346 410 4386 ac
419 4330 573 4387 declaravit
585 4349 592 4386 ε

1231 505 1391 607 generamine·
1441 490 1442 525 ⁴

1234 560 1392 668 tzrtnlrffec·
1442 606 1443 629 3

1251 856 1393 906 Errorcon·

1233 916 1333 963 trarinr.
1351 916 1354 935 '¹

1238 2082 1243 2090 .
1260 2022 1381 2090 Reliquiae

1232 2091 1386 2127 ransmianar

1231 2136 1294 2243 ini.
1317 2136 1392 2197 tr

1260 2539 1349 2586 Melior

1231 2597 1377 2658 quorundam

1232 2655 1393 2760 {apgnandira-

1257 2984 1392 3032 Contentio-

1231 3056 1280 3089 nas.

1246 3101 1341 3147 Derreli
1351 3103 1390 3158 op-

1227 3159 1376 3216 portunitas.

1251 3747 1365 3850 ?naeslio
1376 3759 1391 3813 o

1231 3804 1252 3851 S
1272 3808 1392 3864 ⁰proposr-

1232 3866 1257 3909 la
1262 3862 1291 3909 S.
1300 3861 1389 3920 congr.

1232 3918 1345 3968 Consilii.

1221 4133 1225 4141 ·
1260 4120 1334 4166 Sacri
1344 4121 1392 4167 Or·

1232 4177 1298 4225 dinis
1307 4175 1392 4225 delibe-

1232 4236 1296 4282 ratio
1306 4240 1327 4282 el
1342 4239 1393 4282 sla-

1233 4299 1292 4341 tuta.
