2959 4900
241 701 379 804 llutl
414 697 707 801 llllllltls
737 693 1149 798 molllttlttlllt

614 906 785 914 ——u———n

149 1021 201 1084 Pii
216 1023 266 1084 IX
280 1041 339 1084 seu
355 1021 392 1085 S.
409 971 650 1102 Congr.'super
664 1024 755 1082 statu
771 1017 990 1100 Regularium

206 1126 379 1185 Responsum
389 1142 418 1175 2ο
427 1123 561 1185 augusti-1
577 1122 739 1183 septembris
751 1129 815 1181 2875.
828 1123 871 1171 De
881 1123 956 1171 Voce
966 1120 1057 1170 activa
1064 1120 1167 1181 profes-

234 1209 327 1243 sorum
337 1199 462 1242 votorum
479 1192 648 1253 simplicium
680 1223 1165 1242 .............
1210 1197 1237 1248 93

147 1291 210 1356 SS.
227 1293 271 1354 D.
289 1292 332 1355 N.
350 1292 401 1354 Pii
417 1292 483 1355 ΡΡ.
499 1293 532 1354 Χ

205 1399 299 1446 Motus
308 1397 435 1458 proprius
444 1417 473 1448 22
482 1396 641 1447 novembris
651 1403 714 1455 1903.
728 1397 772 1444 De
781 1395 888 1444 musica
898 1408 977 1444 sacra
998 1428 1165 1443 .....
1210 1401 1238 1444 23

205 1469 356 1517 oraculum
375 1484 390 1525 7
410 1467 571 1527 septembris
593 1475 659 1527 2903.
680 1468 839 1516 Facultates
856 1465 989 1515 definiens
1005 1466 1032 1515 S.
1050 1464 1166 1514 Rituum

233 1539 633 1600 Congregationis-tFacultates
643 1541 796 1598 excerptae)
798 1570 1164 1586 ..........
1208 1542 1238 1593 96

204 1610 284 1657 Motu
301 1609 413 1670 proprio
431 1618 445 1658 8
463 1609 529 1658 maii
552 1615 615 1668 2905.
628 1611 671 1657 De
687 1607 824 1657 Ursulinis
840 1608 869 1657 in
887 1621 973 1656 unum
991 1620 1091 1666 corpus
1105 1607 1166 1658 col·

233 1679 353 1744 ligendis
355 1713 886 1736 ..............
903 1671 905 1676 ’
919 1711 1164 1727 .......
1196 1680 1238 1735 257

203 1753 236 1799 A.
248 1751 328 1799 Motu
338 1750 450 1810 proprio
459 1756 487 1801 25
505 1749 601 1811 aprilis
612 1767 677 1809 1904·
690 1751 723 1798 B.
735 1749 857 1798 Litterae
874 1767 902 1798 22
913 1747 979 1796 maii
999 1765 1055 1806 1904
1070 1743 1163 1794 adab·

231 1820 324 1869 batem
332 1821 537 1870 Solesmeusem.
544 1821 587 1869 De
594 1819 754 1868 instruenda
763 1818 883 1867 editione
893 1814 1165 1876 vaticanallibrorum

230 1890 419 1952 liturgicorum
429 1889 505 1939 iuxta
520 1889 651 1938 melodias
660 1889 833 1952 gregorianas
836 1920 1162 1938 .........
1195 1891 1236 1932 168

202 1963 292 2010 Breve
313 1979 341 2015 17
358 1959 449 2009 martii
474 1966 540 2019 1905,
557 1960 737 2022 Indulgentiis
756 1960 851 2009 fovens
872 1958 1014 2008 missiones
1035 1957 1164 2005 Fratrum

231 2031 371 2080 Minorum
381 2029 410 2078 in
421 2030 512 2079 Gallia
515 2064 842 2080 .........
842 2029 845 2034 ’
876 2058 1161 2079 ........
1193 2041 1204 2070 1
1207 2038 1235 2081 w

147 2129 197 2191 Ex
212 2128 391 2191 Audientia
406 2128 615 2191 Sanctissimi

201 2233 377 2294 Rescriptum
387 2249 416 2291 27
426 2232 545 2282 ianuarii
557 2251 622 2293 1904.
635 2234 837 2294 Indulgentiam
847 2232 1000 2282 concedens
1010 2225 1163 2280 communi·

229 2301 339 2380 tatibus¹
348 2302 482 2364 religiosis
513 2335 1160 2353 .................
1207 2304 1234 2354 39

148 2399 333 2464 Concordia
355 2401 443 2474 inter
469 2400 505 2465 S.
533 2379 651 2466 Sedem
676 2411 710 2466 et
735 2421 875 2485 regnum
896 2377 1159 2482 Hispaniarum,

185 2496 268 2558 inita
285 2517 322 2575 19
337 2496 420 2559 iunii
438 2518 529 2580 1904.
546 2498 598 2560 De
611 2499 778 2562 Institutis
799 2497 963 2578 religiosis
996 2550 1160 2566 ,,,,,
1207 2515 1234 2560 52

148 2613 181 2677 S.
196 2614 469 2699 congregationis
485 2616 625 2681 Consilii

199 2721 346 2769 Decretum
352 2720 395 2773 Ut
404 2718 524 2785 debita,
535 2739 561 2769 11
573 2722 638 2771 maii
650 2741 716 2782 1904.
724 2723 767 2773 De
776 2721 956 2772 observandis
966 2724 993 2768 et
1002 2717 1122 2767 vitandis
1133 2715 1161 2764 in

227 2790 372 2839 missarum
382 2790 570 2840 satisfactione
595 2823 1159 2842 ...............
1182 2850 1184 2854 ¹
1204 2804 1232 2843 44

199 2858 371 2918 Responsum
388 2877 414 2908 21
427 2860 492 2908 maii
513 2878 578 2920 1904.
599 2863 641 2910 De
658 2862 838 2921 eleemosynis
856 2860 1001 2910 missarum
1019 2854 1160 2907 translatis

226 2934 302 2977 extra
312 2928 671 2992 dioecesimaregularibus
676 2962 1158 2984 .............
1205 2933 1231 2987 ⁵1

199 2999 371 3059 Responsum
380 3003 449 3059 (2902
460 3002 488 3061 i).
502 3002 544 3050 De
554 3003 783 3053 confessariorum
792 3002 909 3064 penuria
920 3002 995 3062 apud
1006 3001 1156 3063 religiosos.
1202 3017 1231 3057 99

199 3069 340 3128 Responsa
351 3088 379 3129 19
389 3069 543 3121 decembris
553 3090 610 3132 1904
627 3077 655 3121 et
664 3089 693 3130 27
708 3072 841 3123 februarii
853 3079 919 3131 2905,
937 3074 979 3121 De
989 3072 1099 3120 decreto
1116 3070 1159 3123 Ut

226 3136 346 3205 debita,
358 3158 382 3189 11
395 3140 460 3190 maii
473 3158 538 3200 1904.
547 3144 570 3191 1.
582 3142 726 3202 Rescripta
737 3162 765 3203 19
775 3144 834 3194 dec.
849 3162 914 3203 1904.
927 3171 955 3179 -
966 3144 1004 3192 11.
1016 3143 1159 3202 Responsa

225 3226 253 3267 27
263 3209 333 3259 febr.
354 3217 418 3269 2905.
430 3213 522 3261 -ΙΙΙ,
543 3214 717 3274 Rescriptum
731 3231 761 3273 27
779 3214 848 3265 febr.
869 3220 924 3275 2905
943 3214 979 3264 ad
998 3214 1158 3273 episcopum

225 3284 253 3333 S.
264 3283 391 3333 Deodati.
403 3311 432 3319 —
442 3285 492 3334 IV.
503 3286 678 3346 Rescriptum
685 3304 714 3345 27
723 3287 793 3337 febr.
807 3294 863 3348 1905
871 3288 906 3337 ad
918 3287 1077 3347 episcopum
1087 3286 1155 3333 Leo·

224 3353 327 3413 polien.
344 3382 372 3390 -
394 3355 427 3403 V.
444 3356 619 3416 Rescriptum
639 3374 668 3416 27
688 3358 757 3408 febr.
780 3365 839 3417 2905
859 3360 895 3408 ad
916 3360 1015 3419 Congr.
1037 3355 1157 3416 Spiritus

225 3426 328 3475 Sancti.
349 3452 378 3461 -
397 3427 447 3475 VI.
469 3426 645 3487 Rescriptum
663 3445 692 3487 27
707 3428 775 3481 febr.
798 3437 853 3489 2905
870 3430 906 3480 ad
925 3430 1090 3479 Societatem
1106 3428 1153 3477 SS.

225 3496 374 3544 Salvatoris
393 3532 1075 3550 ..................
1150 3536 1155 3546 .
1188 3506 1229 3547 128

197 3563 336 3614 Indultum
349 3575 375 3615 18
393 3566 484 3616 martii
497 3574 561 3626 2905.
573 3566 831 3620 Remunerationein
844 3570 998 3620 concedens
1009 3569 1150 3632 colligenti

223 3634 361 3694 stipendia
376 3636 521 3685 missarum
549 3675 1154 3689 ................
1188 3643 1229 3686 250

197 3703 367 3763 Responsum
382 3715 396 3755 8
414 3707 479 3755 maii
493 3713 561 3766 2905.
573 3710 616 3758 De
626 3709 797 3759 observanda
814 3709 1024 3772 aRegularibus
1043 3710 1151 3758 dioece-

223 3788 290 3825 sana
299 3776 469 3826 indicatione
478 3780 667 3840 eleemosynae
677 3782 822 3830 missarum
825 3816 1151 3833 .........
1185 3790 1227 3839 278

151 3861 179 3926 S.
194 3866 316 3951 Congr.
333 3872 578 3956 Episcoporum
593 3885 627 3940 et
642 3878 859 3959 Regularium
878 3878 886 3904 ¹

198 3972 365 4095 Reflponzrm
376 3983 403 4026 25
415 3975 533 4028 ianuarii
546 3990 611 4039 1903.
625 3984 668 4031 De
675 3982 729 4031 ritu
740 3982 918 4043 professionis
928 3983 1068 4032 sollemnis
1078 3983 1153 4044 apud

254 4058 300 4094 om
329 4061 358 4095 es
390 4083 1150 4103 ....................
1197 4072 1224 4114 14

172 4214 332 4287 {Aderimus
349 4219 433 4269 etiam
452 4220 505 4269 hoc
525 4222 586 4270 loco
605 4236 735 4281 responsa
753 4236 824 4283 quae
844 4222 978 4272 dederunt
994 4225 1023 4273 S.
1035 4226 1134 4285 Congr.
1152 4230 1219 4285 super

151 4274 273 4340 Disciplina
280 4285 433 4345 Regulnrium
443 4296 470 4336 et
478 4288 506 4337 S.
519 4290 617 4349 Congr.
628 4293 695 4348 super
704 4289 776 4336 Statu
786 4288 952 4347 Regularum.
