2959 4900
114 354 146 434 [6.
159 357 188 438 7]
198 380 217 414 s.
227 381 251 416 c.
261 381 305 416 nr.
315 383 351 417 ur
359 382 422 418 nuo.
432 378 497 428 1903.
508 381 656 439 susurrem
665 383 739 430 ouran
747 384 857 439 vacuus
866 384 918 420 usn
927 383 1136 420 enosnssrorrnu
1146 361 1185 423 19

111 506 204 566 faculte'
217 513 251 568 de
265 515 394 570 recevoir
414 532 459 572 ses
480 517 625 571 membres
644 534 700 572 aux
713 518 814 572 ordres
827 517 922 572 sacres
934 534 972 570 au
985 516 1052 572 titre
1066 528 1186 573 mensae

109 584 258 638 communis
270 602 339 641 avec
351 597 424 642 cette
439 587 552 643 clause:
565 588 695 644 exclusis
711 598 809 644 tamen
823 588 922 662 quoad
930 584 1050 643 'titulum
1067 604 1186 644 mensae

109 655 259 733 communis
272 655 310 712 iis
329 658 381 730 qui
398 658 575 714 Societatem
590 659 802 733 ingrediuntur
811 659 937 734 proprio
951 659 1035 715 titulo
1047 660 1080 715 S.
1096 658 1186 714 Ordi-

110 726 226 780 nationis
236 728 410 800 gaudentes.

141 806 205 863 uus
228 811 302 876 tara,
327 827 364 867 en
389 813 454 875 date
477 813 517 868 du
540 833 573 887 29
593 831 671 870 mars
697 816 774 883 1881,
795 814 823 868 ra
843 815 873 869 s.
895 813 1113 885 congregation
1128 795 1185 869 'des

107 875 220 935 Affaires
243 883 494 940 Extraordinaires
516 887 638 942 accorda
659 885 700 941 ad
724 885 896 942 decennium
919 883 948 939 la'
969 886 1065 940 meme
1089 885 1183 956 grace,
1231 927 1282 972 iam

108 964 172 1004 sans'
186 951 213 1006 la
234 954 367 1009 mention
390 955 540 1024 ci-dessus‚
565 973 602 1013 en
625 959 759 1027 ajoutant
781 973 839 1026 que
857 957 884 1010 la
904 956 1075 1012 concession
1095 955 1186 1010 valait

108 1029 160 1099 tum
166 1039 222 1094 pro
236 1025 382 1081 ordinatis
396 1038 456 1082 tum
465 1044 524 1101 pro
538 1027 575 1084 iis
590 1029 642 1102 qui
655 1028 716 1084 iam
730 1027 863 1083 ordinati
876 1027 940 1082 atio
963 1026 1047 1082 titulo
1060 1027 1185 1082 eandem

107 1093 308 1164 ingrediuntur
330 1095 429 1171 ibique
444 1098 632 1172 profitentur.
653 1100 735 1154 Cette
755 1099 855 1154 faveur
874 1098 918 1152 fut
934 1099 1046 1154 refuses
1063 1115 1100 1154 en
1119 1099 1181 1171 1891

107 1171 161 1217 tant
171 1181 221 1237 par
235 1165 314 1223 l'une
329 1186 386 1241 que
399 1187 452 1242 par
465 1169 566 1226 l’autre
585 1170 635 1226 des
655 1173 707 1226 SS.
724 1169 958 1242 Congregations
970 1169 1183 1226 mentionnees.

136 1247 179 1327 (ln
192 1250 338 1308 demands
349 1254 536 1325 aujourd'hui
550 1253 574 1310 si
587 1254 629 1310 les
640 1255 759 1310 novices
772 1254 822 1328 qui
834 1255 991 1328 possident
999 1272 1041 1310 un
1055 1253 1185 1311 benefice

106 1319 262 1398 residentiel
281 1323 400 1380 doivent
418 1336 506 1381 avant
527 1326 555 1380 la
574 1325 737 1398 profession
758 1325 889 1382 recourir
902 1329 919 1380 a
933 1326 959 1381 la
975 1327 1004 1381 S.
1020 1327 1185 1398 Congrege-

106 1400 159 1444 uon
166 1391 220 1470 des
236 1395 369 1467 Eveques
383 1408 411 1452 et
425 1396 576 1468 Reguliers
589 1415 665 1470 pour
677 1397 804 1470 pouvoir
815 1413 959 1454 renoncer
971 1400 987 1452 ὲ
997 1415 1030 1453 ce
1044 1396 1183 1467 benefice,

104 1475 137 1514 ou
151 1479 172 1516 si
186 1463 283 1537 plutbt
296 1465 323 1522 le
337 1466 467 1524 benefice
480 1486 574 1541 vaque
588 1487 640 1544 par
654 1469 681 1524 le
694 1467 745 1524 fait
758 1470 855 1524 meme
868 1469 904 1525 de
919 1468 946 1524 la
959 1469 1142 1542 profession?

136 1545 217 1626 Sacra
231 1549 327 1627 Cong.
344 1551 650 1608 Eminentissimorum
671 1564 699 1608 et
713 1551 1034 1608 Reverendissimorum
1048 1555 1078 1608 S.
1094 1555 1129 1608 R.
1148 1554 1183 1608 E.

110 1613 301 1675 cardinalium
323 1622 446 1694 negotiis
467 1634 496 1678 et
518 1623 785 1680 consultationibus
805 1625 868 1679 EE.
888 1635 916 1680 et
938 1627 1000 1680 RR.
1021 1625 1185 1699 praeposita

104 1690 250 1809 proposito
274 1691 383 1750 dubio:
406 1695 456 1749 An
471 1695 500 1749 in
518 1695 763 1769 Congregatione
774 1695 1042 1751 Missionariorum
1057 1713 1185 1770 nuncup.

119 1775 181 1815 mm.
203 1763 313 1843 Corus
335 1765 372 1820 B.
387 1765 433 1821 M.
455 1765 490 1821 V.
510 1766 661 1822 Filiorum
677 1767 826 1841 professio
841 1784 898 1838 per
918 1778 985 1822 etua
1001 1779 1185 1823 uacationem

104 1827 301 1905 beugicorum
317 1835 552 1893 residentialium
569 1838 706 1894 inducat:
721 1839 886 1911 responden
909 1856 960 1893 um
974 1839 1086 1896 censuit
1098 1849 1187 1913 prout

107 1904 269 1974 respondet:
286 1907 311 1960 A
311 1906 486 1980 ffirmatire.

136 1985 240 2044 Datum
272 1991 384 2049 Romae
412 2009 447 2048 ex
474 1993 633 2050 Secretaria
657 1993 789 2049 eiusdem
814 1994 843 2050 S.
870 1990 1112 2065 Congregationis
1139 1992 1187 2048 die

107 2055 134 2109 25
147 2061 261 2132 augusti
278 2063 354 2134 1903.

708 2137 743 2192 D.
764 2137 850 2203 Card.
873 2137 1021 2201 Fuerant,
1043 2135 1149 2200 Praef.

764 2215 818 2276 Ch.
836 2217 976 2287 Giustiui‚
993 2219 1105 2273 Secret.

525 2340 757 2395 Annornrrouss

138 2472 159 2510 1.
179 2456 324 2513 Observes
347 2476 363 2512 a
385 2459 415 2514 S.
442 2460 678 2532 Congregatione
703 2460 815 2516 traduci
841 2460 889 2515 hic
913 2460 950 2515 ad
976 2459 1188 2533 professionem

102 2538 269 2599 perpetuam
283 2528 314 2608 in
329 2529 464 2586 Instituto
477 2543 615 2587 votorum
628 2531 806 2604 simplicium
821 2532 1004 2588 sanctionem
1017 2532 1189 2588 canonicam

106 2612 156 2678 qua
170 2600 314 2671 professio
327 2599 478 2657 sollemnis
498 2602 604 2659 dicitur
623 2603 762 2659 inducere
780 2602 964 2659 vacationem
977 2600 1189 2659 beneficiorum

107 2670 339 2727 resrdentialium.
367 2672 523 2742 Professio,
544 2674 677 2747 inquam,
693 2674 855 2731 sollemnis.
869 2675 1000 2729 Tantum
1015 2675 1096 2730 abest
1109 2674 1190 2730 enim

106 2749 134 2791 ut
143 2741 296 2866 professio
317 2743 440 2817 simplex
459 2762 525 2800 eam
544 2762 595 2818 per
618 2764 648 2801 se
670 2746 798 2808 inducat,
822 2757 855 2800 ut
878 2744 1048 2818 simpliciter
1067 2745 1190 2817 professi

107 2808 244 2892 Orrnum
273 2813 480 2885 religiosorum
512 2817 725 2891 prohibeantur
757 2816 821 2872 iure
845 2816 1019 2872 Tridentino
1046 2816 1189 2873 beneficia

106 2895 252 2955 resignare.

135 2966 242 3024 Verum
255 2969 320 3025 iure
335 2986 368 3026 ac
379 2971 485 3027 merito
498 2973 527 3029 S.
541 2972 736 3045 congregatio
751 2971 959 3044 aequiperavit,
971 2971 1051 3043 quod
1061 2970 1098 3024 ad
1108 2970 1188 3025 hunc

105 3035 242 3110 effectum,
270 3040 484 3115 professionem
514 3055 684 3116 perpetuam
716 3044 746 3097 in
775 3042 1010 3115 congregatione
1039 3041 1187 3114 religiosa,

105 3108 271 3231 professioni
291 3112 428 3168 sollemni
447 3112 476 3168 in
497 3116 607 3171 Ordine
626 3114 774 3187 religioso
801 3116 856 3170 Per
874 3125 1029 3186 utramque
1043 3112 1133 3182 enim,
1154 3130 1190 3168 ex

123 3180 240 3262 odierno
261 3183 334 3249 iure,
355 3184 472 3247 vinculo
492 3186 587 3243 stabili
602 3203 636 3242 ac
652 3203 702 3258 per
717 3203 821 3241 senon
837 3184 954 3240 solubili
968 3183 1190 3257 coniunguntur

107 3249 268 3310 lnstttutum
282 3266 310 3311 et
323 3255 461 3327 alumnus
475 3256 638 3330 religiosus.

133 3354 156 3392 2.
179 3338 255 3394 Illud
270 3338 371 3396 tamen
384 3357 418 3395 su
439 3352 514 3397 erest
536 3342 691 3397 discrimen
705 3342 781 3397 inter
794 3340 969 3397 sollemnem
985 3351 1013 3396 et
1026 3340 1190 3413 simplicem

107 3407 320 3479 professionem,
344 3428 404 3484 quo
444 3413 483 3468 ob
505 3412 634 3485 priorem
659 3412 801 3469 beneficia
822 3424 925 3468 vacant
947 3410 1044 3468 omnis
1063 3410 1187 3483 generis,

108 3600 217 3653 obtinuit
224 3604 405 3665 promovendi
417 3606 542 3653 alumnos
550 3619 614 3653 suos
629 3605 664 3653 ad
674 3604 784 3653 ordines
792 3618 885 3654 sacros
897 3604 976 3652 titulo
986 3618 1077 3651 mensae
1087 3617 1191 3651 commu-

106 3670 145 3719 nis.
157 3670 281 3720 subiecta
292 3666 416 3720 clausula
428 3688 438 3717 r
450 3672 563 3720 Exclusis
582 3676 658 3719 tumen
669 3670 747 3731 quoad
756 3671 851 3718 titulum
866 3684 957 3717 mursae
966 3671 1095 3717 communis
1107 3670 1139 3715 iis
1150 3669 1191 3727 qui

107 3748 115 3776 r
128 3734 263 3785 Societatem
274 3736 439 3795 ingrediuntur
445 3740 543 3797 proprio
555 3736 621 3783 titulo
631 3738 660 3785 S.
673 3727 844 3784 Ordinatioiis
852 3735 986 3795 gaudentes.
1001 3751 1011 3777 ι
1024 3734 1134 3788 Postea.
1146 3732 1192 3782 die

106 3802 232 3857 romanii
258 3810 325 3861 1881,
347 3804 375 3851 ὃς
399 3801 579 3863 congregatio
600 3802 726 3863 Negotiis
747 3800 948 3851 Ecclesiasticis
967 3798 1191 3849 extraordinariis

105 3869 251 3928 praeposita
268 3867 384 3918 eandem
402 3868 535 3917 concessit
553 3868 669 3930 gratiam
686 3869 719 3916 ad
737 3868 877 3919 decennium,
897 3866 999 3915 omissa
1014 3879 1098 3924 supra
1116 3865 1190 3913 dicta

107 3932 220 3984 clausula
230 3941 315 3997 atque
325 3935 453 3985 addendo
463 3934 577 3983 concedi
591 3935 733 3984 Indulturn
754 3941 801 3982 tum
807 3941 853 3995 pro
863 3933 984 3981 ordinatis
995 3938 1043 3979 tum
1049 3937 1095 3993 pro
1107 3934 1139 3979 iis
1149 3933 1190 3991 qui

107 3999 150 4044 uu
165 4002 273 4051 ordinati
290 4002 340 4049 aiio
359 4002 427 4049 titulo
444 3999 539 4048 eandem
553 4001 720 4061 ingrediuntur
738 4002 814 4061 ibique
827 3998 977 4060 profitentur.
999 3999 1077 4046 Haec
1096 4001 1189 4045 autem

111 4072 188 4125 gratia
197 4074 237 4117 est
248 4066 285 4117 ab
297 4074 414 4129 utraque
424 4068 640 4129 congregatione
649 4081 722 4116 anno
733 4075 787 4127 1891
798 4072 907 4125 negata.

132 4134 250 4195 Agedum
269 4134 411 4195 quaeritur
422 4135 503 4184 modo
514 4142 606 4183 utrum
621 4133 718 4182 novitii
729 4133 865 4182 beneficio
876 4130 1044 4181 residentiali
1063 4130 1190 4179 instructi

111 4196 217 4250 debeant
224 4207 290 4249 ante
297 4200 492 4261 professionem
500 4201 578 4249 adire
586 4200 622 4249 ad
629 4202 656 4250 S.
664 4202 764 4261 Cougr.
772 4200 972 4260 Episcoporum
980 4197 1193 4257 etRegularium

112 4268 138 4311 ut
152 4267 252 4325 possint
271 4264 438 4315 beneficium
458 4266 531 4315 istud
553 4265 694 4325 abdicare,
715 4280 752 4315 an
773 4264 873 4325 potius,
895 4268 989 4312 secuta
1013 4263 1193 4323 professione,

110 4341 195 4392 reapse
204 4337 293 4382 vacet.

1231 523 1347 569 instituto

1232 579 1365 628 Filiorum

1231 636 1391 685 CordisMa·

1232 694 1290 743 riae
1302 708 1392 742 rouces-
1461 697 1463 711 ²

1231 767 1271 799 sus
1285 754 1318 799 sit
1337 754 1391 799 titu-

1231 809 1267 857 lus
1278 823 1368 877 mensor

1231 881 1367 920 communes,

1235 1245 1400 1300 Quaeritur,

1230 1307 1309 1348 utrum
1319 1303 1373 1346 ante

1227 1355 1395 1417 professionem

1231 1415 1320 1462 novitii
1328 1413 1395 1460 adire

1231 1471 1327 1519 debeant
1335 1473 1356 1518 S
1358 1506 1364 1519 .

1232 1530 1322 1598 Congr.
1340 1535 1366 1575 ut

1232 1586 1341 1634 abderent
1357 1587 1396 1634 le·
1416 1596 1418 1601 ·

1232 1643 1315 1704 nefieiu
1336 1647 1396 1692 resi·

1232 1701 1348 1749 derrttalia
1362 1717 1396 1750 uu

1233 1761 1393 1817 intonantur,

1233 1819 1283 1877 ipso
1302 1820 1352 1864 iure

1233 1880 1321 1922 ament.

1265 1934 1396 1978 Dubium.

1265 1989 1394 2040 Respon-

1233 2050 1307 2084 eum.

1218 2117 1222 2122 -
1262 2093 1323 2141 Dies
1335 2095 1376 2151 (15

1234 2165 1289 2210 aug.
1301 2154 1380 2210 1903).
