2959 4900
255 348 293 383 DE
307 348 384 385 nect..
401 350 438 385 tta·
452 350 572 386 onnon.
589 348 724 387 amotos.
740 349 801 386 CAP.
818 349 828 384 1
843 350 880 385 DE
896 349 1030 385 accursus
1169 329 1188 390 3

142 479 188 549 ln
203 501 274 570 qua
300 502 339 551 re
360 482 448 551 illud
471 497 523 552 ast
549 481 822 570 observandum,
851 502 891 550 ex
913 481 989 554 iure
1004 482 1188 551 communi

96 569 270 639 hodierno
285 592 358 639 non
373 592 477 661 posse
492 571 675 663 parochias
696 572 889 641 saeculares
904 570 1053 639 conferri
1071 570 1187 663 Regu·

95 657 330 747 laribus,'sine
345 660 484 729 indulto
496 661 701 751 apostolic0,
714 662 769 729 vel
785 658 938 749 speciali,
951 660 1006 729 vel
1020 660 1187 749 generali,
1223 702 1226 707 ·

96 747 214 836 quale,
236 772 271 818 v.
300 772 335 839 g.
364 749 566 819 conceditur
582 750 796 839 quandoque
811 749 849 818 in
865 747 1105 839 dispersione3
1131 763 1190 817 aut

96 838 174 905 sine
184 836 369 930 privilegio
384 838 539 931 speciali,
552 839 658 931 quale
668 839 799 912 habent
810 838 982 913 Canonici
997 837 1189 907 Praemon·
1235 832 1242 858 ³

96 939 295 996 stratenses.

142 1014 301 1104 Speciale
331 1017 460 1085 horum
487 1014 710 1104 privilegium
738 1014 979 1086 Brutulcrus
1009 1015 1112 1096 XIV,
1145 1015 1189 1085 Ce

100 1101 273 1187 Oneroro,
297 1130 309 1172 1
329 1119 416 1195 sept.
446 1105 530 1197 1750
546 1105 760 1191 (Baliarium
776 1106 904 1174 Bened.
928 1120 954 1173 t.
981 1105 1014 1187 3,
1041 1129 1074 1195 p.
1095 1105 1188 1192 304),

95 1193 152 1261 his
169 1192 285 1262 verbis
299 1194 469 1263 concessit
484 1210 517 1263 et
544 1194 775 1286 confirmavit.
806 1221 820 1259 tt
839 1194 1028 1264 Canonicis
1054 1198 1189 1285 regula·

96 1280 197 1351 ribus
229 1282 290 1376 qui
322 1304 417 1352 nunc
448 1284 486 1351 in
517 1284 642 1353 eodem
681 1283 818 1354 Ordine
855 1283 1189 1355 Praemonsttatensi

96 1390 257 1459 expresse
280 1372 425 1462 professi
452 1387 592 1442 suntet
614 1373 652 1442 in
674 1387 856 1463 posterum
879 1372 983 1441 etiam
999 1372 1036 1440 in
1052 1393 1095 1441 eo
1110 1394 1191 1463 pro·

96 1458 289 1538 fessiouetn
305 1461 476 1551 emittent,
505 1476 544 1530 ut
567 1462 634 1552 ipsi
658 1474 809 1531 exnunc
825 1474 859 1531 et
874 1463 1051 1555 perpetuis
1065 1460 1191 1530 futuris

96 1550 331 1638 temporibus,
358 1550 491 1640 absque
514 1552 585 1621 ulla
607 1549 830 1641 oppositione
847 1564 880 1620 et
902 1550 1188 1638 contradictione,

97 1659 341 1728 quascumque
357 1639 573 1729 parochiales
589 1640 762 1731 ecclesias,
776 1642 882 1711 etiam
897 1640 1103 1726 saeculares
1116 1640 1190 1709 illa·

97 1748 252 1817 rumque
267 1741 452 1819 perpetuas
462 1728 607 1818 vicarias
618 1730 753 1799 clericis
765 1750 827 1799 seu
842 1728 1058 1819 Presbyteris
1073 1749 1190 1797 saecu-

97 1816 233 1886 laribus
249 1815 397 1886 conferri
414 1833 447 1887 et
462 1818 630 1909 assignari
642 1820 775 1907 solitas,
788 1821 817 1887 si
829 1833 948 1887 tamen
958 1818 1003 1886 iis
1018 1834 1191 1886 eteorum

98 1905 244 1974 cuilibet
259 1908 425 1976 canonice
448 1908 684 1993 conferantur,
712 1923 773 1977 aut
795 1908 861 1996 ipsi
885 1908 1070 1997 eligantur,
1095 1926 1190 1996 prae-

99 2009 282 2063 sententur
296 1996 352 2064 vel
367 1996 452 2065 alias
478 2012 701 2066 assumantur
723 1998 767 2065 ad
790 1996 879 2084 illas,
908 1998 1040 2085 absque
1055 1995 1192 2097 dispen-

99 2085 234 2154 satione
259 2085 449 2175 apostolica
472 2086 640 2177 consequi
664 2101 697 2154 et
720 2088 759 2154 in
782 2085 825 2155 iis
845 2086 968 2175 quavis
990 2096 1192 2155 auctontate
1250 2087 1253 2095 ’

100 2173 245 2250 institui,
264 2173 411 2264 illasque
426 2175 578 2263 recipere
590 2190 624 2244 et
635 2175 752 2264 quoad
765 2172 910 2243 vixerint
921 2172 1069 2245 retinere
1084 2172 1192 2241 libere

100 2275 131 2331 et
153 2262 251 2332 licite
267 2264 416 2353 possint,
442 2280 476 2333 et
497 2266 633 2333 valeant
655 2263 844 2354 apostolica
872 2263 1073 2333 auctoritate
1095 2283 1192 2353 prae·

101 2352 204 2439 dicta,
222 2367 344 2422 tenore
356 2352 548 2422 earundem
559 2354 810 2444 praesentium,
824 2373 864 2421 ex
875 2355 1012 2445 integro
1023 2366 1192 2441 perpetuo

101 2440 330 2511 concedimus
345 2458 379 2510 et
394 2442 621 2533 indulgemus
639 2469 669 2512 r.

88 2578 92 2586 ·
142 2553 180 2618 4.
204 2531 322 2621 Atque
343 2533 427 2602 haec
443 2533 595 2624 ,quidem
617 2533 661 2601 de
684 2529 838 2600 ecclesiis
860 2531 1091 2622 regularibus.
1117 2530 1194 2598 lam

102 2621 281 2709 quaeritur
306 2635 428 2689 utrum
454 2642 563 2690 necne
586 2621 672 2690 haec
694 2620 871 2691 transferri
895 2620 1030 2711 possint
1045 2617 1193 2688 imCon-

100 2709 330 2800 gregationes
346 2710 531 2800 religiosas
545 2709 706 2781 virorum
721 2711 939 2778 clericorum.

147 2799 249 2866 Dum
264 2800 410 2888 scriptae
425 2815 508 2868 sunt
522 2802 617 2890 leges
639 2800 684 2868 de
707 2797 862 2868 ecclesiis
885 2797 1192 2882 monasteriorum,

105 2887 269 2957 Instituta
295 2887 361 2958 ista
386 2888 638 2979 ignorabantur
661 2903 695 2957 et
717 2888 866 2979 proinde
889 2887 926 2956 in
949 2886 1026 2956 iure
1049 2900 1195 2977 praeter·

103 2976 342 3047 mittebantur.
1149 2993 1157 3030 -·

148 3067 277 3154 Porro,
301 3078 342 3134 ut
364 3066 531 3135 omnibus
554 3078 701 3154 constat,
726 3078 809 3135 sunt
832 3065 908 3134 istis
924 3064 1096 3133 institutis
1112 3084 1195 3131 suae

105 3155 280 3245 simplices
306 3156 481 3243 ecclesiae,
510 3155 584 3224 sive
607 3157 814 3232 coniunctae
837 3153 1036 3242 conventui,
1062 3151 1194 3221 sive-ab

106 3265 145 3313 eo
160 3258 352 3335 separatae.
374 3243 505 3313 Nullae
531 3259 650 3314 autem
667 3259 761 3331 sunt,
779 3243 874 3334 quod
905 3241 1069 3328 sciamus,
1094 3261 1194 3329 paro-

106 3333 233 3403 chiales
245 3333 408 3402 ecclesiae
418 3334 524 3422 pleno
536 3337 590 3404 vel
602 3334 797 3425 semipleno
809 3333 885 3400 iure
896 3330 1023 3402 talibus
1030 3330 1196 3399 domibus

105 3424 221 3493 unitae
239 3448 249 3510 3
266 3423 363 3511 quod
379 3423 537 3510 regimen
553 3446 572 3491 a
599 3423 771 3512 praesenti
787 3420 971 3510 disciplina
994 3420 1076 3489 satis
1099 3419 1194 3487 duci-

105 3532 184 3582 mus
214 3513 381 3581 alienum.
418 3513 470 3581 Ut
495 3531 577 3580 vero
593 3511 789 3601 reliogiosis
815 3510 890 3580 istis
913 3509 1056 3581 ecclesia
1078 3529 1195 3576 saecu·

105 3601 185 3670 laris
200 3602 451 3688 committatur,
468 3601 505 3669 id
521 3622 563 3670 eo
579 3601 713 3671 facilius
729 3601 918 3690 continget,
936 3598 1033 3689 quod
1050 3617 1196 3665 munere

106 3691 294 3778 parochiali
310 3712 385 3760 non
395 3690 557 3761 videntur
573 3690 740 3760 hactenus
755 3688 934 3779 prohiberi
951 3691 975 3756 ¹.

148 3780 510 3850 Animadvertendum
522 3794 574 3849 est
589 3779 772 3871 religiosos
787 3779 873 3847 istos
888 3789 1051 3846 votorum
1063 3773 1195 3864 simpli·

107 3867 202 3938 cium
217 3871 259 3939 ad
277 3890 406 3959 corpus
420 3870 501 3938 cleri
525 3870 711 3939 saecularis
736 3866 885 3937 adscribi
902 3871 927 3954 ²,
952 3866 999 3935 ita
1018 3879 1196 3933 uteorum

135 4129 146 4164 1
159 4128 258 4184 Boou,
271 4129 309 4177 De
318 4127 482 4188 Regalan'brrs,
495 4127 534 4183 11,
545 4140 574 4186 p.
587 4133 623 4184 39,
635 4138 671 4174 ss.
683 4125 863 4174 Baacrrnrnr,
877 4121 1046 4168 Praeletn'ones
1058 4119 1120 4166 iuris
1129 4129 1196 4164 rano-

107 4203 303 4320 miiitirfairiid
314 4261 441 4314 Brzaaru.
451 4259 604 4314 Collatum,
617 4271 688 4317 quae
696 4254 800 4316 passim
807 4253 915 4314 prolata
923 4257 985 4300 sunt
996 4252 1023 4298 iu
1032 4264 1116 4299 causa
1127 4253 1196 4300 Con-

109 4326 276 4392 gregationis
284 4325 513 4384 Presbyterorum
521 4323 675 4371 saecularium
683 4335 766 4382 super
773 4319 925 4380 privilegio:
935 4332 962 4378 p.
972 4325 1024 4376 796,
1034 4331 1069 4366 ss.
1078 4316 1153 4376 (edit.
1166 4323 1196 4376 1).
