2959 4900
88 282 264 362 [135.136]
325 304 516 341 consectario
531 304 568 339 ss.
586 304 669 340 count
684 304 757 339 tssu.
774 293 875 338 nsssts
889 303 987 337 rusius
1121 278 1181 340 137

354 462 437 551 135
473 516 513 527 -
535 476 595 587 ss.
619 470 641 546 t
680 470 716 547 lt.
742 462 791 546 tt
813 467 922 572 rat

394 628 616 691 DEGRBTUM
632 636 675 690 22
691 636 785 691 AUG.
805 636 887 690 1906

61 753 63 757 ¹
89 767 143 829 De
162 775 353 844 quotannis
372 774 564 830 recolenda
584 774 855 830 consecratione
872 774 1018 846 generis
1036 768 1182 828 humaui
1234 815 1236 819 .

479 859 524 915 ad
543 857 604 915 88.
626 858 693 923 cor
711 857 796 915 Iesu

509 1005 602 1059 Uasrs
621 1020 658 1059 nr
677 1004 769 1059 Oasis

128 1151 196 1219 Quo
209 1149 344 1223 perennis
367 1163 457 1206 exstet
475 1150 617 1206 memoria
636 1149 713 1207 illius
731 1149 1075 1225 amplissimi'religionis
1089 1162 1180 1209 actus.

91 1239 153 1349 pito
165 1220 186 1275 f.
202 1240 225 1277 r.
242 1222 303 1278 Leo
317 1223 401 1284 Xlll,
422 1238 503 1277 anno
518 1222 594 1295 1899,
610 1223 665 1277 sub
680 1221 726 1277 die
740 1224 773 1278 25
785 1222 854 1277 maii
875 1222 1082 1295 augustissimo
1093 1220 1182 1275 Cordi

106 1310 160 1349 esu
182 1292 273 1347 torius
298 1292 420 1348 humani
442 1293 555 1364 generis
582 1293 824 1349 communitatem
839 1293 978 1349 devovere
996 1291 1131 1354 decrevit,
1154 1304 1182 1346 et

90 1366 232 1421 salutares
245 1364 295 1436 qui
308 1382 343 1419 ex
363 1364 413 1419 illo
426 1363 537 1420 fructus
552 1376 727 1420 emanarunt
749 1364 853 1436 iugiter
874 1376 1067 1438 perseverent,
1083 1376 1182 1436 preces

90 1448 160 1491 sunt
181 1435 292 1490 delatae
312 1436 363 1493 SS.
387 1438 420 1491 D.
446 1438 484 1490 N.
505 1438 557 1491 Pio
579 1437 637 1492 ΡΡ.
658 1437 695 1491 X.
711 1448 754 1499 ut.
770 1436 876 1503 apertis
894 1452 1014 1509 quoque
1033 1436 1183 1504 indulgen-

89 1508 200 1563 tiarum
209 1506 361 1575 thesauris,
371 1506 418 1562 die
431 1506 503 1563 sesto
517 1507 647 1561 eiusdem
663 1507 714 1562 SS.
730 1507 843 1571 Cordis,
858 1508 943 1562 illum
955 1505 1182 1563 consecrationis

90 1593 192 1633 actum
205 1578 363 1649 quotannis
377 1594 439 1633 esse
452 1578 641 1634 recolendum
654 1579 767 1633 edicere
779 1579 957 1649 dignaretur.

129 1650 192 1704 Has
206 1666 292 1717 porro
305 1666 404 1721 preces
417 1650 519 1705 eadem
541 1649 683 1705 Sanctitas
702 1652 761 1705 Sua
780 1661 964 1723 peramanter
984 1648 1140 1721 excipiens,
1155 1660 1183 1704 et

63 1772 68 1781 ,
90 1737 279 1789 summopere
293 1734 444 1791 exoptans,
457 1733 490 1775 ut
504 1720 533 1774 in
545 1719 790 1785 christifidelibus,
802 1738 870 1792 erga
880 1721 1113 1777 Sacratissimum
1124 1720 1183 1774 Cor

93 1794 160 1847 lesu
172 1792 233 1845 iant
245 1792 366 1847 excitata
379 1793 468 1863 pietas
482 1792 573 1861 magis
592 1791 688 1847 alatur
708 1806 736 1847 et
755 1793 852 1848 cuncti
872 1810 923 1865 per
941 1793 1020 1847 hunc
1034 1807 1183 1847 consecra·

89 1864 179 1919 tionis
192 1876 290 1917 actum
302 1862 397 1918 eidem
410 1863 581 1918 suavissimo
602 1863 693 1921 Cordi
713 1864 822 1931 seipsos
836 1862 993 1920 ferventius
1005 1862 1183 1932 coniungere

91 1946 237 2005 satagant,
252 1935 409 2000 mandavit,
424 1947 456 1989 ut
471 1934 592 2005 singulis
605 1935 699 2000 annis,
715 1949 878 1990 memorato
887 1935 934 1989 die
948 1935 1029 2001 festo,
1044 1933 1073 1987 in
1089 1932 1183 1987 omni·

91 2007 150 2061 bus
163 2005 380 2077 parochialibus
393 2005 509 2078 templis'
522 2021 575 2061 nec
595 2023 655 2060 non
678 2006 707 2059 in
728 2006 796 2070 illis,
816 2007 847 2060 in
866 2006 973 2077 quibus
986 2006 1062 2060 idem
1077 2003 1183 2059 festum

90 2077 199 2150 agitur.
206 2092 305 2130 coram
315 2076 503 2132 Sanctissimo
514 2077 702 2133 Sacramento
713 2077 849 2149 publicae
862 2076 1025 2131 adorationi
1038 2075 1182 2146 exposito,

91 2147 221 2203 formula
235 2148 471 2215 consecrationis,
486 2148 522 2203 ab
536 2148 640 2203 eodem
665 2147 807 2203 Pontifice
829 2151 927 2204 Leone
941 2149 1014 2203 Xlll
1035 2146 1184 2218 proposita

90 2218 241 2281 recitetur,
254 2220 388 2290 adquam
402 2219 534 2275 Litaniae
542 2218 570 2272 in
581 2219 723 2275 honorem
735 2220 787 2276 SS.
795 2220 899 2274 Cordis
910 2231 995 2274 erunt
1004 2218 1182 2273 adiciendae.

129 2289 337 2345 Sanctissimus
357 2307 436 2357 vero,
456 2290 597 2345 universis
619 2289 873 2359 Christilidelibus,
893 2290 962 2345 huic
984 2291 1049 2360 piae
1062 2289 1182 2345 cerimo

91 2361 161 2416 niae
182 2360 271 2415 corde
291 2360 416 2417 contrito
436 2378 469 2416 ac
490 2362 592 2416 devote
614 2362 804 2427 adstantibus,
830 2375 858 2418 et
883 2363 919 2417 ad
939 2374 1067 2417 mentem
1093 2360 1184 2416 Suam

92 2432 258 2496 orantibus,
273 2432 485 2505 indulgentiam
506 2446 616 2514 septem
629 2450 777 2494 ,annorum
793 2434 974 2505 totidemque
986 2433 1184 2505 quadragena·

93 2522 162 2560 rum
183 2503 308 2576 benigne
330 2505 496 2573 concessit;
523 2505 556 2560 its
579 2516 677 2560 autem
699 2505 751 2576 qui
776 2505 977 2560 sacramentali
1002 2503 1185 2559 confessione

93 2576 213 2648 expiati,
228 2578 315 2631 etiam
330 2576 366 2632 ad
387 2593 410 2631 s
431 2576 564 2646 synaxim
582 2577 773 2642 accesserint„
786 2576 948 2648 plenariam
966 2576 1124 2632 clementer
1142 2587 1185 2630 est

93 2647 249 2719 elargitus;
271 2663 342 2718 quas
354 2646 549 2719 indulgentias
562 2647 715 2702 animabus
730 2647 798 2718 igne
813 2647 974 2719 Purgatorii
989 2647 1113 2703 detentis
1123 2646 1185 2702 fore

93 2717 283 2790 applicabiles
295 2717 458 2774 declaravit.
476 2718 623 2773 Praesenti
637 2719 666 2773 in
681 2731 857 2791 perpetuum
870 2719 1003 2775 valituro.
1025 2717 1185 2774 Contrariis

96 2789 332 2861 quibuscumque
346 2806 407 2845 non
423 2789 616 2844 obstantibus.
671 2817 674 2827 ι

132 2862 241 2914 Datum
253 2862 373 2927 Romae,
386 2877 401 2916 e
413 2860 571 2920 Secretatia
583 2861 612 2916 S.
623 2859 865 2930 Congregationis
875 2859 1065 2932 Indulgentiis
1078 2860 1185 2916 Sacris·

76 2945 156 3003 'que
171 2931 314 3003 Reliquiis
327 2933 520 3005 praepositae,
535 2931 581 2988 die
596 2949 629 2987 22
643 2931 757 3002 augusti
776 2933 852 3004 1906.

540 3017 575 3071 A.
597 3015 683 3070 Card.
703 3015 1040 3087 Tarrsr1,Praesectus.

464 3099 503 3155 D.
521 3099 638 3168 Panici,
652 3099 796 3171 Archiep.
811 3098 986 3167 Laodicen„
1001 3099 1113 3155 Serrei.

142 3373 239 3458 136.
262 3426 302 3436 -
329 3385 390 3456 ss.
416 3387 450 3455 t.
477 3387 513 3456 u.
539 3387 586 3455 rt
609 3388 672 3455 rr.
694 3388 720 3455 x
743 3386 820 3455 νει
843 3386 879 3455 s.
904 3385 977 3453 stt.
1002 3383 1150 3454 teras.

414 3546 625 3601 innutritur
642 3547 662 3599 s
679 3545 770 3601 auc.
792 3533 874 3599 1906

102 3683 340 3756 indulgentiis
366 3684 491 3741 fovens
519 3685 796 3741 celebrationem
819 3684 952 3740 mensis
976 3683 1037 3741 SS.
1065 3683 1189 3741 cordis

136 3830 266 3886 Nomine
277 3828 417 3884 sodalicii
431 3830 596 3902 cuiuspiam
620 3827 820 3902 Neapolitani,
844 3828 867 3883 ll
883 3828 1000 3885 Grande
1014 3827 1188 3893 Apostolato

104 3903 147 3955 del
170 3917 249 3956 mese
271 3900 317 3954 del
340 3902 369 3958 S.
398 3901 487 3968 Cu0r‚
505 3902 591 3974 quod,
608 3919 648 3955 ex
668 3902 730 3973 ipso
749 3900 807 3967 fine
827 3915 890 3960 suo.
911 3900 996 3971 pium
1010 3901 1098 3971 fovet
1118 3914 1189 3970 opus

103 3972 270 4027 celebrandi
284 3989 411 4027 mensem
425 3973 479 4028 SS.
500 3973 606 4028 cordis
620 3973 696 4030 lesu.
709 3974 839 4043 scriptae
851 3984 918 4026 sunt
930 3971 979 4024 die
991 3986 1026 4023 rr
1039 3969 1091 4023 iul.
1107 3971 1187 4037 1900,

105 4042 219 4098 litterae
225 4043 379 4098 devotione
383 4043 493 4125 plenae
502 4044 542 4098 ad
551 4044 606 4099 itas
617 4043 821 4116 impetrandas
829 4045 951 4114 gratias
959 4058 978 4095 a
988 4043 1019 4095 S.
1029 4040 1189 4113 Pontifice:

137 4131 162 4170 ι.
188 4115 271 4170 Utin
286 4115 417 4169 ecclesiis
437 4115 585 4188 inquibus
600 4115 707 4169 mensis
726 4114 780 4168 SS.
799 4113 905 4168 Cordis
918 4112 1102 4167 sollemniter
1115 4111 1189 4167 cele·

104 4185 210 4247 bretun,
221 4187 337 4258 possint
341 4185 459 4260 fideles,
483 4187 532 4241 die
547 4188 583 4242 30
598 4186 684 4248 innii,
709 4185 825 4239 lucrari
848 4183 1066 4256 indulgentiam
1084 4182 1189 4257 plena·

106 4259 181 4312 riam
194 4257 301 4314 totiens
313 4258 460 4330 quotiens,
475 4258 678 4330 defunctorum
693 4256 803 4312 animis
816 4255 1046 4329 applicabilem,‘

1264 1158 1363 1207 Occasio
1375 1162 1397 1206 et

1231 1216 1292 1277 finis
1303 1220 1395 1264 instan-

1237 1278 1283 1322 iiae
1289 1273 1377 1335 saetae.
1409 1295 1412 1301 ’

1255 1658 1341 1705 Prona
1350 1658 1398 1705 SSi

1237 1715 1354 1765 voluntas.

1266 1937 1372 1985 Manda-

1239 2000 1295 2048 inm.

1267 2289 1396 2349 Indulgen-

1240 2349 1295 2396 liae.

1266 2547 1398 2608 Valorpn-
1463 2554 1467 2563 ¹

1236 2611 1314 2665 petuas
1323 2620 1383 2665 gra·

1240 2667 1295 2710 iiae.

1267 2722 1399 2779 Derogaiio

1239 2782 1374 2827 contrario-

1240 2851 1300 2883 rum.

1268 2895 1328 2941 Dies
1338 2896 1376 2952 (22

1240 2966 1294 3011 aeg.
1306 2956 1382 3010 1906).

1272 3848 1388 3894 Narran-

1244 3911 1281 3951 inr
1299 3911 1373 3964 preces

1243 3963 1334 4008 oblatae
1371 3960 1402 4008 ad

1243 4019 1381 4068 obtinendas

1244 4077 1365 4136 indulgen·

1243 4139 1299 4184 iias.
