2959 4900
245 275 305 339 158
698 296 879 333 tronuirairra

703 429 880 484 Annorar'io

280 548 429 605 Articulus
442 560 562 623 quartus
581 548 690 605 hoium
703 559 882 605 statutorum
894 547 1090 606 conferendus
1105 559 1148 604 est
1162 564 1231 603 cum
1242 546 1339 617 priore

244 620 405 686 sanctione,
429 636 523 693 eaque
547 619 663 678 mitiore
684 618 849 676 litterarum
873 620 904 677 18
918 620 988 676 maii
1016 619 1093 694 1905,
1113 636 1187 692 quas
1210 617 1278 674 cfrs.
1293 616 1341 683 hic

245 708 343 767 supra,
359 709 389 765 p.
407 710 447 763 ii,
463 710 494 748 n.
510 701 561 761 74.

298 937 397 1026 154.
419 990 460 1003 -
481 952 518 1023 s.
542 952 657 1023 nune.
680 953 837 1024 innata.
862 953 915 1023 er
938 954 1001 1025 ss.
1027 877 1294 1023 aestuantia

362 1113 619 1170 RESCRIPTUM
633 1115 692 1170 EX
707 1115 934 1174 Avernum
952 1114 1223 1179 sancrtssmtt

588 1192 627 1247 12
643 1193 900 1250 SEPTEMBRIS
918 1193 1002 1249 1906

397 1328 451 1386 De
469 1344 603 1387 corona
621 1333 760 1403 septem
779 1330 1000 1402 (landini-nni
1020 1329 1060 1386 B.
1079 1329 1122 1389 V.
1143 1328 1189 1385 Μ.

318 1474 498 1531 Rectissime
516 1480 610 1533 Pater

286 1572 461 1626 Procurator
474 1570 624 1627 Generalis
639 1570 758 1635 Ordinis
767 1569 904 1627 Fratrum
918 1572 1071 1627 Minorum
1083 1586 1114 1625 se
1124 1570 1162 1624 ad
1175 1567 1343 1624 Sanctitatis

246 1643 329 1698 Tuae
358 1642 445 1714 pedes
472 1641 637 1698 humillime
665 1642 821 1713 provolvit,
848 1643 933 1698 enixe
965 1642 1128 1715 implorans
1156 1640 1187 1695 in
1214 1639 1344 1695 favorem

247 1729 373 1769 coronae
385 1724 495 1785 septem
509 1712 702 1779 Gaudiornm,
717 1724 751 1769 ut
770 1713 872 1769 fideles
884 1713 1048 1771 recitationi
1061 1711 1198 1785 publicae
1211 1711 1344 1766 eiusdem

246 1801 372 1841 coronae
386 1784 417 1839 in
430 1784 557 1840 ecclesiis
569 1784 674 1840 Trium
685 1784 832 1840 Ordinum
846 1787 876 1841 S.
894 1785 987 1841 Patris
1001 1782 1149 1839 Francisci
1163 1782 1343 1849 assistentes,

246 1867 334 1936 atque
346 1855 412 1911 aliis
431 1854 461 1910 in
484 1855 656 1911 recitatione
675 1855 738 1928 ipsa
760 1856 871 1921 sociati,
885 1855 1083 1927 indulgentias
1097 1852 1203 1910 lucrari
1216 1853 1343 1920 valeant,

247 1943 320 2007 quin
333 1943 475 1982 coronam
488 1926 670 1982 materialem
685 1943 755 1998 prae
768 1927 904 1983 manibus
918 1938 1037 1983 teneant
1049 1947 1057 1992 3
1071 1926 1211 1995 itemque,
1227 1937 1261 1979 ut
1271 1940 1344 1996 quo-

175 2008 177 2011 “
246 2012 321 2053 tiens
341 1998 401 2053 duo
420 1998 465 2053 vel
480 1998 578 2069 plures
597 1998 721 2053 eandem
740 1998 828 2053 simul
847 2015 989 2055 coronam
1008 1996 1201 2063 recitaverint,
1218 1994 1344 2051 sufficiat

247 2068 447 2125 recitationem
467 2067 633 2124 moderanti
651 2086 794 2124 coronam
807 2070 990 2125 materialem
1008 2069 1126 2135 habere,
1142 2067 1247 2123 ceteris
1262 2083 1343 2134 vero,

247 2140 352 2196 amotis
371 2139 613 2220 occupationibus
632 2139 859 2212 applicationem
879 2141 972 2196 animi
991 2138 1229 2211 impedientibus,
1245 2138 1344 2192 mode·

247 2212 337 2271 ratori
349 2212 380 2267 in
398 2210 570 2267 recitatione
587 2211 701 2279 sociari,
722 2212 822 2284 prouti
841 2228 895 2283 pro
918 2212 1039 2268 Rosario
1057 2222 1086 2267 et
1104 2208 1259 2266 Crucifixis
1274 2209 1346 2263 Viae

248 2282 350 2338 Crucis
372 2294 401 2337 et
419 2283 568 2354 signanter
588 2300 641 2355 pro
662 2298 771 2338 corona
790 2295 902 2357 septem
921 2284 1058 2339 dolorum
1069 2280 1209 2353 Virginis,
1225 2298 1242 2335 a
1258 2280 1349 2336 Sacra

249 2352 482 2425 Congregatione
504 2352 756 2424 indulgentiarum
774 2353 821 2410 die
842 2355 859 2411 8
881 2354 956 2409 iunii
982 2354 1049 2427 1898
1069 2352 1218 2408 indultum
1241 2364 1295 2417 est,
1310 2368 1346 2406 ne

202 2479 204 2482 ,
249 2441 330 2505 secus
345 2424 445 2481 fideles
467 2440 608 2504 coronam
628 2441 689 2505 non
707 2423 848 2505 liabentes
874 2438 918 2481 tot
936 2425 1186 2499 indulgentiarum
1204 2423 1345 2478 thesauro

249 2513 363 2568 saepius
377 2509 548 2552 remaneant
561 2513 591 2550 in
604 2508 775 2552 recitatione
787 2510 927 2569 expertes.

287 2571 323 2623 Et
341 2570 427 2632 DeuS,
443 2580 498 2622 etc.

286 2637 491 2695 Sanctissimus
504 2636 652 2695 Dominus
666 2638 774 2693 Noster
787 2636 855 2692 Pius
865 2639 921 2692 PP.
939 2638 974 2705 Χ,
986 2637 1017 2691 in
1027 2637 1175 2693 audientia
1186 2637 1289 2692 habita
1302 2636 1347 2692 die

253 2727 283 2765 12
309 2709 479 2781 septembris
507 2711 586 2782 1906,
612 2709 649 2763 ab
676 2708 860 2781 infrascripto
883 2708 1032 2763 Cardinali
1061 2709 1211 2764 Praefecto
1242 2709 1347 2764 Sacrae

250 2780 493 2852 Congregationis
508 2779 699 2852 Indulgentiis
719 2780 874 2860 Sacrisque
896 2780 1038 2850 Reliquiis
1057 2779 1250 2852 praepositae,
1267 2779 1346 2834 beni·

250 2869 306 2933 gne
321 2852 424 2907 annuit
437 2868 489 2924 pro
503 2851 595 2923 gratia
612 2853 642 2904 in
665 2851 804 2906 omnibus
823 2863 903 2906 iuxta
921 2867 1031 2922 preceS,
1049 2854 1152 2907 ceteris
1169 2850 1291 2906 servatis
1313 2851 1347 2905 de

250 2940 313 2979 iure
326 2924 484 2978 servandis.
502 2921 649 2978 Praesenti
673 2921 893 2994 inperpetuum
908 2921 1033 2977 valituro
1045 2922 1157 2994 absque
1169 2921 1231 2977 ulla
1248 2921 1347 2976 Brevis

250 2994 443 3067 expeditione.
460 2994 621 3049 Contrariis
635 2993 872 3065 quibuscumque
883 3009 944 3048 non
960 2995 1153 3050 obstantibus.
1312 3029 1316 3034 -

287 3070 398 3123 Datum
413 3067 533 3135 Romae,
545 3081 561 3120 e
572 3065 731 3121 secretaria
740 3064 872 3119 eiusdem
885 3066 978 3136 Cong.
991 3065 1037 3120 die
1051 3083 1081 3119 12
1092 3063 1249 3136 septembr.
1266 3065 1344 3137 1906.

707 3151 742 3204 Α.
765 3151 852 3206 Card.
872 3152 1007 3213 TRIPEPI,
1030 3151 1206 3218 Praefectus

631 3233 671 3289 D.
683 3233 801 3290 Pant'ci
812 3233 956 3320 Archiep.
970 3233 1145 3299 Laodicen,
1160 3234 1275 3289 Secret.

511 3491 610 3579 155.
633 3545 674 3554 -
696 3509 731 3577 s.
758 3507 902 3577 roien.
928 3505 1093 3577 arinini

462 3669 704 3726 RESPONSUM
722 3671 762 3723 15
778 3667 1035 3737 SEPTEMBRIS
1054 3666 1137 3720 1906

573 3811 626 3866 De
645 3810 755 3866 Sacra
774 3809 1030 3867 communione

629 3955 767 4011 Romana
788 3966 816 4011 et
834 3953 968 4010 aliarum
995 3948 998 3954 ’

51 4143 200 4191 Mmmtu,
292 4105 345 4161 Die
355 4121 390 4160 20
404 4101 564 4160 decembris
578 4101 656 4173 1905,
669 4101 760 4156 SSmu⁵
776 4103 810 4157 D.
829 4103 867 4156 N.
885 4100 955 4155 Pius
968 4099 1026 4154 PP.
1039 4099 1075 4159 X,
1092 4113 1128 4152 ex
1138 4097 1244 4152 Sacrae
1263 4095 1348 4150 huius

37 4201 100 4249 dm,
112 4217 141 4250 20
151 4201 198 4249 dei.
255 4178 363 4248 Congr.
390 4175 525 4231 consulto
547 4173 698 4227 decretum
719 4172 809 4228 edidit
823 4173 871 4227 De
884 4171 1036 4226 cotidiana
1056 4169 1126 4249 '883
1138 4167 1349 4248 Eucharistiae

37 4260 105 4316 1905.
254 4247 428 4320 sumptione,
457 4261 516 4317 quo
542 4264 558 4294 r<
582 4243 720 4318 omnibns
745 4242 990 4300 Christifidelibus
1016 4256 1143 4296 cuiusvis
1166 4241 1279 4295 ordinis
1301 4249 1348 4293 aut
