2959 4900
338 305 397 367 130
789 330 969 366 uorsuurntrr

338 459 440 515 saltem
454 460 557 517 ultimo
566 462 709 528 vicennio,
726 474 755 519 et
769 462 922 535 quomodo
932 464 968 519 ab
981 479 1017 519 eo
1030 461 1209 530 recesserint,
1223 460 1408 532 sivetempore

337 530 509 597 noviciatus,
524 532 582 589 sive
594 544 660 607 post
673 534 777 590 emissa
789 545 857 589 vota
870 545 1069 617 temporanea,
1084 533 1144 590 sive
1155 544 1222 606 post
1238 531 1339 588 emissa
1352 543 1408 586 vota

337 615 486 675 perpetua.
502 605 584 658 Num
597 618 625 660 et
638 617 712 729 (Γιοῑ
724 604 832 661 fuerint
842 606 978 679 fugitivi.

372 674 399 728 6.
414 674 612 742 Quandonam
624 693 644 731 u
657 675 728 732 tima
743 677 846 732 relatio
860 680 897 732 ad
917 677 947 736 S.
963 677 1068 734 Sedem
1081 676 1168 732 missa
1184 674 1280 733 fuerit.

755 811 779 866 1.
801 812 845 865 Da
866 812 1007 866 Prnsorus

442 910 472 973 a)
487 903 535 959 De
546 900 695 961 admissis

370 1005 397 1112 ἔ.
414 988 495 1055 Quot
508 988 577 1046 novi
589 987 700 1045 sodales
710 989 747 1044 ab
761 988 865 1045 ultima
878 990 1019 1046 relatione
1030 989 1149 1046 admissi
1161 989 1279 1048 fuerint.

390 1100 397 1113 .
414 1059 495 1113 Num
507 1076 610 1115 omnes
622 1060 798 1133 praescripta
811 1060 980 1116 testimonia
993 1061 1186 1118 exhibuerint.

370 1148 397 1200 9.
413 1130 494 1184 Num
506 1130 623 1202 speciali
636 1130 737 1204 aliquo
757 1131 847 1187 modo
863 1148 913 1188 seu
930 1132 1072 1188 industria
1094 1133 1131 1187 ad
1153 1148 1264 1189 nomen
1287 1129 1406 1186 lnstituto

334 1200 465 1255 dandum
489 1201 555 1273 quis
580 1202 701 1259 allectus
724 1202 831 1272 fuerit3
858 1216 887 1261 et
910 1203 1080 1278 praesertim
1104 1221 1176 1260 num
1201 1202 1406 1277 ephemeridum

333 1288 390 1345 ope
403 1272 600 1329 moderatores
614 1272 694 1330 hunc
708 1274 739 1328 in
753 1273 845 1330 finem
858 1275 903 1331 usi
916 1287 994 1331 sunt.

334 1362 339 1369 ·
374 1360 416 1402 ιο,
432 1343 477 1410 (ln
491 1342 636 1400 Institutis
650 1346 886 1419 religiosorum).
912 1348 994 1402 Num
1013 1346 1126 1405 litterae
1144 1345 1351 1402 testimoniales
1367 1358 1406 1415 per

335 1415 491 1540 Decrffium
503 1414 634 1470 Romani
645 1416 805 1489 Pontifices
818 1418 1011 1490 praescriptae
1025 1418 1055 1473 in
1070 1417 1192 1489 singulis
1206 1416 1321 1473 casibus
1337 1430 1405 1486 expe-

333 1496 401 1541 titae
444 1498 528 1541 erint.

372 1577 384 1637 ¹.
390 1577 412 1611 1.
428 1557 572 1637 Quotiens
585 1571 613 1614 et
626 1575 713 1640 super
725 1558 833 1632 quibus
847 1559 1065 1633 impedimentis
1077 1575 1129 1616 seu
1139 1558 1298 1617 defectibus
1306 1557 1405 1631 dispen-

332 1640 407 1684 satio
420 1645 580 1685 necessarta
592 1629 679 1686 fuerit
690 1642 718 1686 et
731 1648 749 1685 a
761 1648 892 1703 quonam
902 1631 1053 1702 superiore
1061 1631 1260 1687 eoclesiastico
1275 1644 1404 1686 concessa.

371 1718 411 1757 12.
430 1702 463 1755 ln
478 1717 607 1773 quanam
620 1702 709 1758 domo
723 1714 751 1758 et
766 1715 877 1775 quanto
897 1712 1030 1775 tempore
1049 1701 1233 1759 Postulantes
1252 1718 1302 1757 seu
1322 1699 1405 1755 candi·

332 1771 389 1826 dati
405 1772 579 1828 commorati
592 1772 709 1829 fuerint.

437 1881 464 1952 b)
478 1882 527 1937 De
541 1882 686 1938 Noviciis

370 1966 410 2021 13.
427 1966 506 2034 Quot
519 1966 577 2022 sint
588 1967 693 2022 domus
715 1964 886 2022 Noviciatus
900 1978 928 2022 et
948 1984 1021 2037 num
1033 1982 1229 2039 unaquaeque
1247 1964 1405 2021 auctoritate

332 2036 361 2092 S.
378 2037 459 2093 Sedis
472 2037 603 2093 instituta
616 2038 661 2093 sit.

369 2126 409 2178 14.
425 2110 505 2176 Quot
526 2109 633 2165 novicii
663 2120 728 2181 post
760 2107 896 2166 ultimam
927 2109 1099 2165 relationem
1129 2107 1264 2163 habitum
1291 2105 1403 2163 lnstituti

331 2179 520 2251 susceperint.
1256 2220 1258 2225 .

369 2252 409 2306 15.
425 2252 502 2318 Quot
512 2268 597 2317 ‚nunc
609 2250 640 2305 in
654 2250 810 2307 Noviciatu
825 2252 941 2322 degant.

369 2324 409 2377 16.
425 2324 508 2378 Num
522 2322 637 2378 Novicii
651 2340 667 2377 a
683 2320 820 2379 Professis
833 2322 887 2378 rite
901 2322 1025 2395 separati
1037 2321 1185 2378 exsistant.

369 2413 408 2466 17.
424 2395 506 2448 Num
518 2409 620 2449 omnes
632 2393 759 2448 habeant
772 2392 919 2475 integrum
932 2394 1080 2467 exemplar
1090 2393 1347 2452 Constitutionum.

368 2467 408 2521 18.
423 2466 505 2520 Num
519 2481 622 2520 omnes
641 2476 708 2521 ante
726 2465 940 2537 professionem
951 2483 1003 2539 per
1017 2483 1129 2521 annum
1149 2465 1294 2538 integrum
1306 2478 1332 2520 et
1342 2480 1401 2534 eon-
1451 2516 1452 2543 ἶ

328 2536 445 2592 tinuum
458 2537 487 2590 in
498 2537 588 2591 domo
602 2536 773 2592 Noviciatus
786 2537 841 2592 sub
854 2553 923 2593 cura
936 2537 1067 2609 magistri
1078 2537 1220 2609 degerint.
1451 2602 1452 2609 ἵ

369 2627 408 2681 19.
425 2608 515 2673 Num,
536 2616 681 2679 quantum
701 2619 729 2663 et
751 2625 812 2678 qua
824 2608 1006 2675 auctoritate,
1020 2619 1136 2682 tempus
1156 2609 1324 2666 Noviciatus
1335 2606 1401 2684 ultra
1451 2620 1452 2623 ¹

327 2680 487 2734 terminum
507 2679 538 2733 in
557 2678 816 2735 constitutionibus
835 2678 1023 2751 praefinitum
1042 2690 1234 2752 prorogatum
1255 2680 1297 2738 vel
1320 2677 1399 2733 immr-

326 2762 433 2805 nutum
447 2749 542 2806 fuerit.
1450 2802 1451 2805 ,

363 2839 408 2878 20.
425 2823 534 2877 Utrum
559 2820 674 2877 Novicii
698 2821 795 2894 primo
820 2821 982 2878 noviciatus
997 2839 1076 2878 anno
1101 2822 1264 2878 vacaverint
1288 2832 1397 2896 tantum
1450 2818 1451 2823 ’

326 2894 416 3021 ffiodo
437 2891 579 2950 exercitiis
597 2891 721 2966 pietatis,
738 2909 777 2947 an
791 2892 856 2948 aliis
877 2892 965 2948 etiam
984 2904 1013 2949 et
1032 2894 1140 2965 quibus
1159 2894 1297 2965 operibus
1307 2889 1399 2949 addim

358 2975 443 3024 errnt.

362 3055 405 3092 21.
421 3037 502 3091 Num
514 3035 639 3090 durante
650 3035 780 3090 secundo
791 3053 871 3091 anno
882 3034 1053 3091 Noviciatus
1064 3036 1126 3101 (ubi
1139 3036 1296 3108 peragitur)
1307 3030 1395 3090 novicii

327 3108 357 3162 in
372 3107 442 3162 alias
455 3107 562 3162 domus
574 3105 654 3160 missi
668 3105 785 3161 luerint.
1449 3116 1450 3137 l

362 3197 405 3233 22.
421 3177 468 3248 (In
482 3177 625 3233 Institutis
639 3177 807 3248 Sororum).
825 3178 905 3232 Num
918 3188 985 3233 ante
1004 3176 1212 3234 admissionem
1226 3179 1263 3233 ad
1281 3177 1396 3234 habitum

326 3262 354 3305 et
366 3250 402 3304 ad
420 3246 776 3328 primam-professionem
800 3248 960 3324 Episcopus
974 3248 1019 3304 vel
1039 3248 1101 3304 eius
1120 3248 1270 3320 delegatus
1292 3262 1395 3306 examen

326 3331 535 3393 praescriptum
548 3329 714 3374 instituerit.
1448 3336 1449 3339 ¹

430 3433 457 3498 e)
473 3427 519 3484 De
533 3426 693 3491 Professis.
743 3488 745 3491 ,

361 3519 402 3572 23.
418 3513 498 3579 Quot
511 3528 591 3566 nunc
604 3510 661 3566 sint
674 3510 704 3565 in
722 3512 858 3568 Instituto
871 3512 984 3568 sodales
1005 3515 1036 3584 a)
1058 3523 1196 3568 votorum
1209 3524 1396 3587 temporaneo

325 3601 401 3651 rum,
417 3583 445 3652 b)
460 3593 596 3638 votorum
609 3595 830 3656 perpetuorum.
1325 3631 1328 3638 .
1447 3596 1448 3609 ¹

358 3671 403 3725 24.
419 3655 500 3708 Num
514 3665 583 3709 vota
596 3666 787 3727 temporanea
800 3670 914 3727 semper
934 3665 1067 3726 tempore
1085 3655 1184 3711 debito
1203 3655 1310 3712 fuerint
1326 3668 1397 3711 reno

322 3737 396 3784 vata.
804 3768 807 3774 .

360 3800 402 3853 25.
421 3797 502 3850 Num
526 3794 640 3850 sodales
669 3807 802 3866 ternpore
832 3795 931 3853 debito
963 3797 1001 3852 ad
1026 3796 1108 3852 vota
1123 3809 1264 3869 perpetua
1294 3791 1396 3852 admissi
1446 3836 1447 3847 r

323 3868 431 3924 fiterint
446 3878 511 3938 post
521 3867 654 3938 elapsum
664 3879 780 3939 tempus
793 3879 932 3923 votorum
944 3879 1215 3941 temporaneorum.

359 3941 402 3995 26.
418 3939 499 4066 (gunt
511 3936 624 3994 sodales
638 3937 697 3993 sive
716 3938 837 4021 professi
856 3939 916 3995 sive
934 3938 1042 3995 novicii
1062 3951 1127 4012 post
1147 3940 1283 3996 ultimam
1296 3936 1396 3994 relatio

324 4027 391 4066 nem
407 4028 425 4065 o
448 4019 543 4065 ierint.

429 4118 458 4188 d)
473 4117 521 4173 De
533 4117 664 4191 egressis
676 4127 705 4172 et
716 4116 857 4174 dimissis

359 4222 402 4275 27.
418 4204 499 4270 Quot
510 4214 578 4274 post
591 4200 726 4256 ultimam
745 4201 919 4257 relationem
937 4201 974 4256 ab
993 4203 1129 4258 Instituto
1147 4202 1316 4259 recesserint
1327 4201 1356 4267 a>
1366 4213 1394 4252 ex

323 4273 453 4338 noviciis,
468 4268 497 4341 b)
510 4289 545 4327 ex
557 4272 693 4344 professis
705 4271 912 4345 temporaneis,
926 4277 952 4345 e)
967 4289 1002 4328 ex
1014 4272 1150 4347 professis
1161 4272 1315 4348 perpetuis.
