2959 4900
307 342 350 405 82
738 366 873 415 quaestam
888 368 972 404 varam

310 498 449 567 dianam
473 498 774 587 communionem,
800 498 859 568 alii
883 499 1000 590 potius
1016 497 1058 567 ad
1075 516 1181 566 usum
1196 492 1307 561 minus
1321 492 1374 559 fre·

310 601 486 679 quentem.
507 587 579 656 Cir.
601 588 760 676 Lacroix,
779 589 800 656 l.
821 590 854 676 6,
873 611 907 678 p.
932 612 960 675 r,
979 610 1015 657 n.
1034 587 1112 674 654.
1227 594 1235 607 ''
1285 670 1290 683 ἱ

356 675 562 745 Doctrinam
576 675 610 746 S.
632 678 819 767 Alphonsi,
836 698 909 747 non
926 677 1070 768 quidem
1089 698 1128 743 ex
1145 673 1313 761 theologia
1327 691 1377 737 sua

311 765 434 833 morali
452 766 512 833 sed
529 786 569 832 ex
586 766 689 835 variis
706 768 782 835 eius
797 767 933 855 scriptis
949 766 1207 854 depromptam,
1225 762 1281 842 ita,
1299 780 1377 859 anno

314 853 411 943 1865,
445 854 612 924 omnibus
643 855 823 944 sodalibus
857 856 1010 935 Instituti
1049 853 1114 923 SS.
1151 850 1378 937 Redemptorts

309 944 527 1032 proponebat
540 959 573 1011 et
584 946 799 1034 sequendam
818 944 1071 1033 praescribebat
1081 944 1215 1031 ,Reme
1228 963 1267 1041 p.
1282 938 1378 1007 Gene-

309 1035 401 1116 ralis,
437 1034 607 1101 Nicolaus
633 1035 798 1118 Mauron,
829 1043 837 1077 ¹
869 1061 876 1102 :
918 1032 1150 1103 Distinctione
1184 1051 1280 1119 prius
1308 1027 1379 1095 lacta

309 1121 571 1192 communionis
594 1124 898 1205 hebdomadariae,
917 1144 1007 1213 quae
1027 1122 1157 1211 passim
1173 1117 1377 1209 permittitur,

309 1210 365 1279 his
376 1212 487 1301 pergit
498 1212 648 1281 scribere
664 1212 779 1282 verbis
798 1240 805 1281 :
829 1240 842 1276 r
863 1213 971 1299 Quod
983 1210 1025 1280 ad
1043 1209 1310 1278 communionem
1324 1204 1379 1295 {re-

309 1310 465 1391 nuentem
482 1301 602 1369 attinet
617 1322 680 1370 seu
695 1323 785 1391 quae
801 1303 932 1390 pluries
944 1302 981 1370 in
993 1301 1213 1369 hebdomada
1229 1299 1281 1383 fit,
1299 1296 1379 1377 haec,

310 1394 403 1459 iuxta
425 1390 620 1459 doctrinam
649 1390 686 1461 S.
721 1392 908 1481 Alphonsi,
933 1391 1104 1480 triplicem
1133 1386 1380 1486 dispositionem

310 1480 414 1569 erigit
432 1506 439 1548 :
466 1484 499 1565 a)
516 1481 598 1570 fuga
614 1481 766 1549 cuiusvis
783 1481 911 1571 peccati
934 1478 1077 1548 venialis
1094 1481 1195 1568 plene
1219 1469 1381 1543 deliberati
1444 1478 1445 1489 ¹

198 1571 204 1609 ⁵
309 1582 344 1637 et
365 1570 622 1638 immunitatem
646 1570 690 1639 ab
718 1572 815 1638 omni
844 1570 968 1637 affectu
992 1569 1035 1636 ad
1059 1586 1240 1658 peccatum
1267 1563 1382 1631 veniale

310 1658 561 1748 quodcumque
578 1684 588 1747 ;
615 1697 655 1709 —
672 1659 709 1742 b)
725 1659 881 1728 studium
898 1657 1116 1748 perfectionis
1133 1670 1166 1724 et
1181 1651 1383 1741 recipiendae

310 1748 570 1817 communionis
591 1749 805 1820 desiderium
819 1751 1009 1835 sincerum,
1027 1746 1069 1815 ad
1086 1745 1286 1843 augendam
1301 1741 1383 1839 flam·

311 1858 406 1905 mam
422 1836 530 1905 divini
548 1837 677 1906 amoris
694 1863 705 1926 3
731 1876 773 1890 —
790 1844 822 1923 c)
839 1836 1039 1905 exercitium
1055 1838 1224 1903 orationis
1239 1833 1384 1899 mentalis

311 1942 345 1994 et
359 1946 529 1995 sensuum
546 1926 821 2015 passionumque
837 1926 1011 1995 assiduam
1030 1923 1343 1991 mortificationem.

359 2041 373 2078 a
398 2014 560 2084 Tandem
583 2016 625 2085 ad
642 2017 912 2085 communionem
928 2014 1135 2084 cotidianam
1153 2012 1190 2081 S.
1219 2012 1250 2078 F
1251 2010 1385 2112 undator

311 2118 428 2172 noster
456 2106 670 2193 exposcitur
700 2108 818 2176 anima
848 2127 928 2173 suas
955 2104 1159 2203 cupiditates
1181 2120 1332 2199 maxrma
1354 2117 1385 2162 ex

311 2206 407 2281 parte
431 2193 581 2263 domitas
597 2195 733 2278 habeat,
759 2209 798 2264 ut
821 2194 982 2263 exercitio
998 2192 1165 2261 orationrs
1181 2191 1341 2258 mentalis
1360 2202 1386 2251 et

312 2282 639 2352 mortificationibus
656 2284 805 2353 multam
819 2304 963 2373 operam
979 2281 1158 2371 impendat
1170 2294 1204 2347 et
1218 2278 1385 2367 quendam

311 2371 459 2460 gradum
475 2372 695 2462 perfectionis
711 2374 881 2442 maiorem
894 2372 1112 2441 minoremve
1124 2369 1285 2470 attigerit.
1304 2366 1386 2433 Tum
1444 2398 1446 2458 3

311 2481 394 2529 vero
418 2462 522 2530 etiam
546 2461 589 2530 ad
613 2483 721 2530 unam
745 2462 1027 2533 inhebdomada
1049 2461 1144 2529 diem
1159 2456 1387 2548 exciprendam

312 2549 468 2619 hortatur
483 2552 679 2620 directores.
701 2578 716 2614 r

358 2637 497 2708 Similes
512 2640 594 2708 satis
606 2642 775 2730 regulasa
790 2641 823 2709 R
854 2641 894 2710 P.
908 2640 1109 2708 Lehmkuhl
1121 2639 1133 2675 ²
1147 2637 1318 2726 expositas
1329 2635 1388 2731 lau·

312 2727 406 2796 davit
421 2727 495 2817 ipsa
514 2727 550 2798 S.
570 2729 612 2800 C.
631 2732 676 2799 de
691 2732 916 2821 propaganda
930 2731 1013 2798 fide.
1033 2728 1092 2798 Sic
1108 2727 1204 2796 enim
1219 2721 1388 2814 respondit

312 2818 355 2884 ad
378 2817 455 2884 Vic.
481 2820 638 2908 Apostol.
665 2819 902 2910 Madagascar,
920 2819 982 2908 qui
999 2818 1043 2888 de
1058 2816 1188 2908 regulis
1206 2815 1249 2884 P.
1271 2812 1386 2882 Lehm-

311 2906 398 2974 kuhl
423 2905 460 2976 S.
480 2905 799 2997 Congregationem
821 2909 1103 2998 interrogaverat.
1122 2926 1215 2973 anno
1238 2903 1337 3002 1892,
1354 2897 1386 2965 25

312 2995 408 3083 maii,
431 3023 444 3060 r
464 2994 557 3064 Cum
574 2997 713 3066 schema
728 2999 795 3066 hoc
812 2997 982 3067 maturius
1000 2995 1236 3066 examinatum
1251 2993 1386 3060 fuerit...

316 3083 473 3174 Dignum
489 3086 585 3174 quod
609 3085 647 3153 in
670 3086 955 3156 substantialibus
979 3086 1190 3185 approbetur
1214 3083 1389 3175 inventum
1446 3131 1447 3148 .

312 3188 385 3242 est:
405 3174 551 3242 minime
565 3190 683 3243 tamen
699 3195 737 3243 ur
752 3176 805 3244 lex
818 3176 976 3244 absoluta
991 3190 1024 3242 et
1040 3188 1195 3254 taxattva,
1215 3170 1274 3240 sed
1293 3170 1388 3237 velutt

312 3283 437 3330 norma
452 3263 669 3333 confessariis
685 3263 862 3333 tradenda.
885 3290 897 3328 r

359 3351 484 3438 Porr0,
510 3352 603 3420 hisce
627 3355 741 3422 verbis
764 3375 864 3423 suam
888 3353 984 3423 effert
1008 3351 1216 3420 sententiam
1238 3347 1388 3415 laudatus

315 3439 356 3507 P.
378 3441 600 3510 Lehmkuhl:
624 3469 636 3506 r
654 3443 870 3511 Communio
883 3441 1045 3531 frequens
1057 3462 1129 3508 non
1144 3437 1328 3538 cotidiana,
1347 3454 1386 3534 sc.

313 3546 446 3621 praeter
468 3531 542 3598 dies
566 3531 762 3601 dominicos
786 3537 833 3618 (et
857 3532 975 3616 festos)
999 3551 1071 3598 una
1093 3531 1240 3597 alterave
1263 3546 1337 3593 vice
1358 3542 1387 3588 m

312 3618 544 3696 hebdomada,
578 3621 707 3710 requiri
738 3623 844 3688 talem
875 3619 1156 3709 dispositionem,
1189 3632 1243 3716 ut·
1259 3626 1388 3703 peccata

311 3708 458 3776 venialia
474 3708 662 3779 deliberata
677 3710 915 3780 consueverint
932 3730 1000 3776 non
1017 3707 1169 3776 accidere
1185 3705 1305 3804 (igitur
1322 3720 1387 3801 pec·

311 3814 427 3865 catum
451 3798 632 3887 quodlibet
662 3801 893 3869 deliberatum
921 3819 993 3866 non
1025 3799 1127 3866 debet
1158 3815 1232 3862 esse
1263 3787 1387 3881 aquutd

311 3888 405 3974 quod
421 3887 594 3954 ordinarie
610 3887 697 3973 fiat),
712 3902 745 3956 et
757 3905 796 3957 ut
811 3890 955 3978 insuper
971 3903 1117 3954 conatus
1133 3884 1340 3984 adhibeatur
1351 3876 1388 3980 ad

311 3976 548 4064 exstirpandos
564 3999 688 4065 pravos
700 3979 842 4047 affectus
855 3999 936 4046 cum
949 3976 1122 4044 desiderio
1139 3971 1343 4063 proficiendi
1358 3986 1388 4034 m

342 4291 349 4322 1
361 4290 400 4335 Ex
411 4303 493 4348 opere
504 4291 537 4338 R.
551 4292 583 4338 P.
596 4292 705 4346 (zonas,
715 4289 825 4350 L'aptm
834 4288 942 4339 moderna
952 4288 982 4337 dn
996 4287 1027 4337 T.
1039 4290 1066 4337 S.
1079 4289 1220 4340 sacrament,
1236 4293 1298 4346 1906,
1315 4298 1341 4344 p.
1353 4300 1386 4340 94·

339 4355 444 4401 artent.
457 4369 519 4403 mor.
530 4363 549 4404 t.
562 4373 585 4412 α,
597 4370 624 4404 n.
639 4361 690 4412 156,
703 4362 754 4413 1⁵7·
