2959 4900
103 1753 201 1800 Occasio

75 1807 141 1856 daces·
154 1824 182 1858 ex
190 1811 231 1870 fa-

75 1867 230 1928 cultatefacta

73 1923 205 1984 Congrega·

74 1983 177 2030 tionibus

71 2040 208 2088 concedendi

73 2095 164 2145 litteras
175 2099 213 2147 de'·

73 2156 226 2208 missartales.

100 2467 190 2523 Species

69 2521 131 2582 sacti
140 2538 147 2573 ,·
153 2526 229 2583 plures

71 2580 161 2628 sodales
181 2588 231 2629 stu·

72 2638 120 2685 aits
139 2644 231 2699 operam

72 2694 132 2742 claat
152 2700 178 2743 c'n
195 2714 229 2745 se·

72 2755 179 2803 minaria

72 2811 218 2861 Parisiease'.

99 2894 231 2953 Quaereba-

73 2956 110 2997 tur
118 2952 150 2999 cd
158 2968 230 3011 quem·

72 3010 230 3070 aamEpe'sco·

67 3072 123 3125 pum
134 3076 207 3116 essent

73 3124 217 3175 dimittendi.

102 3326 177 3372 Casus

75 3383 230 3441 singularitas

72 3438 218 3543 incimmem-

100 3697 222 3745 Decretum

71 3754 100 3802 S.
113 3754 213 3815 Congre-

70 3814 186 3865 gationis.

104 4155 125 4201 A
158 4156 229 4203 roba-

70 4212 104 4315 a
148 4212 229 4273 rt·

479 762 1186 908 monumenta
1249 932 1252 936 ³

378 1181 448 1268 23.
470 1233 511 1246 »-
534 1195 570 1266 8.
594 1195 630 1265 G.
655 1195 934 1266 episcopatum
962 1195 1014 1264 tt
1038 1194 1288 1266 testulutum

590 1380 849 1436 nannetum
867 1381 973 1435 IUNII
989 1381 1071 1435 1899

343 1545 396 1601 De
415 1544 589 1615 Episcopo
608 1545 752 1616 proprio
771 1546 1050 1602 ordinandorum
1069 1544 1319 1616 religiosorum

322 1714 417 1784 Cum,
440 1712 611 1783 peculiari
639 1714 668 1768 S.
697 1713 780 1769 Sedis
811 1714 936 1780 indulto,
969 1713 1169 1786 superioribus
1192 1710 1370 1784 generalibus

286 1787 484 1842 recentiorum
508 1784 789 1857 congregationum,
811 1785 841 1839 in
863 1785 972 1856 quibus
981 1798 1049 1840 vota
1061 1785 1214 1840 dumtaxat
1233 1781 1371 1854 simplicia

287 1870 506 1931 nuncupantur,
524 1857 665 1938 impertiri
679 1857 781 1922 soleat,
805 1858 843 1911 ad
858 1870 971 1912 certum
984 1858 1110 1929 tempuS,
1133 1854 1257 1911 facultas
1275 1868 1371 1910 conce-

286 1929 373 1985 dendi
386 1929 446 1984 suis
469 1927 592 1983 subditis
614 1927 724 1983 litteras
746 1928 953 1984 dimissoriales
976 1929 1014 1984 ad
1027 1926 1144 1983 ordines
1163 1925 1370 2006 suscipiendos,

286 2019 319 2056 ea
343 2013 440 2056 tamen
463 1999 646 2068 condicione,
672 2012 705 2053 ut
728 2001 845 2056 easdem
866 1999 976 2054 litteras
990 1999 1116 2071 dirigant
1134 1998 1171 2052 ad
1196 1999 1372 2078 Episcopum

285 2072 424 2130 dioecesis
450 2072 525 2126 intra
544 2071 628 2127 cuius
651 2069 758 2126 limites
773 2071 820 2143 pia
846 2071 953 2127 domus
976 2069 1131 2127 ordinandi
1143 2082 1297 2141 repentur,
1320 2083 1372 2122 nisi

285 2144 333 2199 hic
346 2143 472 2198 abluerit
494 2156 544 2198 aut
565 2141 783 2198 ordinationem
807 2159 867 2198 non
891 2143 927 2196 sit
948 2143 1112 2212 habiturus,
1133 2157 1210 2196 nova
1231 2140 1373 2207 quaedam

285 2229 384 2270 exorta
409 2227 451 2269 est
466 2214 607 2286 quaesti0,
624 2231 699 2285 quae
721 2215 758 2268 ab
773 2215 833 2269 ΕῘῘΙΟ
846 2226 874 2269 et
889 2215 950 2269 Rm⁰
963 2215 993 2269 S.
1009 2215 1044 2269 R.
1061 2215 1095 2268 E.
1118 2211 1269 2267 Cardinali
1283 2211 1315 2266 F.
1333 2209 1370 2263 M.

287 2289 320 2342 B.
337 2285 472 2352 Richard,
496 2284 725 2357 Archiepiscopo
740 2285 906 2353 Parisiensi,
923 2284 992 2341 huic
1012 2286 1042 2340 S.
1066 2285 1130 2339 Con
1167 2282 1296 2356 egationi
1320 2283 1371 2352 Ep.

284 2369 313 2414 et
327 2360 397 2428 Reg.
414 2374 479 2428 neg.
494 2370 522 2413 et
535 2357 660 2413 consult.
675 2356 866 2430 praepositae,
881 2373 976 2430 nuper
992 2355 1120 2412 subiecta
1146 2355 1201 2434 uit.

321 2438 463 2511 Exposuit
485 2456 591 2513 nempe
611 2439 817 2513 praelaudatus
831 2438 1087 2513 Archiepiscopus,
1103 2456 1164 2494 non
1178 2454 1245 2493 raro
1264 2433 1373 2513 contin3

284 2530 351 2583 gere
366 2525 398 2566 ut
420 2510 589 2566 huiusmodi
603 2511 873 2584 Congregationum
896 2528 948 2567 seu
964 2511 1168 2570 Institutorum
1187 2506 1373 2587 sodale5,'ubt

285 2584 411 2656 primam
439 2595 576 2637 scotorum
600 2582 815 2655 professionem
839 2582 998 2650 emiserint,
1027 2582 1098 2655 quin
1126 2591 1221 2637 certae
1251 2582 1373 2635 lnstrtuu

285 2654 386 2711 domui
400 2653 605 2724 inscribantur,
630 2655 666 2709 ad
680 2654 870 2710 seminarium
887 2654 1080 2714 Parisiensea
1092 2654 1152 2707 suis
1166 2649 1371 2725 superioribus,

285 2726 447 2781 studiorum
470 2742 566 2787 eausa,
592 2726 756 2795 mittantur,
780 2726 881 2798 ibique
903 2741 955 2797 per
974 2742 1068 2781 unum
1090 2736 1141 2779 aut
1161 2724 1271 2801 plures·
1284 2736 1373 2776 annos

284 2808 514 2865 commorentur,
538 2797 628 2853 vitam
650 2797 847 2853 communiter
871 2796 1010 2853 ducentes
1023 2813 1091 2851 cum
1104 2794 1224 2852 caeteris
1246 2791 1375 2849 eiusdem

284 2868 433 2925 seminarii
457 2868 596 2925 alumnis
623 2869 778 2925 Adiciebat
804 2879 904 2923 autem
929 2866 1096 2940 quaesitum
1120 2866 1224 2922 exinde
1246 2880 1317 2932 esse,
1340 2861 1374 2917 ad

283 2957 444 3013 quemnam
460 2939 650 3015 Episcopum,
673 2957 726 3012 pro
746 2940 932 2995 ordinatione
954 2938 1126 2994 huiusmodi
1139 2936 1303 3017 sodalium,
1320 2950 1374 2988 res-

284 3011 388 3084 pectivi
400 3012 565 3079 superiores
577 3011 727 3083 generales
740 3012 855 3066 mittere
864 3022 1020 3067 teneantur
1035 3010 1144 3075 litteras
1157 3004 1373 3068 dimissoriales,

284 3098 481 3155 magnamque
502 3082 556 3137 hac
579 3082 613 3137 de
637 3100 668 3137 re
681 3082 817 3137 obortam
830 3098 893 3138 esse
906 3081 1136 3149 contentionem,
1152 3079 1215 3135 aliis
1234 3078 1292 3133 alia
1314 3092 1374 3131 sen-

284 3153 440 3217 tientibus;
465 3171 555 3225 quare
579 3153 663 3209 enixe
677 3154 845 3226 postulabat
866 3166 899 3209 ut
919 3155 1091 3209 auctoritate
1109 3151 1197 3206 huius
1213 3152 1243 3206 S.
1268 3150 1373 3218 Congr.

284 3226 486 3280 decerneretur
500 3224 570 3296 quid
583 3224 613 3278 in
628 3224 764 3296 praefatis
777 3224 893 3280 casibus
908 3224 1084 3280 servandum
1097 3223 1144 3280 sit.

320 3311 411 3363 Porro
425 3307 613 3363 manifestum
626 3319 669 3364 est
682 3319 744 3364 tam
766 3309 864 3381 legem
876 3321 1006 3364 veterem
1020 3325 1074 3380 pro
1092 3305 1285 3379 Regularibus
1297 3314 1374 3357 voto-

281 3398 347 3435 rum
361 3380 548 3443 solemnium,
572 3380 693 3447 adrem,
719 3380 821 3445 latam,
847 3397 936 3451 quam
949 3393 1079 3435 recentes
1100 3380 1129 3434 S.
1155 3377 1237 3433 Sedis
1259 3390 1375 3431 conces·

282 3452 388 3519 siones,
413 3450 486 3504 illud
509 3450 551 3504 uti
575 3464 687 3507 certum
710 3451 951 3523 praesumpsisse,
976 3451 1057 3522 quod
1080 3448 1203 3529 quilibet
1225 3446 1374 3526 religiosus

283 3540 334 3578 seu
363 3520 489 3577 Instituti
516 3522 654 3577 alumnus
681 3521 771 3577 alicui
797 3538 913 3594 semper
940 3532 1119 3577 monasterio
1144 3537 1196 3575 seu
1220 3520 1322 3574 domui
1342 3526 1376 3570 sit

284 3594 413 3650 addictus
426 3614 433 3648 :
448 3594 527 3663 quod
540 3594 670 3665 quidem,
686 3593 767 3647 iuxta
782 3593 922 3667 exposita,
938 3610 1038 3665 reapse
1052 3609 1113 3648 non
1127 3589 1242 3663 obtigit.

320 3679 422 3749 ltaque
436 3676 537 3731 eadem
562 3678 591 3731 S.
607 3676 727 3746 Congu,
745 3676 881 3732 universa
894 3676 936 3731 rei
959 3674 1074 3731 ratione
1087 3687 1202 3730 mature
1223 3688 1373 3751 perpensa,

282 3748 499 3804 decernendum
525 3748 638 3803 censuit
662 3747 772 3802 litteras
795 3746 1013 3814 dimissoriales,
1034 3746 1065 3801 in
1088 3746 1203 3802 casibus
1216 3746 1252 3801 de
1270 3744 1374 3821 quibus

280 3837 377 3894 supra,
395 3818 559 3890 dirigendas
572 3835 632 3873 esse
646 3820 682 3873 ad
702 3818 887 3892 Episcopum
902 3818 1053 3874 dioecesos
1066 3816 1096 3872 in
1116 3818 1200 3874 cuius
1220 3816 1375 3871 seminario

280 3890 402 3973 praefati
416 3889 528 3945 alumni
536 3890 638 3945 studiis
648 3890 718 3945 dant
730 3907 863 3962 operam,
874 3890 1039 3945 dummodo
1053 3900 1151 3946 tamen
1162 3906 1214 3944 seu
1224 3898 1375 3960 postquam

281 3963 335 4037 ipsi
345 3961 449 4017 saltem
459 3978 509 4032 per
520 3960 668 4033 integrum
681 3978 794 4015 annum
808 3960 917 4015 ibidem
930 3960 1104 4016 commorati
1118 3960 1248 4027 luerint3
1267 3967 1374 4013 servata

281 4035 311 4088 in
327 4034 446 4105 reliquis
458 4031 554 4087 forma
566 4050 600 4088 ac
611 4044 714 4088 tenore
728 4032 834 4088 indulti
849 4032 1008 4106 respective
1020 4031 1163 4089 concessis

318 4119 406 4172 Facta
418 4128 516 4171 autem
531 4116 566 4172 de
579 4114 745 4189 praemissis
769 4116 912 4172 relatione
936 4116 988 4172 SS.
1008 4117 1043 4171 D.
1060 4117 1098 4171 N.
1125 4114 1218 4171 Leoni
1237 4114 1267 4169 d.
1288 4114 1373 4190 Prot,

283 4190 342 4245 ΡΡ.
359 4189 430 4243 thl
446 4188 477 4242 in
490 4187 637 4243 audientia
650 4186 750 4242 habita
764 4188 801 4243 ab
816 4187 1001 4260 infrascripto
1019 4186 1170 4252 cardinali,
1191 4184 1239 4241 die
1261 4185 1295 4240 30
1306 4199 1373 4237 man

285 4260 360 4333 1889,
377 4259 520 4315 Sanctitas
534 4260 593 4316 Sua
612 4258 787 4315 sententiam
801 4260 906 4313 Sacrae
922 4258 1032 4331 Congr.
1049 4258 1174 4331 probare
1193 4257 1310 4329 dignata
1322 4264 1372 4309 est.
