2959 4900
89 312 138 395 [48]
188 332 207 369 s
225 334 250 369 c.
267 332 347 369 corte.
363 332 400 367 ue
415 330 558 367 urssnnuu
574 326 719 363 oneremus.
737 325 854 361 arcusa.
875 330 939 371 1904,
958 316 1013 370 1905
1087 301 1147 363 133

430 466 485 522 Die
505 484 537 539 27
557 463 684 520 februari
708 464 772 537 1905
1230 470 1338 527 Diam

115 566 138 619 S.
151 562 337 635 Congregatio
352 561 476 618 Concilii
498 560 663 617 Tridentini
683 562 839 631 Interpres,
854 558 954 639 vigore
965 557 1153 638 'facultatum
1197 526 1353 654 {2¹⁰9ssss

88 638 174 691 aSSm⁰
188 639 238 691 ϋηο
253 638 362 691 Nostro
377 636 430 689 Pio
447 634 505 690 ΡΡ.
520 634 546 688 Χ
560 632 614 688 sibi
626 631 814 699 tributarum,
830 642 988 703 propositis
1001 629 1149 684 dubus1ta
1354 632 1359 641 '

88 708 299 780 respondendum
313 705 445 762 censuit:

114 804 150 857 Ad
163 804 183 858 l.
201 805 226 858 A
225 802 401 877 ffirmative,
416 800 502 855 vetita
521 811 620 855 tamen
639 798 769 854 studiosa
780 796 971 865 collectione,
988 796 1028 851 ita
1044 812 1149 876 nempe

88 886 111 928 ut
121 875 236 947 accipere
249 874 339 945 possit
354 873 456 927 missas
470 884 574 945 sponte
584 869 706 939 oblatas,
722 870 844 926 minime
857 886 926 925 vero
945 869 981 923 ab
998 869 1149 940 Eprscoprs

88 945 485 1016 autsacerdotibusquaerere.
582 952 585 959 ’

77 1089 79 1095 .
113 1042 150 1095 lld
164 1044 197 1097 ll.
220 1043 277 1096 Pro
290 1040 383 1113 gratia
396 1038 477 1093 iuxta
491 1038 589 1109 petita.

113 1138 150 1190 Ad
162 1140 211 1192 lll.
235 1140 292 1193 Pro
310 1135 404 1191 missis
418 1136 448 1190 S.
464 1134 541 1200 Sedi,
558 1132 711 1207 Episcopis
724 1132 905 1189 dioecesanis
925 1145 974 1188 aut
988 1131 1149 1204 Superiori-

87 1207 128 1260 bus
141 1210 322 1264 Generalibus
332 1206 480 1263 Ordinum
491 1222 543 1260 seu
554 1205 825 1277 Congregationum
839 1205 1052 1285 Religiosarum
1063 1204 1147 1271 datis

86 1278 249 1352 affirmative.
268 1283 325 1335 Pro
343 1276 438 1333 missis
451 1276 570 1350 privatis
584 1276 791 1332 Sacerdotibus
803 1277 977 1344 commtssiS,
999 1276 1147 1350 negative,

87 1363 107 1403 et
118 1365 232 1407 servetur
246 1350 399 1424 dispositio
415 1347 528 1404 Decreti
541 1348 590 1403 De
605 1346 816 1403 observandis.

112 1450 149 1503 ld
163 1452 208 1506 lV.
232 1452 289 1505 Pro
302 1448 393 1521 gratia
407 1446 551 1503 retinendi
565 1447 637 1501 duas
651 1463 705 1518 pro
718 1444 840 1517 singulis
853 1444 993 1501 centenis.

115 1546 303 1601 Praesentibus
317 1544 353 1601 ad
366 1542 602 1618 quinquennium
615 1541 758 1597 valituris

383 1642 563 1694 Vincentius
576 1638 662 1693 Card.
679 1639 734 1709 Ep.
752 1639 912 1704 Praenest,
928 1638 1113 1708 Praefectus.

558 1721 719 1778 Caietanus
733 1721 781 1776 De
795 1721 866 1788 Lai,
880 1721 1077 1777 Secretarius.

498 1882 725 1935 Annorarronus

113 2002 260 2075 Separatim
270 2018 417 2075 ponemus
428 1999 640 2056 declarationes
657 2010 685 2054 et
706 2016 858 2055 concessas
881 1981 996 2070 gratias.
1019 2001 1056 2054 Et
1071 2000 1151 2073 prius

87 2072 183 2141 quidem
196 2076 232 2129 de
245 2072 502 2129 declarationibus.

464 2221 486 2273 l.
510 2218 753 2272 Ducraaarrouas

117 2356 133 2389 t.
149 2338 319 2395 Observatio
339 2339 374 2394 de
387 2338 472 2393 modo
487 2354 544 2411 quo
557 2338 704 2392 decretum
718 2336 837 2391 citatur.
862 2336 954 2461 Leffes
967 2347 995 2390 et
1007 2336 1153 2407 generalia

87 2406 108 2461 S.
121 2409 191 2466 Sedis
207 2412 321 2467 decreta
334 2427 368 2464 ex
383 2409 477 2482 primo
493 2407 537 2465 vel
551 2407 652 2480 primis
666 2423 770 2463 eorum
785 2407 879 2463 verbis
893 2426 909 2461 a
922 2406 1018 2478 legare
1031 2425 1152 2464 cousue-

87 2479 171 2536 vimus.
185 2483 271 2540 Hinc.
287 2481 361 2536 sicut
376 2499 472 2536 sermo
486 2479 519 2535 fit
534 2481 569 2536 de
583 2479 703 2534 decretis
720 2479 985 2548 Quemadmodum,
1001 2512 1035 2520 -
1047 2481 1153 2534 Auctis

89 2551 234 2628 admodum,
245 2586 280 2594 -
294 2553 443 2626 Vigilanti
452 2552 558 2618 studia,
572 2564 625 2606 etc.
636 2568 772 2622 praesens
782 2551 931 2604 decretum
940 2549 1153 2622 designandum

87 2619 128 2674 lurt
136 2625 222 2680 verbis
236 2625 278 2680 Ut
286 2624 393 2689 debita,
408 2624 487 2678 unde
497 2622 650 2678 exordium
663 2621 762 2677 sumit.
771 2621 981 2679 Nihilominus.
994 2621 1151 2689 interdum,

87 2705 107 2769 et
118 2696 194 2750 sernel
209 2697 329 2768 quidem
340 2697 375 2750 ab
390 2695 452 2768 ipsa
466 2695 495 2750 S.
509 2693 754 2766 congregatione,
769 2692 932 2766 appellatur
943 2693 1045 2766 primis
1059 2695 1154 2750 verbis

88 2765 159 2840 ipsius
180 2766 264 2831 tituli,
288 2767 336 2822 De
356 2765 566 2822 Observandis,
591 2765 678 2832 Quod
702 2764 788 2820 nobis
815 2764 928 2819 videtur
949 2782 1011 2819 esse
1032 2765 1152 2830 indici0,
1178 2820 1180 2823 ,

87 2852 165 2910 ipsum
182 2837 299 2893 titulum
319 2839 355 2892 ad
374 2837 576 2893 authenticum
596 2836 740 2910 pertinere
760 2836 920 2891 decretum.
937 2837 1030 2891 Porro
1050 2836 1153 2893 titulus

87 2917 135 2970 rste,
154 2926 238 2978 quem
249 2926 348 2982 supra,
365 2927 393 2982 p.
408 2927 453 2978 44,
469 2909 537 2964 dare
550 2908 712 2974 omisimus,
734 2906 758 2960 is
773 2920 833 2961 est:
848 2907 897 2962 De
915 2907 1106 2963 observandis
1128 2918 1155 2963 et

87 2977 208 3036 evitandis
222 2983 252 3035 in
269 2980 428 3036 missarum
443 2980 628 3035 manualium
644 2979 856 3047 satisfactione.

114 3091 134 3125 2.
145 3073 188 3128 De
198 3077 356 3132 missarum
367 3074 520 3150 qualitate.
534 3077 665 3137 Suntne,
677 3075 714 3128 ad
724 3073 860 3129 effectum
873 3075 991 3139 decreti,
1003 3077 1154 3132 manuales

87 3156 114 3193 au
125 3143 262 3211 fundatae,
277 3148 382 3202 missae
395 3164 470 3219 quae
483 3147 513 3201 in
527 3147 609 3201 nulla
620 3145 740 3201 ecclesia
751 3160 819 3201 sunt
830 3148 1013 3211 constitutae,
1027 3165 1154 3218 quarum

86 3223 166 3270 tamen
178 3231 351 3298 perpetuum
363 3235 439 3274 onus
482 3218 673 3273 atrimonium
698 3216 787 3272 afficit
811 3217 958 3282 ecclesiae,
983 3219 1153 3274 monasterii

86 3285 120 3336 vel
136 3286 191 3365 ‘loct
206 3290 330 3345 alicuius
356 3287 415 3359 piit
441 3236 480 3344 lrl)
500 3289 642 3362 quaesivit
661 3289 816 3362 episcopus
841 3289 1015 3361 Aliphanus,
1031 3304 1058 3344 et
1077 3291 1153 3346 ratio

87 3353 216 3438 dubitandi
235 3373 351 3435 poterat
364 3361 435 3416 haec
452 3378 523 3427 esse,
546 3362 626 3433 quod
646 3359 676 3414 in
689 3361 806 3415 decreto
822 3378 917 3415 sermo
931 3361 1051 3432 quidem
1065 3360 1154 3417 fiebat

87 3424 204 3487 demissis
217 3450 344 3505 quarum
363 3446 538 3505 perpetuum
557 3450 631 3488 onus
651 3432 914 3504 oneratprivatum
931 3432 1151 3504 patrimonium,

88 3498 168 3556 nullus
188 3518 285 3559 autem
308 3503 451 3558 demissis
474 3521 550 3576 quae
564 3503 650 3559 simul
674 3502 704 3556 in
723 3502 806 3557 nulla
826 3502 946 3558 ecclesia
959 3517 1027 3558 sunt
1046 3505 1153 3559 consti·

88 3578 151 3649 tutae
168 3586 194 3629 et
205 3574 435 3631 ecclesiasticum
449 3587 573 3630 onerant
585 3573 807 3647 patrimonium.
829 3575 938 3628 Verum
954 3574 1078 3630 similem
1092 3592 1154 3630 esse

87 3651 218 3716 utriusque
240 3646 354 3718 generis
378 3646 523 3701 rationem
550 3664 611 3701 non
634 3645 787 3701 videbatur
809 3645 1030 3716 ambigendum.
1055 3648 1154 3713 Quare

88 3721 222 3788 utramque
240 3719 276 3772 ad
295 3717 447 3773 manuales
460 3718 562 3773 missas
576 3717 728 3788 adscripsit
743 3718 773 3771 S.
789 3716 995 3789 Congregatio
1013 3719 1082 3784 Quo
1095 3734 1154 3772 res-

89 3797 166 3849 ponso
180 3789 366 3844 confirmatur
379 3789 474 3862 prima
488 3806 523 3845 ex
537 3789 644 3844 nostris
659 3788 910 3849 annotationibus,
926 3789 992 3843 data
1006 3807 1034 3861 p.
1045 3807 1090 3860 47.

117 3880 137 3932 3·
151 3881 195 3942 De
212 3895 339 3959 tempore
352 3885 419 3940 utili
434 3885 481 3941 vel
494 3884 640 3960 legitimo,
655 3902 716 3939 non
729 3901 787 3938 una
805 3898 848 3939 est
861 3884 935 3939 facta
954 3883 1153 3955 interrogatio

91 4039 96 4049 ,
117 3981 139 4046 a}
153 3977 194 4032 Ex
205 3997 304 4036 norma
316 3993 343 4037 et
356 3980 495 4054 exemplis
508 3981 663 4054 propositis
677 3979 707 4034 in
721 3981 785 4052 ipso
800 3981 927 4047 decreto,
944 3997 973 4033 n.
988 3992 1028 4047 2⁰,
1039 3992 1156 4050 tempus

91 4047 234 4122 tuiplendae
246 4053 418 4124 obligationi
438 4069 611 4108 concessum
627 4052 791 4108 accuratius
806 4050 927 4106 definire
940 4049 1032 4106 voluit
1046 4049 1155 4106 archie-

91 4130 209 4197 piscopus
231 4123 437 4199 LeopoliensiS,
459 4136 546 4196 atque
565 4124 634 4178 hinc
656 4123 788 4179 inventas
813 4123 928 4193 regulas
952 4121 1156 4195 approbandas

91 4201 155 4244 mrsu
173 4192 208 4246 ad
220 4211 325 4251 sacram
340 4195 614 4266 Congregationem.
638 4197 719 4249 Haec
732 4212 801 4250 vero
821 4211 882 4248 rem
906 4194 990 4248 istam
1010 4193 1155 4263 sapienter

92 4261 241 4324 prudentiae
253 4278 280 4322 et
293 4266 489 4323 conscientiae
511 4266 642 4340 permisit
662 4266 855 4335 sacerdotum.
873 4267 913 4320 Ut
932 4265 1010 4320 enim
1024 4263 1155 4330 ¹diximus
