2959 4900
96 300 180 379 [118‚
193 302 267 383 119]
299 324 374 361 nasa.
390 326 412 363 s.
428 325 452 360 c.
470 326 512 361 ue.
530 326 565 360 nr
581 326 645 361 nro.
663 330 676 361 2
691 324 751 359 unt.
771 317 836 369 1905,
852 325 889 359 na
904 324 1052 360 aanmraus
1123 304 1183 365 1οἹ

95 456 140 512 dis
162 457 252 527 osuit,
267 458 348 515 iuxta
363 476 499 515 normam
512 460 633 533 proprio
644 457 747 513 Ordini
757 457 932 529 assignatam
943 478 959 514 a
970 460 1001 514 S.
1016 460 1110 541 Cong.
1127 462 1182 532 Ep.

95 539 123 582 et
138 473 221 601 iieg,
248 548 278 585 ra
300 530 363 585 iulii
380 532 456 603 1896,
476 548 552 603 quae
565 531 595 586 in
610 530 797 586 Collectanea
815 530 949 586 Andreae
970 531 1094 586 Bizzarrr
1106 548 1184 605 prae

95 616 149 654 scr1
172 612 202 655 ta
215 600 322 673 legitur
331 619 385 673 pro
399 602 526 658 Maristis
538 602 568 657 in
583 602 705 657 articulo
715 622 731 651 a
742 601 841 671 quoad
853 613 957 656 votum
967 603 1144 676 paupertatis
1154 625 1181 672 »‚

94 682 128 725 ut
141 618 210 727 iiios
229 673 312 744 quasi
326 691 360 728 ex
375 690 470 745 aequo
483 690 538 729 suo
553 673 633 729 fratri
646 684 673 728 et
694 672 828 744 propriae
842 673 1045 729 communitati
1058 675 1183 730 cederet.

132 743 196 797 Iam
205 760 275 798 vero
284 744 371 799 frater
381 762 469 812 nunc,
480 745 518 800 ob
532 757 630 800 auctas
643 743 837 809 necessitates,
848 745 958 800 maiore
967 745 1097 800 subsidio
1110 745 1184 800 indi-

95 824 151 885 get,
163 815 244 938 qpod
252 814 294 869 illi
308 816 467 871 concedere
476 817 584 871 oratrix
594 816 624 871 in
636 815 708 871 votis
718 814 814 869 habet.
823 815 1007 888 Quapropter
1019 816 1184 872 humillime

115 895 242 940 ostuat:

94 901 113 956 p
134 958 156 1011 l.
177 956 225 1011 An
239 956 318 1013 iuxta
333 974 452 1013 normas
466 975 483 1011 a
497 959 526 1013 S.
542 958 650 1029 Congr.
673 958 727 1027 Ep.
749 969 777 1011 et
800 957 881 1028 Reg,
905 956 952 1013 die
976 959 1009 1012 28
1029 957 1101 1014 iunii
1118 978 1180 1032 1901

95 1026 188 1094 datas,
198 1028 291 1139 ppssit
303 1046 371 1084 cum
385 1029 444 1085 sola
457 1028 663 1101 superiorissae
676 1028 792 1083 licentia
805 1026 1024 1100 dispositionem
1037 1030 1184 1085 redituum

94 1108 227 1154 mutare.

132 1170 172 1224 ll.
195 1171 233 1224 Et
260 1181 404 1242 quatenus
428 1171 569 1243 negative,
595 1182 628 1226 ut
651 1172 680 1225 S.
705 1170 794 1225 Sedes
817 1169 994 1241 praedictam
1016 1170 1185 1231 facultatem

93 1240 250 1312 indulgere
263 1242 408 1312 dignetur.

134 1312 195 1366 Pro
209 1329 269 1385 qua
283 1312 421 1384 gratia...

132 1383 222 1437 Sacra
249 1384 444 1456 Congregatio
472 1385 582 1438 Eurorum
603 1385 633 1438 S.
659 1384 692 1437 R.
721 1384 756 1438 E.
783 1383 1132 1456 Cardinalium¹negotiis
1159 1398 1187 1440 et

95 1453 363 1510 consultationibus
386 1455 601 1527 Episcoporum
627 1466 654 1510 et
683 1454 873 1525 Regularium
896 1455 1072 1528 praeposita,
1100 1472 1187 1527 super

93 1524 262 1596 praemissis
274 1526 492 1581 rescribendum
505 1526 618 1581 censuit
632 1536 719 1598 prout
733 1526 883 1581 rescribit:

131 1596 178 1649 Ad
194 1598 217 1651 1.
231 1596 256 1650 A
256 1595 432 1670 ffirmatz've.

132 1667 180 1721 Ad
191 1668 231 1723 ll.
245 1668 401 1723 Provisum
418 1669 447 1723 in
459 1668 568 1740 primo.

171 1739 282 1795 Romae
297 1758 311 1794 2
327 1739 399 1793 iunii
417 1740 496 1811 1905.

660 1810 694 1865 D.
707 1810 794 1865 Card.
810 1810 832 1864 F
834 1827 958 1875 aunarii,
974 1811 1079 1883 Praef.

691 1880 749 1936 Ph.
768 1880 907 1952 Giustt'ni,
928 1881 1040 1938 Secret.

528 2004 756 2068 Annorarrouas

133 2140 159 2177 1.
176 2118 207 2173 Si
223 2120 301 2190 apud
315 2120 440 2177 Bizzarri
460 2122 499 2191 (p.
515 2122 577 2193 849,
594 2122 639 2177 ed.
659 2121 735 2183 1863.
749 2121 794 2177 vel
828 2163 835 2175 .
850 2121 914 2189 806,
935 2121 980 2176 ed.
1001 2120 1090 2191 1885),
1107 2120 1185 2192 legas

94 2206 174 2263 quae
187 2202 256 2246 voto
275 2192 452 2265 paupertatis
468 2194 709 2264 Presbyterorum
722 2192 789 2247 Soc.
841 2191 920 2247 ariae
932 2208 983 2247 seu
998 2192 1186 2246 Maristarum

94 2273 166 2317 sunt
180 2261 333 2336 descripta,
348 2263 521 2337 perspicitur
542 2263 763 2336 dispositionem
783 2262 931 2319 redituum
944 2263 980 2318 ab
993 2262 1063 2334 ipsis
1077 2263 1185 2317 mutari

93 2349 157 2388 non
174 2348 268 2399 posse,
285 2332 339 2389 nisi
352 2336 505 2391 accedente
518 2335 703 2407 Apostolicae
718 2333 800 2389 Sedis
814 2334 1010 2407 Beneplacito.

131 2402 317 2461 Affirmativo
331 2405 430 2478 itaque
448 2423 501 2462 suo
520 2422 660 2479 responso
679 2406 715 2462 ad
727 2404 866 2478 primum,
881 2406 995 2462 videtur
1011 2406 1041 2460 S.
1058 2405 1185 2477 Congre-

93 2475 177 2548 gatio
194 2476 292 2547 Episc.
308 2488 336 2533 et
350 2479 540 2549 Regularium
553 2478 653 2534 Sorori
667 2477 785 2534 oratrici
797 2478 825 2533 vi
840 2479 1021 2533 Normarum
1034 2477 1186 2549 indulgere

93 2547 179 2673 gugd
199 2563 234 2602 ex
253 2547 470 2605 Constitutione
484 2567 500 2604 a
513 2551 542 2607 S.
560 2548 703 2606 Pontifice
716 2550 877 2623 approbata
890 2549 984 2604 faeere
998 2550 1075 2603 clare
1087 2548 1186 2620 prohi-

116 2635 132 2673 e
154 2628 233 2674 atur.

134 2691 167 2744 ld
182 2706 244 2744 non
257 2690 354 2763 potuit
363 2691 555 2747 attentionem
567 2702 595 2746 et
606 2690 794 2747 mirationem
806 2691 962 2747 doctorum
977 2707 1036 2746 non
1049 2691 1183 2745 excitare.

95 2760 139 2815 Hi
152 2772 264 2830 tamen,
276 2761 308 2816 in
320 2763 380 2818 suis
392 2762 646 2825 declarationibus,
656 2762 728 2817 duas
741 2762 861 2834 ingressi
876 2774 944 2817 sunt
954 2762 1024 2817 vias.

133 2850 159 2887 a.
178 2831 363 2888 Clarissimus
376 2835 456 2889 enim
474 2832 620 2907 professor
635 2835 822 2898 Bounrurron,
838 2834 969 2906 responsi
987 2833 1046 2887 vim
1065 2848 1186 2904 perpen-

93 2905 179 2972 dens,
206 2919 240 2959 ea
263 2904 384 2959 maximi
406 2905 548 2961 momenti
570 2903 749 2960 consectaria
770 2904 838 2959 inde
864 2903 950 2959 eruit.
977 2903 1064 2971 Quod
1086 2904 1186 2958 nullus

93 2975 242 3044 interpres
261 2975 401 3047 suspicari
414 2987 538 3048 poterat,
552 2976 582 3030 id
594 2975 737 3048 praesenti
751 2991 890 3047 responso
903 2973 998 3031 effecit
1012 2975 1042 3030 S.
1057 2974 1186 3046 Congre-

93 3046 177 3117 gatio
191 3046 287 3118 Episc.
301 3058 333 3101 -et
346 3047 549 3119 Regularium;
564 3047 684 3102 Normis
696 3048 766 3114 suis,
779 3063 853 3118 quae
863 3062 900 3102 ne
914 3046 960 3102 lex
973 3045 1093 3117 quidem
1106 3058 1184 3111 sunt,

94 3115 259 3172 efficaciam
273 3117 376 3173 tribuit
388 3119 521 3174 mutandi
540 3119 599 3175 voti
619 3117 797 3192 paupertatis
818 3117 1003 3188 disciplinam
1026 3135 1043 3172 a
1061 3118 1093 3172 S.
1112 3117 1186 3173 Sede

94 3200 184 3243 antea
199 3187 402 3262 approbatam,
416 3189 456 3244 ita
469 3201 502 3244 ut
515 3189 712 3263 Superiorissa
731 3188 832 3245 Sorori
851 3188 967 3254 oratrici
976 3189 1046 3244 dare
1059 3188 1186 3260 potuerit

92 3259 268 3316 facultatem
291 3261 369 3316 clara
392 3261 519 3317 Instituti
541 3262 586 3317 sui
609 3261 673 3332 lege
692 3261 821 3318 vetitam.
855 3262 978 3315 Etcum
1000 3260 1082 3314 nulla
1100 3277 1187 3333 pecu·

93 3330 165 3385 liari
180 3331 293 3387 ratione
306 3348 442 3403 praesens
463 3333 615 3406 responsio
639 3331 785 3401 fulciatur,
805 3331 919 3388 videtur
940 3331 970 3385 in
989 3347 1092 3386 omnes
1111 3332 1187 3387 Con·

92 3401 284 3475 gregationes
296 3403 408 3458 traduci
422 3420 506 3476 posse
521 3406 543 3460 ¹.

138 3471 278 3599 E5iusdem
302 3476 461 3531 sententiae
482 3485 525 3531 est
548 3474 670 3546 scriptor
694 3475 794 3531 Nonv.
820 3475 919 3530 Ravua
941 3475 1094 3528 Tnaoaoo.
1117 3489 1185 3527 nov.

97 3564 107 3600 1
136 3559 183 3599 0.

114 3563 165 3670 93.
182 3617 222 3672 De
235 3627 315 3671 tanta
330 3628 437 3672 actam
454 3617 528 3672 mira
541 3615 668 3673 efficacia
679 3615 785 3671 merito
797 3615 932 3671 dubitans
944 3616 972 3671 J.
987 3617 1021 3670 B.
1036 3616 1067 3670 in
1088 3616 1187 3671 anua

91 3687 206 3741 Tffl‘wL.
220 3703 326 3760 annuc.
347 3687 483 3743 subtilem
504 3688 580 3743 hanc
592 3688 745 3760 proposuit
757 3687 989 3760 explicationem.
1012 3685 1107 3741 Maius
1121 3687 1187 3742 sub-

90 3755 209 3814 sidium
224 3775 284 3829 quo
297 3761 416 3814 fratrem
429 3760 538 3815 donare
553 3759 668 3815 volebat
686 3758 804 3826 oratrix,
819 3758 850 3812 in
863 3774 897 3813 ea
910 3769 992 3830 parte
1013 3757 1188 3813 consistebat

90 3827 250 3886 redituum
263 3847 349 3902 quae,
365 3846 401 3886 ex
415 3830 530 3886 Sororis
543 3829 769 3897 renuntiatione,
790 3829 992 3884 communitati
1007 3828 1186 3900 obtingebat.

91 3902 192 3956 Hanc
204 3911 302 3956 autem
315 3912 427 3973 partem
439 3913 561 3974 poterat,
579 3902 617 3957 ob
631 3901 737 3956 iustam
753 3917 881 3966 causam,
898 3900 1096 3972 Superiorissa
1107 3899 1188 3955 fratri

88 3969 234 4034 oratricis
255 3971 413 4028 liberaliter
433 3974 603 4030 concedere.
616 3974 659 4028 Ac
673 3972 762 4027 istum
776 3971 880 4026 intuita
893 3972 1016 4026 modum
1033 3987 1096 4026 rem
1108 3987 1188 4026 com-

88 4041 243 4118 ponendi,
259 4043 355 4116 potuit
367 4045 397 4100 S.
413 4045 608 4116 Congregatio
621 4043 767 4099 declarare
786 4043 817 4099 in
835 4059 904 4097 casu
922 4059 984 4097 non
1002 4041 1111 4114 requiri
1132 4041 1189 4096 nisi

88 4111 318 4186 Superiorissae
332 4131 493 4172 assensum.
634 4113 636 4119 '

124 4287 133 4321 ¹
156 4283 204 4330 Lu
216 4285 374 4336 canonista
385 4298 612 4336 conrauroanm.

1242 1592 1399 1663 Responsa.

1270 1736 1329 1782 Dies
1373 1738 1398 1792 (a

1241 1794 1305 1840 iunii
1319 1795 1396 1852 1905).
