2959 4900
440 352 477 387 nn
491 352 681 390 conuumorra
695 354 846 391 corruitur
1146 326 1185 391 87

97 482 284 568 praescribi
317 497 447 573 potest;
478 506 562 576 ergo
593 508 657 556 nec
687 508 728 557 ex
759 499 941 577 praecepto
974 481 1183 572 Superioris.

140 575 174 654 e)
203 571 340 640 Decreti
356 573 584 663 divulgationi
601 580 798 665 prospicere
814 596 887 644 non
900 574 1019 642 omisit
1034 571 1072 641 S.
1092 571 1185 641 Con·

95 660 265 748 gregatio.
285 661 403 749 Quare
423 664 522 731 iussit
538 679 576 732 ut
599 668 782 733 vernacula
798 667 917 754 lingua
933 663 1121 751 quotannis
1148 660 1186 729 in
1225 702 1229 709 ·

96 749 279 817 communi
296 751 467 841 religiosis
480 753 613 843 legatur
625 754 713 822 infra
726 770 884 823 octavam
896 750 1086 819 festivitatis
1099 749 1186 819 Cor·

95 837 193 925 poris
211 837 354 926 Christi,
380 840 417 907 in
444 842 605 910 sollemni
633 845 699 912 isto
714 861 871 932 ternpore
887 862 959 931 quo
975 838 1186 907 beneficium

95 925 181 993 sacri
200 928 350 997 convivii
367 930 506 1018 speciali
524 932 632 999 modo
645 935 687 1000 ab
703 932 859 1001 Ecclesia
871 928 1045 1000 recolitur.
1065 928 1185 997 Lectio

94 1014 160 1082 ista
190 1037 266 1083 non
292 1018 501 1107 praecipitur
530 1020 686 1089 facienda
713 1023 751 1088 in
773 1020 937 1089 triclinio,
970 1018 1055 1085 Loci
1080 1018 1185 1107 igitur

94 1103 195 1192 optio
212 1105 422 1176 moderatori
447 1108 628 1198 linquitur.
656 1110 868 1179 Communis
891 1108 955 1177 ista
979 1106 1080 1176 lectio
1110 1104 1184 1175 lieri

94 1193 217 1281 itaque
244 1197 370 1284 poterit
395 1196 431 1264 in
456 1199 535 1266 aula
558 1199 735 1287 capitulari
761 1201 814 1265 vel
838 1198 899 1266 ubi
920 1196 1109 1285 spiritualis
1126 1194 1185 1263 fiat

93 1283 247 1366 collatio,
267 1284 314 1352 ita
329 1300 368 1354 ut
383 1308 508 1357 omnes
520 1308 580 1376 per
596 1310 632 1355 se
649 1310 727 1356 eam
738 1288 859 1355 audire
876 1300 1016 1377 queant.
1033 1284 1181 1368 Omnes,

92 1371 256 1460 inquam,
270 1386 304 1440 et
316 1396 389 1443 non
400 1390 537 1445 tantum
549 1376 701 1467 religiosi
713 1378 875 1445 nondum
887 1374 1079 1444 sacerdotio
1092 1374 1182 1443 aucti

92 1463 147 1528 vel
164 1461 258 1532 laici.
282 1464 454 1552 Quamvis
479 1466 575 1534 enim
602 1466 638 1533 id
664 1467 792 1535 horum
821 1465 1012 1554 specialiter
1036 1464 1182 1549 intersit,

93 1551 202 1617 etiam
214 1554 450 1623 sacerdotibus
465 1570 498 1623 et
514 1556 792 1624 moderatoribus
809 1569 859 1623 est
874 1552 1061 1623 familiaris*
1069 1566 1182 1621 tantae

92 1640 181 1728 legis
198 1640 358 1710 habenda
374 1643 508 1713 notitia.

136 1735 165 1814 t)
183 1728 394 1800 Communis
409 1752 462 1801 est
476 1732 641 1802 indicatio
657 1734 785 1802 decreti
797 1756 870 1822 quo
887 1731 1046 1800 statuitur
1065 1757 1072 1799 :
1096 1758 1109 1798 tt
1134 1732 1183 1798 Ut

90 1816 259 1903 frequens
274 1838 307 1888 et
335 1821 508 1889 cotidiana
535 1824 742 1892 communio
769 1823 891 1890 maiori
918 1821 1101 1906 prudentia
1123 1819 1183 1888 fiat

91 1907 320 1997 uberiorique
335 1912 459 1979 merito
476 1928 654 2001 augeatur,
673 1929 809 2000 oportet
825 1926 863 1978 ut
877 1909 1086 1979 Confessarii
1103 1929 1182 1977 cort·
1199 1938 1213 1970 r

90 1996 216 2063 silium
229 1998 426 2068 intercedat.
450 2027 462 2061 tl

139 2085 392 2173 Perpendenda
410 2108 460 2155 est
477 2090 665 2158 verborum
692 2090 840 2158 istorum
870 2088 1072 2176 proprietas.
1093 2090 1181 2169 Apte

90 2174 234 2263 eligitur
252 2199 315 2245 vox
330 2177 474 2264 consilii,
492 2194 567 2245 tum
585 2178 667 2267 quia
685 2195 817 2266 praeter
831 2177 1077 2266 paenitentiam
1093 2176 1182 2243 nihil

89 2266 292 2353 praecipere
313 2269 428 2334 stricte
444 2284 556 2357 potest
584 2268 840 2352 confessarius,
863 2268 922 2333 sed
947 2268 1081 2354 reliqua
1107 2268 1182 2333 eius

89 2354 228 2420 monita
251 2356 293 2421 ad
322 2377 455 2423 munus
482 2357 669 2423 consiliarii
693 2379 766 2445 quo
794 2356 867 2441 ipse
883 2356 1051 2445 fungitur,
1080 2356 1179 2442 perti-

88 2459 194 2528 nent,
225 2462 299 2512 tum
327 2446 410 2533 quia
437 2445 610 2514 cotidiana
637 2446 840 2516 communio
864 2446 1030 2514 omnibus
1057 2466 1180 2535 perse

88 2531 253 2686 {ulbertum
268 2555 340 2602 non
356 2550 408 2604 est
423 2535 518 2603 enim
534 2536 664 2624 aliquid
678 2537 772 2620 quod
789 2536 931 2602 honeste
944 2557 1018 2602 non
1030 2534 1091 2602 fiat
1106 2535 1181 2602 sine

103 2638 243 2688 rcenua.

136 2708 254 2778 Simul
270 2726 387 2780 tamen
403 2733 468 2780 vox
491 2723 628 2802 oportet
643 2712 884 2781 necessitatem
900 2713 1076 2802 quandam
1094 2713 1181 2780 indi·

89 2814 157 2866 cat.
177 2797 401 2884 Quamnam?
416 2802 564 2878 nullam,
578 2803 615 2868 ni
628 2802 794 2889 fallimur,
809 2801 1044 2869 necessitatem
1061 2801 1180 2869 huma-

89 2887 126 2953 ni
143 2890 332 2989 praecepti,
354 2911 435 2956 cum
466 2888 502 2958 S.
533 2890 768 2980 Congregatio
795 2890 912 2980 potius
935 2889 1107 2957 declarare
1125 2891 1180 2959 hic

89 2977 173 3044 velit
189 2977 275 3064 quid
293 2998 331 3045 ex
348 2978 467 3047 divina
484 2978 705 3048 Sacramenti·
721 2979 938 3048 institutione
961 2980 1154 3066 postuletur
1168 3005 1176 3063 ;

90 3066 150 3132 sed
178 3066 417 3135 necessitatem
445 3068 662 3156 prudentiae.
694 3067 826 3137 Contra
852 3069 942 3135 hanc
973 3068 1178 3155 prudentiae
1231 3148 1233 3156 Ι

90 3153 205 3244 legem
223 3156 376 3244 peccabit
392 3157 601 3225 christianus
615 3157 677 3246 qui
693 3158 781 3225 nolit
801 3156 845 3225 de
868 3156 1179 3225 communionibus
1284 3189 1286 3196 ·

89 3242 304 3334 interrogare
320 3244 583 3328 confessarium,
601 3248 656 3314 vel
671 3245 818 3336 positive
835 3245 934 3314 faciat
949 3261 1069 3313 contra
1085 3245 1178 3314 Con·

91 3331 221 3400 fessarii
236 3334 354 3417 (cuius
367 3349 521 3402 ceterum
536 3335 716 3429 optionem
734 3335 851 3422 habet)
869 3334 1065 3404 consilium.
1087 3334 1178 3422 Quis

90 3440 266 3510 praeterea
281 3444 355 3490 non
371 3424 464 3492 videt
478 3425 516 3492 in
531 3424 595 3492 hac
611 3424 737 3515 agendi
754 3425 887 3493 ratione
899 3423 1011 3491 inesse
1024 3424 1177 3512 aliquam

89 3511 318 3595 superbiam?
338 3513 424 3581 Non
440 3513 595 3601 peccabit
610 3528 728 3581 autem
745 3514 805 3600 qui
822 3513 865 3580 ad
884 3527 1037 3580 mentem
1049 3512 1176 3580 confes·

90 3600 170 3666 sarii
199 3602 387 3690 prudenter
415 3617 675 3692 praesumptam
701 3603 858 3692 aliquam
889 3600 1177 3670 communionem

89 3687 193 3756 addat
209 3690 263 3756 vel
279 3690 426 3758 omittat.
445 3691 586 3759 Accedit
602 3691 718 3779 etiam,
737 3714 777 3758 ex
793 3691 857 3758 hac
869 3691 1055 3774 docilitate,
1074 3690 1176 3758 meri·

89 3793 166 3845 tum
183 3778 326 3846 maioris
342 3780 559 3865 humilitatis,
577 3782 674 3870 quod
690 3802 726 3848 n.
744 3782 762 3849 5
776 3781 880 3849 etiarn
896 3780 1096 3847 inculcatur.

135 3867 365 3936 Confessariis
393 3868 477 3956 ipsis
503 3869 711 3959 praecipitur
733 3891 859 3939 norma
874 3869 1063 3959 sequenda.
1083 3867 1176 3936 Cum

88 3953 240 4023 debeant
266 3958 440 4047 populum
456 3959 496 4026 ad
514 3959 732 4047 frequentem
760 3957 888 4026 hortari
912 3979 1027 4025 sacrae
1052 3957 1176 4025 eucha-

87 4045 205 4113 ristiae
222 4067 339 4126 usum,
357 4047 535 4115 neminem
548 4069 567 4116 a
583 4047 754 4138 frequenti
767 4051 820 4116 vel
834 4047 1005 4116 cotidiana
1018 4064 1175 4114 commu-

88 4134 197 4203 nione
209 4151 361 4203 avertere
378 4151 524 4223 possunt
535 4137 596 4227 qui
612 4138 650 4205 in
666 4150 756 4206 statu
771 4138 899 4227 gratiae
911 4151 944 4203 et
957 4149 1047 4202 recta
1060 4149 1175 4202 mente
1244 4178 1247 4182 -

88 4224 239 4292 accedat.
261 4223 336 4324 Ubi
352 4224 436 4293 haec
453 4226 655 4309 habeantur,
675 4226 719 4294 de
733 4227 867 4295 maiore
883 4225 995 4294 fructu
1011 4225 1176 4293 iubentur

89 4330 163 4380 esse
179 4333 347 4401 persuasi.
