2959 4900
73 295 184 378 [2830]
199 319 237 353 na
252 317 391 354 naurs-ruo
406 312 597 360 normannum
614 315 807 356 courussruuts
821 316 891 354 uou.
899 318 906 360 ;
925 317 962 352 ne
977 317 1096 354 canuno.
1113 295 1153 355 87

76 453 248 526 provolutus,
284 451 434 509 humiliter
466 437 606 525 pro'ponit
635 450 760 507 dubium
797 462 884 525 prout
915 449 1047 523 sequitur
1079 450 1155 505 circa

75 526 215 581 decretum
236 525 317 597 quod
339 522 443 595 incipit
467 521 733 592 Quemadmodum,
749 521 850 579 datum
871 520 918 578 die
941 541 971 594 17
993 521 1154 577 decembris

79 597 134 669 1890
143 597 181 652 de
194 594 376 652 confessariis
388 592 575 649 monialium.

102 680 183 737 Licet
212 680 258 735 die
287 699 318 753 17
346 695 384 735 au
426 677 461 734 sti
496 679 573 751 1891,
606 677 637 733 S.
664 675 859 749 congregatio
886 677 1103 759 Episcoporum
1127 689 1156 733 et
1239 705 1316 754 Duoir·
1330 719 1368 752 oe-

80 751 261 823 Regularium
271 767 376 824 respon
398 748 452 806 erit
461 750 498 804 ad
511 768 526 805 2
540 769 546 804 :
558 747 774 822 «Superiorem
788 748 880 804 teneri
893 748 1000 808 subditi
1022 748 1155 822 precibus
1211 765 1276 810 casto
1286 773 1314 810 a

77 838 182 895 semper
196 822 277 877 indul
299 837 356 891 ere,
390 820 504 876 uamris
523 819 610 893 plane
633 817 729 876 videat
748 819 948 877 necessitatem
964 836 1026 877 esse
1045 819 1153 888 fictam,
1210 822 1319 879 apinam

73 906 97 949 et
116 895 163 950 vel
178 840 323 963 scrupuiis
340 838 391 948 vei
401 891 460 948 alio
479 891 585 946 mentis
600 890 714 947 defectu
732 902 766 946 ut
783 908 882 948 veram
901 893 938 947 ab
957 891 1022 966 ipso
1040 903 1156 964 petente
1210 876 1363 982 220222’2‘3‘2’2'

75 966 278 1039 apprehensam
300 985 336 1033 >›;
364 963 484 1037 insuper
512 964 549 1017 ad
570 964 609 1018 3:
634 982 650 1012 «
673 961 850 1035 Religiosam
877 975 1024 1035 petentem
1049 963 1156 1035 eligere
1210 941 1272 1041 me,
1295 949 1321 982 ⁰'

75 1054 151 1108 posse
165 1037 242 1092 inter
260 1037 390 1092 diversos
403 1036 440 1091 ab
464 1033 621 1090 Ordinatio
636 1035 801 1107 deputatos,
817 1033 868 1106 qui
888 1034 942 1091 sibi
955 1051 1064 1090 munus
1087 1051 1155 1090 con-

76 1107 177 1164 fessarii
200 1107 320 1182 impleat
341 1127 367 1174 n,
395 1104 587 1162 nihilominus
619 1105 783 1161 nonnullae
810 1104 1078 1162 sanctimonialium
1109 1106 1156 1160 vel

77 1196 205 1236 sororum
225 1179 428 1252 religiosarum
450 1176 621 1249 Superiores
648 1176 744 1232 adhuc
768 1177 951 1232 contendunt
978 1176 1033 1232 sibi
1058 1176 1153 1244 licere,

72 1251 166 1306 decisis
189 1268 250 1307 non
273 1249 466 1314 obstantibus,
490 1248 584 1305 sorori
601 1247 710 1320 petenti
733 1247 953 1310 confessarium,
975 1265 1064 1320 quem
1086 1265 1155 1322 prae

74 1323 169 1377 ceteris
180 1323 303 1391 mavult,
319 1321 463 1392 denegare
478 1338 513 1376 ex
528 1319 654 1388 motivis,
666 1318 708 1375 uti
721 1319 814 1388 aiunt,
826 1319 1004 1375 extrinsecis.

102 1405 257 1473 Quaeritur
278 1417 390 1471 utrum,
408 1403 510 1459 saltem
523 1403 562 1458 ob
582 1401 694 1458 motiva
707 1401 795 1458 huius
817 1402 941 1475 generiS,
959 1401 1156 1476 Superiorissa
1238 1430 1360 1472 mm

75 1475 142 1532 licite
168 1476 260 1550 possit
291 1472 509 1532 Confessarium
538 1491 572 1530 ex
604 1473 750 1546 deputatis
777 1492 793 1528 a
819 1491 918 1529 sorore
944 1473 1070 1530 electum
1101 1473 1156 1548 ipsi
1210 1482 1355 1542 deformare

76 1547 229 1620 denegarel
1210 1539 1337 1655 ’ἔέἕῆἔεῑα

106 1635 141 1688 Et
155 1634 243 1701 Deus,
258 1644 314 1688 etc.
1211 1658 1283 1704 rium.

106 1717 141 1770 Et
154 1716 184 1771 S.
199 1714 396 1788 congregatio
417 1713 541 1786 negotiis
556 1725 585 1770 et
603 1713 868 1770 consultationibus
889 1714 1105 1788 Episcoporum
1127 1725 1156 1768 et
1238 1739 1367 1788 mm.

81 1786 261 1859 Regularium
303 1785 463 1860 raeposita,
479 1785 618 1841 omnibus
642 1787 744 1841 sedulo
769 1785 928 1859 perpensis,
952 1786 999 1842 die
1013 1787 1026 1842 5
1041 1784 1155 1858 augusti
1210 1800 1282 1852 suan.

82 1876 141 1930 ¹904
161 1875 267 1931 respon
289 1859 338 1914 it:
362 1856 533 1931 Negative;
557 1857 608 1913 sed
629 1857 653 1912 si
676 1857 773 1913 adsint
798 1856 924 1913 rationes
949 1875 1015 1912 vere
1043 1873 1154 1930 graves,
1239 1845 1299 1890 Dm
1316 1846 1342 1900 (⁵

79 1929 268 2002 Superiorissa
280 1943 328 1986 eas
342 1928 466 1985 subiciat
479 1928 647 1995 Ordinatio,
662 1928 747 1984 cuius
758 1928 867 1984 iudicio
881 1929 1017 1984 standum
1030 1928 1094 1984 erit.
1210 1903 1353 1960 aug.1904).

695 2014 730 2069 D.
746 2013 833 2068 Card.
849 2014 998 2082 Furtum,
1012 2013 1120 2082 Praes.

590 2096 748 2171 Philippus
764 2096 905 2166 Giustini,
921 2097 1118 2154 Secretariua

523 2245 699 2299 Auuorarro

109 2365 253 2432 Quamvis,
268 2383 283 2420 e
296 2363 428 2438 plurium
447 2363 599 2433 sententia,
624 2363 765 2436 Superior
782 2361 1012 2436 postulationem
1033 2363 1158 2418 volentis

80 2436 207 2508 peculiari
232 2435 419 2493 Confessario
434 2434 567 2492 confiteri
594 2436 723 2491 abnuere
736 2447 833 2509 posset
853 2445 881 2490 et
901 2435 1019 2492 deberet
1034 2434 1057 2491 si
1070 2450 1157 2491 causa

78 2525 133 2563 non
152 2509 226 2565 iusta
249 2521 277 2564 et
300 2507 356 2563 fori
378 2505 489 2563 externi
511 2507 659 2563 videretur
682 2507 824 2579 imperata
846 2506 917 2571 (Cfr.
943 2518 1077 2563 nostrum
1093 2519 1115 2562 t.
1133 2525 1155 2574 1,

79 2596 106 2633 n.
124 2582 194 2660 473),
208 2579 314 2637 maluit
332 2591 430 2634 tamen
451 2579 481 2635 S.
502 2580 619 2649 Congre
639 2578 707 2646 atie,
728 2578 765 2633 ad
787 2578 981 2659 amputandas
999 2577 1115 2634 fraudes
1125 2582 1159 2633 'et

81 2650 264 2724 deceptiones,
288 2668 351 2705 rem
376 2650 542 2731 permittere
566 2651 608 2705 Or
630 2649 723 2705 inario
751 2648 979 2706 diiudicandam.
1009 2652 1077 2718 Quo
1103 2665 1157 2705 suo

83 2737 212 2795 responso
231 2721 320 2778 simul
333 2733 419 2777 tacite
432 2720 573 2795 permittit
584 2733 618 2776 ut
636 2720 776 2793 Superior
788 2721 958 2777 mandando
972 2720 1157 2777 Confessario
1172 2765 1177 2773 .

79 2803 136 2846 turn
150 2795 343 2867 supersedeat,
354 2793 449 2848 donec
466 2791 640 2848 Ordinarius
659 2792 799 2849 statuerit.
818 2794 901 2848 Patet
914 2804 1013 2848 autem
1035 2792 1158 2848 Ordina-

83 2862 151 2918 rium
162 2881 222 2921 esse
232 2865 435 2921 incunctanter
448 2864 484 2919 de
495 2880 526 2919 re
536 2865 731 2919 monendum.

84 3154 147 3244 30.
166 3212 204 3223 -
226 3176 260 3246 8.
285 3175 432 3245 nltuutt
456 3174 787 3246 contumulatus
813 3174 927 3259 (1892,
945 3173 1037 3257 1903,
1054 3173 1158 3256 1904)

86 3339 279 3415 ΒΕδΡΟΝδΔ
292 3359 347 3413 ΠΕ
361 3358 970 3493 (ἶΑΕΕΙὲΙέιδὶἑίΙΙὲΙέΝὶῦῧθῑῙΜΒΙΒῧδ
980 3361 1028 3415 ΙΝ
1037 3316 1157 3439 Mlssa
1200 3318 1204 3327 Δ

118 3600 149 3655 Α.
166 3602 346 3677 Responsum
367 3603 378 3638 1
396 3613 435 3671 17
452 3601 505 3658 iul.
525 3604 606 3672 1892.

118 3694 183 3748 Rau·
205 3700 240 3754 D.
263 3696 395 3759 Alfridus
420 3697 549 3764 Leclerc,
572 3698 714 3755 Sacerdos
742 3709 771 3753 et
798 3698 984 3771 Praepositus
1011 3698 1160 3755 Generalis
1243 3730 1332 3778 om,

87 3760 314 3840 Congregationis
325 3770 460 3824 Fratrum
476 3770 506 3824 S.
522 3768 668 3825 Vincentii
681 3788 699 3825 a
713 3769 816 3837 Pau10,
827 3771 932 3827 Sacrae
948 3769 1070 3825 Rituum
1083 3771 1164 3826 Corf
1334 3763 1340 3778 '

93 3838 236 3907 gregationi
255 3840 421 3896 humillime
442 3839 577 3913 exposuit
595 3840 748 3896 nonnullis
770 3840 800 3895 in
822 3840 894 3897 locis
916 3859 932 3896 a
956 3842 1160 3898 Sacerdotibus

92 3919 151 3961 suae
164 3910 321 3984 Religiosae
335 3910 579 3983 Congregationis
598 3929 694 3968 sacras
706 3911 872 3968 functiones
885 3912 984 3986 peragi
999 3912 1160 3986 Missasque

92 3977 277 4049 utplurimum
291 3981 431 4039 celebrari
444 3982 474 4038 in
487 3982 631 4039 Oratoriis
644 3983 761 4057 piarum
775 3984 919 4039 Sororum
932 4000 983 4039 seu
1004 3983 1161 4056 Religiosa-

116 4188 123 4221 ¹
135 4191 335 4254 Respomisra,
347 4191 837 4258 quamvismemuratainnorissimo
848 4193 982 4254 rescripto
993 4212 1021 4254 29
1032 4193 1080 4243 iul.
1096 4212 1161 4254 1904,

95 4254 171 4306 relata
179 4274 229 4309 non
238 4264 340 4312 suntin
348 4264 447 4311 Decreta
459 4263 603 4310 autluntica.
