2959 4900
92 286 431 368 [150.151]rnnr1nn11.
449 309 602 345 cooerarto
617 310 652 345 nx
668 309 828 347 sanictosrs.
846 312 868 347 s,
885 312 949 348 nnn.
967 312 1097 348 nuttrsua
1128 289 1187 353 153

144 458 243 547 150.
266 509 306 523 -
329 470 364 540 s.
391 440 501 540 calc.
524 470 680 541 innuit.
704 470 757 539 er
781 472 1129 545 assentantium
1164 474 1168 481 ·

400 630 642 687 RESPONSUM
658 631 678 684 a
695 630 787 686 Ano.
808 630 891 690 1906
978 605 980 612 ’

106 768 274 825 Tertiarll
293 783 339 823 ex
357 751 540 841 religiosis
557 781 651 845 nova
669 768 898 839 coaptatione
917 751 989 827 non
1007 731 1172 841 indigent
1255 760 1260 769 ’

133 916 263 987 Raphael
278 916 426 983 Delarbre,
444 915 564 971 Ordinis
585 915 737 971 Minorum
752 916 782 972 S.
801 916 947 972 Francisci
964 916 1096 973 Minister
1117 918 1186 973 Pro·

95 988 227 1043 vincialis
245 988 421 1060 Aquitaniae
441 986 471 1041 in
494 986 597 1050 Gallia.
620 987 769 1059 sequentis
785 987 868 1043 dubii
886 988 1062 1044 solutionem
1081 989 1117 1044 ab
1131 988 1187 1043 hac

94 1061 125 1115 S.
158 1059 396 1131 Congregatione
430 1058 623 1131 Indulgentiis
657 1058 811 1131 Sacrisque
847 1059 990 1132 Reliqniis
1022 1058 1186 1133 praeposita

95 1131 253 1206 postulavit
266 1147 371 1203 nempe
384 1150 390 1185 :

131 1202 240 1259 Utrum
265 1200 402 1269 Religiosi
427 1199 776 1271 votorumsimplicium.
803 1200 855 1273 qui
880 1216 948 1256 ante
975 1200 1137 1273 ingressum
1155 1199 1186 1255 in

97 1272 282 1345 Religionem
300 1273 336 1327 ad
356 1272 489 1327 habitum
502 1271 594 1327 Tertii
609 1271 729 1328 Ordinis
741 1272 898 1328 saecularis
922 1273 1040 1328 admissi
1059 1270 1183 1340 fuerant,

95 1344 131 1399 ad
149 1343 300 1399 saeculum
324 1360 376 1415 per
394 1342 572 1398 solutionem
592 1342 668 1398 votis
686 1346 740 1413 rite
759 1344 924 1413 redeuntes,
939 1360 1016 1399 nova
1036 1342 1186 1415 indigeant

95 1416 271 1487 receptione,
285 1428 318 1469 ut
332 1412 466 1471 Tertiarii
480 1412 580 1468 haberi
593 1413 705 1488 possint
719 1428 748 1469 et
760 1415 838 1469 sintl

131 1488 167 1541 Et
195 1485 251 1541 Emi
278 1487 375 1541 Patres
397 1486 428 1540 in
451 1484 686 1557 congregatione
711 1485 838 1557 generali
864 1485 901 1540 ad
924 1485 1079 1541 Vaticanas
1100 1484 1187 1541 aedes

96 1557 192 1612 habita
206 1556 253 1611 die
266 1577 281 1628 7
295 1556 412 1629 augusti
426 1558 495 1629 1906
508 1556 747 1631 respondendum
760 1558 953 1613 mandarunt:

131 1630 177 1683 Ne
198 1629 282 1684 ative.
717 1629 722 1643 '
887 1640 889 1644 ·

132 1701 166 1755 ln
178 1646 329 1755 {udientia
343 1710 441 1754 autem
450 1698 508 1753 diei
518 1700 535 1755 8
545 1698 674 1753 eiusdem
688 1698 797 1753 mensis
810 1712 838 1753 et
850 1698 930 1757 anni.
946 1699 1056 1753 limorum
1067 1699 1187 1753 Petrum

95 1770 281 1834 sententiam,
305 1769 427 1825 relatam
452 1771 490 1826 ab
517 1769 701 1842 infrascripto
728 1769 877 1826 Cardinali
907 1767 1057 1825 Praefecto
1082 1769 1187 1824 Sacrae

96 1841 342 1913 Congregationis
354 1842 546 1911 Indulgentiis
560 1840 713 1911 Sacrisque
726 1840 868 1913 Reliquiis
879 1840 1069 1914 praepositae,
1082 1840 1134 1895 SS.
1150 1842 1185 1895 D.

96 1914 135 1968 N.
153 1915 224 1967 Pius
238 1914 297 1967 PP.
312 1912 338 1967 Χ
354 1913 525 1984 approbavit
534 1927 562 1967 et
575 1910 769 1967 confirmavit.

133 1986 241 2039 Datum
257 1985 376 2052 Romae,
394 1983 582 2039 eSecretaria
602 1983 732 2037 eiusdem
747 1984 852 2038 Sacrae
865 1980 1118 2054 Congregationis,
1140 1981 1188 2037 die

94 2056 111 2111 8
125 2054 244 2128 augusti
262 2055 341 2127 1906.

550 2127 586 2180 A.
608 2124 694 2179 Card.
714 2126 850 2195 Tarenti,
872 2125 1046 2195 Praefectus

476 2208 515 2264 D.
531 2208 643 2265 Panict'
655 2209 799 2282 Archiep.
814 2208 989 2279 Laodicen,
1003 2209 1115 2264 Secret.

554 2345 730 2398 Annorum

131 2450 265 2510 Decretis
279 2453 307 2508 S.
324 2453 357 2508 C.
376 2452 491 2524 lndulg.
508 2463 536 2507 et
548 2453 600 2508 SS.
618 2452 830 2524 Reliquiarum,
852 2452 884 2509 25
906 2453 1016 2508 iun-16
1035 2450 1086 2507 iul.
1112 2452 1187 2524 1887,

96 2536 125 2581 et
145 2524 223 2578 10-31
242 2523 300 2580 ian.
325 2524 400 2596 1893,
423 2525 461 2577 ita
476 2523 614 2594 religiosi,
628 2524 716 2577 etiam
730 2539 868 2578 votorum
882 2523 1068 2598 simplicium,
1083 2524 1189 2579 Tertiis

96 2595 260 2651 Ordinibus
282 2594 479 2650 saecularibus
505 2595 642 2650 dicuntur
660 2594 784 2661 excludi,
813 2610 846 2651 ut
865 2596 885 2648 ii
909 2613 1028 2666 quoque
1050 2597 1101 2666 qui
1123 2609 1189 2650 ante

97 2665 269 2737 religiosum
284 2680 390 2721 statum
405 2665 435 2720 in
454 2665 587 2721 Tertium
603 2666 745 2721 Ordinem
765 2667 893 2740 cooptati
912 2681 989 2729 sunt.
1006 2685 1023 2720 a
1037 2679 1189 2722 momento

96 2750 235 2792 votorum
253 2737 458 2808 religiosorum
477 2737 642 2792 desinerent
661 2737 696 2791 ad
719 2736 854 2792 Tertium
873 2737 1015 2793 Ordinem
1034 2739 1188 2810 pertinere.

99 2809 179 2862 Hinc
200 2809 275 2863 ratio
295 2808 350 2863 fnit
369 2808 531 2876 dubitandi,
555 2807 626 2874 quid
645 2807 728 2871 iuris,
745 2807 769 2862 si
785 2807 873 2863 iidem
891 2809 1026 2880 deinceps
1038 2810 1190 2865 saeculum

99 2879 232 2951 legitimo
255 2881 345 2935 modo
369 2892 542 2952 repeterent.
563 2879 686 2933 Novane
704 2878 864 2950 requiritur
878 2880 1000 2942 allectio,
1017 2897 1055 2933 an
1069 2880 1190 2953 pristina

101 2967 131 3005 re
154 2951 216 3022 ipsa
239 2951 407 3006 reviviscere
428 2951 579 3006 censetur?
602 2951 699 3021 Atque
722 2951 867 3022 posterius
886 2951 962 3006 istud
975 2951 1110 3020 obtineri,
1130 2951 1189 3006 iam

99 3036 213 3078 constat
228 3039 263 3076 ex
275 3023 365 3077 modo
379 3023 498 3076 recitato
511 3035 663 3093 responso.

133 3097 180 3151 De
202 3093 384 3148 sollemniter
402 3106 500 3148 autem
522 3092 667 3146 Ordinum
689 3090 826 3165 professis
847 3109 906 3148 non
929 3088 984 3147 fu'it
1002 3109 1088 3147 causa
1101 3089 1207 3164 quae?

99 3164 189 3233 rendi,
211 3180 289 3230 cuni,
310 3165 397 3219 etiam
420 3163 628 3232 saecularizati,
647 3174 714 3218 vota
734 3179 787 3219 sua
805 3179 978 3219 conservare
997 3164 1121 3222 soleant.
1137 3163 1189 3218 Sin

100 3235 208 3305 minus,
221 3236 326 3291 eodem
338 3235 401 3292 iure
416 3248 577 3324 uterentur.

133 3471 231 3556 151.
253 3522 294 3532 -
317 3482 353 3552 s.
378 3483 521 3552 cotan.
546 3482 697 3554 inaure.
722 3484 774 3551 ετ
797 3483 859 3553 ss.
884 3481 1147 3554 nettounnun

399 3629 638 3684 RESPONSUM
659 3631 680 3683 8
697 3629 789 3685 AUG.
811 3629 893 3683 1906

201 3755 351 3813 lubitari
369 3755 405 3814 S.
426 3755 611 3812 Benedicti
631 3728 837 3825 numismati
856 3728 1088 3828 indulgentia*

331 3839 588 3896 Portlttnculae‘
602 3841 793 3897 coniuncta
812 3854 885 3895 non
904 3844 961 3896 est

297 3980 422 4037 Ordinis
440 3983 586 4038 Fratrum
607 3983 764 4039 Minorum
784 3985 817 4042 S.
837 3984 998 4039 Francisci

139 4099 317 4170 Procurator
327 4115 475 4171 Generalis
489 4117 608 4172 Ordinis
621 4118 757 4172 Fratrum
770 4118 921 4172 Minorum
935 4118 1034 4173 Sancti
1046 4118 1192 4175 Francisci

104 4184 168 4266 huic
187 4187 292 4242 Sacrae
312 4185 539 4259 Congregationi
560 4189 755 4259 Indulgentiis
775 4190 928 4260 Sacrisque
948 4189 1090 4262 Reliquiis
1110 4208 1192 4264 prae·

105 4270 211 4327 positae
223 4274 349 4330 sequens
362 4258 486 4314 dubium
498 4258 696 4314 dirimendum
710 4260 850 4330 exhibuit,
868 4278 973 4334 nempe
988 4281 994 4317 :

1269 1502 1298 1549 S.
1310 1501 1400 1560 Congr.
1420 1546 1422 1553 ,

1241 1562 1401 1619 nus-1906)-

1255 1731 1402 1833 Approbatt'o

1237 1829 1371 1890 pontificia.

1271 1984 1329 2031 Dies
1340 1985 1364 2040 (8

1241 2056 1296 2100 ΜΕ·
1307 2043 1383 2099 190⁶)-

1273 4146 1372 4195 Orator.
1460 4176 1461 4181 =
