2959 4900
97 525 99 531 ’
130 514 245 563 Omnibus

97 576 178 633 pauet
200 586 263 619 com·

101 633 182 678 munio
201 631 262 678 cott-

101 687 186 737 dmm.

319 354 363 417 68
771 378 952 413 nouuuuurn

309 522 313 530 ’
357 524 384 566 10
402 510 582 567 Co'mmunio
594 511 732 583 frequens
745 521 774 567 et
785 510 941 576 cotidiana,
955 523 1058 583 utpote
1072 529 1089 566 a
1101 510 1219 568 Christo
1236 510 1358 567 Domino
1372 520 1396 565 et

317 600 335 637 a
345 582 496 639 Catholica
509 582 640 639 Ecclesia
651 582 842 655 optatissima,
858 583 996 638 omnibus
1015 581 1264 641 Christitidelibus
1282 580 1396 638 cuiusvis

317 653 430 710 ordinis
439 665 491 711 aut
500 651 682 711 condicionis
694 664 809 725 pateatp
820 652 861 709 ita
870 665 904 709 ut
912 669 1011 723 nemo,
1024 654 1075 726 qui
1084 654 1115 708 in
1125 665 1203 710 statu
1212 653 1322 725 gratiae
1334 652 1366 708 sit
1373 663 1396 708 et

317 737 478 806 cumrecta
490 724 597 798 piaque
607 736 706 782 mente
729 726 767 781 ad
789 726 820 781 S.
845 726 980 781 Mensam
1003 725 1130 795 accedat,
1154 724 1304 799 prohiberi
1326 724 1396 779 abea

313 807 427 869 ·poss1t;
1208 829 1211 839 .

310 958 312 965 .
354 910 384 952 20
404 899 493 954 Recta
500 908 604 953 'autem
617 914 701 955 mens
712 898 744 953 in
759 914 795 955 eo
808 910 860 967 est,
872 911 905 955 ut
915 898 966 972 qui
976 899 1013 954 ad
1027 916 1140 956 sacram
1153 918 1287 957 mensam
1299 898 1396 956 accedit

246 956 263 991 ’·
309 984 379 1028 ,non
399 969 476 1039 usui,
492 979 543 1024 aut
561 969 692 1037 vanitati,
706 981 757 1026 aut
775 969 913 1026 humanis
924 970 1089 1029 rationibus
1103 971 1264 1043 indulgeat,
1289 973 1338 1027 sed
1354 969 1396 1025 Dei

318 1039 426 1112 placito
447 1039 611 1097 satisfacere
633 1040 712 1110 velit,
726 1042 754 1097 ei
768 1041 859 1097 artius
878 1042 997 1099 caritate
1017 1042 1167 1116 coniungi,
1183 1060 1217 1099 ac
1238 1042 1338 1099 divino
1355 1041 1396 1096 illo

318 1110 477 1184 pharmaco
490 1111 551 1167 suis
568 1111 788 1168 infirmitatibus
801 1130 835 1169 ac
845 1113 1004 1171 defectibus
1017 1131 1170 1171 occurrere
1185 1136 1192 1182 ;

354 1206 384 1260 3⁰
405 1203 466 1260 Etsi
479 1221 570 1277 quam
582 1205 708 1262 maxime
720 1205 854 1278 expediat
865 1217 899 1262 ut
910 1206 1056 1279 frequenti
1070 1219 1098 1263 et
1110 1206 1256 1263 cotidiana
1269 1207 1396 1262 Commu·

252 1294 264 1305 ·
318 1274 409 1332 uione
420 1287 534 1332 utentes
546 1275 710 1332 venialibus
722 1277 858 1349 peccatis,
873 1278 976 1334 saltem
986 1280 1082 1359 'plene
1100 1278 1277 1345 deliberatis,
1294 1293 1396 1333 eorum·

107 1862 144 1904 tur
167 1861 265 1916 praepa·

105 1915 264 1963 ratiocinatio

102 1974 249 2045 gratiarum.

98 2158 109 2168 ν
253 2157 257 2175 t

130 2191 196 2237 Pars
202 2188 265 2234 Con-

102 2246 203 2307 sessartt'
246 2249 267 2289 et

106 2303 214 2364 officium.

130 2580 159 2627 M
161 2578 207 2625 alto
218 2582 268 2622 stu·

98 2638 266 2687 attacommm·

107 2694 189 2742 danda
209 2695 269 2750 cota]-
314 2702 318 2708 ·

108 2753 184 2800 diana
204 2764 268 2798 com-

108 2812 198 2864 munio,
231 2823 268 2855 se-

108 2866 269 2916 cundumtoo-

110 2930 200 2973 trinam
221 2925 267 2972 Ga-

99 2985 166 3032 ·teatt.
179 2983 267 3029 Roma·

108 3044 145 3090 m‘.

141 3112 204 3173 Quid
242 3113 269 3156 in

109 3172 229 3230 religiosis

110 3229 225 3279 domibus,
244 3229 270 3273 tn

109 3287 248 3334 seminariis

110 3350 132 3390 et
156 3345 271 3392 christia·

111 3403 150 3449 nis
171 3402 270 3460 ephebeis

110 3461 144 3505 st't
176 3459 271 3520 sacten·

111 3517 176 3568 dum.

144 3592 188 3639 Vts
203 3605 271 3649 regu·

110 3649 189 3698 tarum
215 3649 271 3696 rett-

108 3711 241 3767 giosarum.

318 1364 377 1417 que
388 1345 494 1403 affectu
510 1346 567 1403 sint
579 1360 720 1420 expertes.
737 1347 843 1403 sufficit
857 1348 1050 1406 nihilominus
1072 1361 1105 1406 ut
1125 1349 1220 1423 culpis
1233 1348 1395 1404 mortalibus

317 1432 431 1485 vacent,
451 1434 519 1474 cum
530 1419 683 1500 proposito
696 1436 726 1484 se
739 1436 905 1491 numquam
924 1420 1120 1494 inposterum
1159 1431 1310 1477 eccaturos
1325 1439 1331 1474 :
1347 1433 1395 1489 quo

318 1489 433 1546 sincero
447 1490 538 1545 animi
551 1489 702 1563 proposito
727 1490 791 1546 fieri
805 1509 866 1547 non
879 1504 974 1563 potest
988 1493 1059 1565 quin
1073 1438 1180 1548 cotiXie
1192 1489 1397 1548 communican-

318 1573 386 1687 tiesa
401 1561 525 1634 peccatis
538 1561 627 1617 etiam
639 1563 810 1632 venialibus,
825 1564 862 1618 ab
872 1579 1035 1637 eorumque
1049 1562 1156 1619 affectu
1164 1561 1272 1619 sensim
1284 1578 1315 1617 se
1324 1574 1396 1632 erpe-

340 1645 401 1688 taut
414 1654 422 1702 ;

354 1740 386 1798 4⁰
405 1728 481 1783 Cum
502 1744 571 1784 vero
593 1729 780 1785 Sacramenta
807 1730 908 1786 Novae
932 1730 1027 1803 Legis,
1048 1730 1100 1787 etsi
1120 1729 1256 1787 effectum
1273 1745 1357 1785 suum
1369 1744 1395 1783 ex

240 1822 251 1833 ·
319 1815 409 1881 opere
420 1809 541 1871 operato
554 1800 723 1870 sortiantur,
744 1801 887 1858 maiorem
906 1812 1005 1857 tamen
1020 1802 1185 1872 producant
1198 1799 1332 1857 effectum
1347 1814 1395 1869 quo

311 1888 445 1927 maiores
458 1871 663 1945 dispositiones
677 1872 708 1926 in
721 1872 757 1927 iis
766 1872 958 1947 suscipiendis
971 1872 1173 1944 adhibeantur,
1189 1872 1297 1929 idcirco
1306 1887 1395 1926 curan·

320 1944 391 1997 dum
403 1954 446 1998 est
458 1955 492 1998 ut
504 1944 604 1999 sedula
619 1944 655 1999 ad
670 1960 784 2000 sacram
797 1944 1048 2001 Communionem
1057 1945 1240 2016 praeparatio
1247 1942 1394 2007 antecedat,

312 2026 348 2069 et
359 2032 488 2086 congrua
498 2014 742 2086 gratiarumactio
753 2015 821 2072 inde
831 2028 979 2089 sequatur,
990 2016 1071 2073 iuxta
1079 2015 1312 2087 uniuscuiusque
1320 2013 1393 2076 vires,

312 2086 524 2141 condicionem
535 2103 569 2141 ac
581 2084 691 2155 officia3
756 2082 762 2093 “

359 2183 388 2238 5ο
407 2184 449 2238 Ut
470 2182 607 2254 frequens
631 2195 659 2238 et
682 2181 830 2238 cotidiana
852 2183 1032 2239 Communio
1054 2183 1160 2240 maiori
1182 2180 1333 2256 prudentia
1355 2178 1395 2232 liat

321 2254 515 2326 uberioreque
525 2254 629 2310 merito
642 2268 792 2326 augeatur.
802 2266 918 2327 oportet
928 2267 961 2309 ut
972 2254 1150 2311 Confessarii
1160 2252 1313 2310 consilium
1321 2251 1395 2305 inter·
1448 2276 1449 2287 κ

321 2325 412 2381 cedat.
437 2326 565 2381 Caveant
589 2337 688 2380 tamen
715 2325 893 2381 Confessarii
916 2342 953 2381 ne
976 2344 993 2381 a
1013 2325 1158 2399 frequenti
1184 2341 1237 2381 seu
1265 2322 1395 2379 cotidiana

313 2396 538 2454 'Communione
550 2412 731 2470 quemquam
745 2409 885 2468 avertant,
910 2398 960 2471 qui
978 2397 1009 2453 in
1033 2409 1110 2454 statu
1127 2396 1237 2471 gratiae
1251 2394 1395 2468 reperiatur

322 2480 350 2524 et
361 2479 439 2524 recta
448 2480 546 2524 mente
558 2468 697 2536 accedat;

358 2563 389 2616 6⁰
399 2562 475 2617 Cum
485 2574 583 2616 autem
597 2560 785 2634 perspicuum
792 2561 830 2617 sit
839 2577 874 2618 ex
883 2561 1028 2636 frequenti
1041 2578 1092 2618 seu
1102 2560 1248 2618 cotidiana
1260 2561 1289 2615 S.
1298 2555 1394 2614 Eucha-

316 2632 421 2690 ristiae
433 2632 599 2704 sumptione
611 2632 753 2688 unionem
766 2649 835 2688 cum
848 2632 965 2688 Christo
984 2634 1093 2704 augeri,
1117 2632 1298 2705 spiritualem
1320 2629 1394 2707 vitam
1446 2659 1447 2670 κ

322 2703 443 2761 uberius
457 2704 505 2772 ali,
520 2703 652 2759 animam
666 2704 823 2760 virtutibus
836 2702 956 2759 effusius
969 2703 1084 2772 instrui,
1100 2716 1128 2760 et
1140 2715 1275 2759 aeternae
1293 2700 1394 2775 felicitas

323 2775 360 2832 tis
373 2775 479 2849 pignus
499 2775 544 2831 vel
557 2774 671 2831 firmius
682 2775 808 2831 sumenti
822 2774 935 2843 donari,
951 2775 1059 2831 ideirco
1075 2774 1210 2844 Parochi,
1236 2772 1393 2829 Confessam

323 2862 352 2904 et
372 2847 599 2914 contionatores,
622 2848 702 2902 iuxta
724 2848 877 2921 probatam
904 2846 1080 2902 Catechismi
1103 2845 1229 2902 Romani
1249 2843 1394 2900 doctrinam

316 2920 416 2989 '(Part.
425 2921 463 2986 ΙΙ,
471 2937 496 2974 c.
504 2920 536 2974 63
544 2941 558 2982 ι,
571 2918 761 2974 christianum
772 2918 918 2992 populum
925 2919 961 2973 ad
971 2919 1051 2973 hunc
1059 2930 1119 2973 tarn
1130 2917 1212 2990 pium
1223 2934 1257 2972 ac
1266 2928 1324 2971 tam
1332 2911 1392 2968 salu·

323 3003 416 3048 tarem
428 3007 516 3046 usum
532 2989 640 3046 crebris
657 2990 909 3045 admonitionibus
923 2990 1077 3062 multoque
1091 2989 1188 3045 studio
1205 2989 1392 3047 cohortentur;

359 3095 390 3154 7⁰
404 3082 583 3138 Communio
595 3079 732 3152 frequens
747 3093 776 3136 et
790 3080 937 3137 cotidiana
950 3078 1119 3154 praesertim
1132 3081 1163 3136 in
1173 3077 1314 3152 religiosis
1326 3072 1393 3150 lusti·

324 3154 394 3210 tutis
408 3153 534 3210 cuiusvis
552 3152 665 3224 generis
683 3165 909 3224 promoveatur;
933 3169 986 3226 pro
1000 3153 1107 3224 quibus
1120 3165 1219 3207 tamen
1237 3150 1350 3204 firmum
1365 3154 1392 3198 stt
1443 3183 1444 3194 ,

324 3225 473 3280 decretum
500 3223 754 3292 Quemadmodum
774 3222 842 3294 ,diei
870 3243 901 3297 17
924 3225 1032 3280 mensis
1060 3223 1221 3278 decembris
1244 3221 1310 3294 1890
1335 3214 1390 3272 aS-

326 3296 433 3367 Congr.
455 3296 668 3369 Episcoporum
683 3309 711 3350 et
725 3294 916 3366 Regularium
928 3296 1029 3350 latum.
1045 3296 1142 3364 Quam
1157 3292 1284 3348 maxime
1294 3300 1392 3366 quoque
1442 3349 1443 3368 χ

321 3378 533 3492 Eromoveatur
546 3367 577 3422 in
595 3367 771 3422 clericorum
787 3366 966 3434 Semiramis
988 3382 1116 3438 quorum
1134 3363 1248 3420 alumni
1261 3361 1352 3419 altaris
1362 3372 1391 3411 tn·

314 3487 320 3495 .
347 3438 407 3493 iant
420 3437 536 3493 servitio
544 3459 551 3507 ;
566 3438 636 3494 item
649 3439 679 3493 in
689 3437 753 3492 aliis
763 3438 928 3494 christianis
942 3455 1031 3493 omne
1046 3454 1138 3509 genus
1151 3434 1288 3510 ephebeis
1302 3455 1310 3503 3

361 3531 392 3586 8⁰
412 3529 443 3584 Si
459 3546 535 3602 quae
552 3529 610 3584 sint
630 3529 775 3597 Instituta,
791 3527 850 3584 sive
863 3541 998 3584 votorum
1017 3528 1206 3584 sollemnium
1224 3527 1284 3582 sive
1303 3520 1390 3594 simpl-
1441 3521 1442 3572 l

325 3601 414 3669 cium,
427 3617 555 3674 quorum
568 3602 598 3656 in
610 3601 719 3672 regulis
733 3610 784 3656 aut
797 3600 1063 3668 constitutionibus,
1074 3599 1120 3656 vel
1133 3596 1314 3664 calendariis,
1325 3595 1390 3650 Com·
1440 3665 1441 3668 Ἴ

317 3672 483 3729 „muniones
503 3670 650 3745 aliquibus
663 3671 766 3728 diebus
779 3669 882 3726 affixae
894 3685 922 3726 et
937 3671 967 3726 in
981 3671 1016 3726 iis
1029 3671 1124 3726 iussae
1145 3668 1340 3745 reperiantur,
1351 3665 1389 3718 hae

315 3761 448 3800 ⁴normae
466 3756 618 3817 tamquam
636 3761 716 3800 mere
734 3743 941 3815 praeceptivae
954 3743 1100 3815 putandae
1122 3741 1389 3810 sunt.Praescr1ptus

327 3834 397 3873 vero
412 3817 666 3872 Communionum
686 3831 827 3870 numerus
840 3813 942 3870 haberi
956 3814 1042 3870 dehet
1054 3825 1088 3870 ut
1102 3812 1174 3884 quid
1188 3809 1342 3867 minimum
1352 3817 1389 3879 pr0

256 3929 259 3951 ,
315 3888 547 3968 ·Religiosorum
565 3887 684 3961 pietate.
703 3886 815 3942 Idcirco
829 3884 1011 3958 frequentior
1029 3885 1075 3940 vel
1101 3883 1268 3940 cotidianus
1282 3887 1389 3936 accessus

135 4031 217 4081 Lectio
227 4045 274 4079 on·

113 4104 161 4140 nuo
178 4089 272 4140 decreti.

328 3960 365 4016 ad
386 3958 606 4016 eucharisticam
627 3975 760 4015 mensam
789 3957 879 4013 libere
898 3957 1002 4014 iisdem
1023 3969 1122 4029 patere
1144 3970 1260 4028 semper
1284 3948 1387 4012 debebit,

328 4031 408 4088 iuxta
428 4048 547 4087 normas
569 4030 702 4104 superius
724 4031 758 4085 in.
774 4028 832 4085 hoc
849 4028 966 4085 decreto
988 4027 1118 4084 traditas.
1134 4028 1175 4084 Ut
1190 4037 1291 4081 autem
1309 4030 1388 4078 omnes

328 4103 481 4175 utriusque
495 4119 580 4158 sexus
590 4101 718 4173 religiosi
728 4100 818 4157 huius
830 4100 937 4157 decreti
947 4099 1152 4174 dispositiones
1165 4097 1219 4156 rite
1238 4101 1388 4166 cognoscere

328 4186 447 4246 queant,
462 4173 642 4244 singularum
652 4174 811 4229 domorum
825 4173 1024 4229 moderatores
1034 4170 1188 4238 curabunt,
1200 4179 1234 4224 ut
1243 4166 1313 4222 illud
1323 4169 1387 4240 quot·

328 4245 414 4301 annis
431 4246 586 4300 vernacula
605 4245 706 4314 lingua
725 4245 756 4300 in
775 4245 927 4301 communi
939 4244 1052 4318 legatur
1064 4244 1140 4300 intra
1153 4242 1292 4298 Octavam
1305 4233 1388 4291 festiu-

330 4315 425 4373 vitatis
438 4317 577 4388 Corporis
588 4317 695 4372 Christi
712 4337 718 4385 ;
