2959 4900
133 304 223 385 [155]
238 326 260 362 s.
272 326 297 363 c.
310 326 334 362 c.
348 318 374 362 15
386 324 462 361 suar.
477 320 540 373 1906.
553 324 704 362 cartarius
715 324 805 359 couu.
819 324 974 360 auanoanu
986 324 1022 359 nr
1032 323 1143 359 rusinae.
1165 302 1220 363 llil

129 457 215 523 moti,
229 458 425 515 conscientiae
436 459 630 515 anxietatibus
641 459 800 529 agitantur,
812 458 842 513 iu
856 473 975 532 peccata
986 458 1089 515 saltem
1098 457 1223 515 venialia

130 531 337 604 prolabuntur,
363 529 451 603 atque
476 548 580 603 parum
593 529 637 586 vel
659 529 732 585 nihil
746 531 860 602 pietatis
881 530 1031 603 augmenti
1052 530 1221 585 ostendunt.

162 602 300 657 flentum
315 602 424 674 inipso
440 602 556 659 decreto
572 604 611 657 H.
628 599 657 659 S.
671 602 705 658 C.
721 604 778 657 sub
788 619 819 660 n.
864 602 988 657 edicitur
1007 613 1041 656 ut
1053 602 1125 656 haee
1139 601 1223 657 Com·

129 673 254 729 munio:
269 693 285 724 «
299 690 390 745 quam
402 674 530 731 maxime
543 685 751 746 promoveatur
764 673 795 728 in
816 621 991 730 clericorum
1005 672 1221 735 seminariis...,

131 763 147 793 a
166 742 237 799 item
249 743 280 798 in
292 744 356 799 aliis
375 744 539 801 christianis
551 748 640 800 om'ne
655 760 748 816 genus
765 744 902 817 ephebeis
914 766 941 799 a.
962 745 1148 817 Quapropter
1159 759 1221 798 non

130 813 199 870 satis
212 826 290 886 patet
304 815 554 873 communionem
575 816 605 871 in
624 832 692 871 casu
706 815 777 871 aliis
790 816 890 889 pueris
901 815 952 888 qui
974 829 1055 871 extra
1068 816 1145 870 dicta
1158 816 1223 870 loca

130 901 183 945 seu
196 885 227 941 in
243 886 340 942 medio
363 888 471 943 saeculi
484 901 645 951 versantur,
656 887 786 945 ,suaderi
806 889 932 959 lnsuper
944 886 1165 960 ephebusidem
1178 895 1222 941 est

130 973 165 1012 ac
185 958 287 1031 pubes,
303 958 365 1031 qui,
378 958 461 1015 iuxta
473 959 518 1014 ius
539 976 698 1014 romanum
710 971 739 1013 et
751 959 936 1025 canonicum,
951 959 1010 1013 iarn
1028 959 1065 1013 ad
1079 973 1174 1013 annos
1191 975 1221 1011 12

128 1044 184 1099 pro
205 1030 334 1085 maribus
356 1042 384 1085 et
410 1048 440 1101 ¹4
463 1046 517 1103 pro
531 1030 647 1087 feminis
669 1029 842 1104 pervenerit,
857 1042 886 1086 et
903 1031 980 1102 apud
995 1030 1129 1094 Graecos,
1149 1040 1222 1084 teste

130 1100 298 1163 Forcellini,
312 1101 363 1173 qui
386 1100 536 1157 decimum
556 1113 670 1158 sextum
691 1101 793 1157 aetatis
811 1118 923 1157 annum
942 1100 1076 1175 attigerit.
1093 1102 1222 1172 ldeoque

129 1170 213 1245 pueri
227 1172 337 1227 exclusi
351 1172 496 1229 videntur.
1037 1207 1040 1213 ,

167 1244 206 1295 At
218 1258 254 1297 ex
266 1243 396 1301 adverso.
411 1260 472 1300 non
495 1244 611 1299 minora
630 1256 707 1299 stant
730 1261 784 1317 pro
799 1243 941 1315 frequenti
955 1260 1116 1315 puerorum
1135 1242 1221 1298 Com·

128 1312 282 1370 munione.
305 1317 403 1388 Atque
417 1316 447 1370 in
462 1314 564 1389 primis
586 1312 763 1387 suffragatur
777 1329 860 1371 vetus
881 1316 1011 1387 plurium
1034 1313 1221 1369 ecclesiarum

128 1384 293 1456 disciplina,
315 1386 343 1441 vi
369 1388 451 1442 cuius
479 1398 693 1443 sacramentum
721 1385 922 1442 Eucharistiae
948 1386 1076 1456 parvulis
1100 1400 1221 1458 quoque

128 1471 302 1511 concessum
324 1456 387 1513 fuit.
403 1459 505 1513 ut'late
523 1460 629 1531 probat
641 1458 728 1513 Card.
746 1459 826 1513 Bona
846 1458 970 1524 (Rerum
990 1457 1107 1531 liturg„
1125 1455 1175 1511 lib.
1191 1472 1219 1523 2,

128 1530 353 1599 cap.12,n.2).
370 1531 455 1585 Tunc
472 1530 612 1603 temporis
636 1529 666 1585 in
688 1547 745 1584 usu
758 1544 821 1585 erat
840 1544 875 1584 ut
897 1530 1078 1601 quicumque
1097 1527 1221 1598 baptiza·

128 1597 244 1663 bantur,
271 1600 330 1654 sive
351 1602 453 1663 adulti,
477 1601 537 1657 sive
559 1601 692 1667 infantes,
719 1617 779 1655 una
802 1599 889 1656 simul
915 1618 991 1672 pane
1019 1598 1220 1655 Eucharistico

127 1668 328 1725 reficerentur.
349 1672 432 1740 Quae
445 1673 565 1745 quidem
583 1674 688 1742 praxis,
710 1674 844 1745 quamvis
856 1685 949 1727 tractu
961 1672 1098 1744 temporis
1112 1670 1221 1725 abolita

116 1738 224 1808 fuerit,
246 1756 345 1797 tamen
364 1744 486 1799 minime
500 1744 683 1817 reprobanda
703 1757 755 1809 est,
776 1760 844 1798 cum
863 1759 891 1799 et
910 1744 1007 1815 ipsum
1028 1744 1119 1798 Conc.
1136 1742 1218 1797 Trid.

127 1811 218 1881 (Sess.
231 1829 277 1878 21,
301 1831 366 1887 cap.
381 1830 409 1884 4.
429 1816 466 1871 de
478 1817 603 1884 comm.)
617 1816 711 1871 dicat:
733 1836 750 1866 a
773 1817 878 1887 Neque
899 1816 967 1871 ideo
990 1812 1155 1869 damnanda
1177 1824 1221 1867 est

127 1903 144 1933 α
164 1883 332 1955 antiquitas,
355 1885 379 1940 si
401 1902 608 1943 eum-morem
631 1886 661 1941 in
686 1887 862 1959 quibusdam
885 1888 957 1943 locis
980 1885 1140 1957 aliquando
1162 1900 1220 1939 ser·

126 1974 143 2005 a
162 1956 249 2010 vavit.
263 1977 279 2011 a
297 1958 334 2011 Et
346 1961 468 2027 merito;
484 1974 562 2019 nam,
577 1970 610 2013 ut
631 1958 718 2014 habet
742 1959 937 2013 bellarminus
959 1957 1027 2027 (loe.
1041 1956 1102 2016 cit..
1126 1955 1177 2011 lib.
1191 1970 1218 2022 Ι,

126 2043 152 2079 c.
167 2028 239 2106 7.)⁹.“
253 2027 377 2152 igfantes
391 2030 422 2084 in
445 2029 618 2101 baptismate
640 2030 685 2085 ius
700 2032 855 2102 acquirunt
869 2031 906 2085 ad
930 2028 1145 2085 Eucharistiam
1156 2042 1220 2099 per·

129 2116 145 2147 α
165 2113 262 2165 crpten
283 2116 330 2153 am
346 2120 374 2153 n.
1048 2138 1051 2143 ,

1304 598 1339 647 Et
1350 601 1401 659 ipsa

1276 661 1373 707 recenter
1389 658 1437 705 Dt-

1275 719 1332 764 crett‘
1343 717 1421 764 verba.

1303 1249 1415 1308 Allegata

1273 1311 1315 1367 pro
1318 1306 1437 1367 frequenti

1271 1370 1395 1425 puerorum

1274 1425 1419 1472 conmunio-

1274 1495 1310 1529 nt.

1307 1566 1437 1616 Velnrdis-

1274 1628 1363 1688 ciplina
1380 1624 1407 1693 tie

1273 1694 1415 1733 commumo-

1273 1758 1301 1791 ηε
1306 1740 1417 1803 parvule·

1274 1815 1334 1848 rum.

128 2202 131 2209 .
165 2169 311 2236 Quocirca
337 2170 446 2227 factum
473 2183 516 2227 est
540 2184 573 2226 ut
598 2170 700 2251 primis
725 2171 872 2227 Ecclesiae
885 2170 1016 2227 ¹saeculis
1041 2168 1125 2246 pueri
1152 2180 1220 2224 aute
1293 2238 1298 2246 Ι

127 2254 261 2295 mensam
282 2243 456 2307 assisterent,
484 2256 573 2315 atque
597 2243 684 2313 primi
708 2259 774 2313 post
798 2243 920 2299 clericos
944 2241 1218 2307 communicarent3

126 2310 198 2365 item
211 2312 235 2365 si
249 2312 359 2369 multae
380 2316 539 2385 particulae
558 2314 697 2387 Corporis
712 2313 819 2369 Christi
844 2317 1037 2387 superessent,
1057 2313 1221 2367 sacerdotes

125 2398 236 2464 pueros
246 2382 626 2458 incorruptosaccerserent,
638 2386 688 2459 qui
700 2387 952 2445 eascomederent,
967 2384 1220 2458 quemadmodum

127 2453 206 2508 idem
230 2454 315 2510 Card.
341 2461 424 2514 Bona
445 2457 587 2528 (fuecit.)
609 2457 790 2529 expluribus
811 2457 985 2515 testimoniis
1006 2456 1103 2512 refert.
1130 2454 1220 2510 Nulla

126 2525 216 2598 igitur
239 2527 362 2582 habetur
383 2529 459 2584 ratio
471 2546 524 2585 cur
536 2530 609 2584 haec
631 2530 776 2602 frequens,
802 2529 893 2585 immo
916 2542 944 2585 et
967 2529 1113 2584 cotidiana
1132 2526 1220 2581 Com·

126 2600 231 2652 munio
246 2599 390 2654 hodierno
403 2613 535 2672 tempore
546 2617 607 2655 non
620 2603 656 2655 sit
670 2601 768 2672 pueris
781 2601 908 2656 maxime
920 2599 1110 2657 consulenda.

164 2668 257 2739 quue
270 2686 306 2724 eo
326 2671 370 2726 vel
383 2672 475 2744 magis
488 2673 557 2744 quia
579 2689 695 2727 necesse
708 2673 832 2728 omnino
844 2686 887 2728 est
899 2685 933 2727 ut
952 2671 1044 2744 pueri,
1061 2681 1219 2747 antequam

126 2740 313 2813 passionibus
337 2743 571 2812 praeveniantur,
602 2743 718 2798 Christo
740 2744 921 2809 imbuantur,
949 2756 978 2798 et
1002 2745 1042 2798 ita
1065 2740 1170 2796 maiori
1190 2756 1219 2793 vt

125 2811 268 2882 repellere
281 2813 393 2882 possint
407 2828 529 2869 conatus
543 2815 662 2879 diaboli,
675 2817 780 2872 carnis.
796 2815 982 2896 aliorumque
994 2815 1178 2868 internorum
1192 2821 1221 2891 et

126 2895 318 2938 externorum
331 2884 471 2941 hostiurn.
483 2887 534 2940 Ad
548 2903 610 2941 rem
623 2887 653 2941 in
667 2903 757 2942 aureo
776 2886 912 2941 libroDe
925 2885 1090 2940 tmitatione
1108 2881 1218 2941 Christi

91 2987 96 2998 ·
125 2953 188 3022 (lib.
203 2969 231 3022 4.
248 2971 314 3027 cap.
331 2958 361 3025 3)
375 2956 445 3012 haec
459 2958 593 3028 leguntur
607 2978 613 3012 :
628 2979 643 3012 a
660 2957 748 3013 Proui
758 2958 837 3012 enim
850 2970 918 3010 sunt
928 2973 1030 3011 sensus
1044 2954 1173 3010 hominis
1183 2952 1219 3007 ad

126 3045 141 3075 a
160 3029 275 3080 malum
290 3027 325 3081 ab
348 3027 546 3084 adulescentia
569 3046 640 3097 sua;
657 3041 685 3084 et
699 3029 755 3083 nisi
776 3041 925 3084 succurrat
944 3028 1042 3082 divina
1063 3025 1217 3088 medicina,

125 3117 141 3147 «
161 3097 270 3152 labitur
282 3098 374 3153 homo
396 3117 463 3153 mox
477 3107 514 3155 ad
533 3101 665 3174 peiora...
683 3099 813 3154 Retrahit
826 3115 896 3170 ergo
918 3112 1017 3154 sancta
1040 3095 1218 3174 Communia

125 3169 278 3222 «amalo
303 3183 330 3223 et
350 3169 495 3225 confortat
516 3173 546 3226 in
570 3173 649 3227 bono
671 3193 697 3227 ».
724 3171 903 3226 Eucharistia
928 3169 1006 3225 enim
1031 3179 1219 3224 sacramentis

125 3256 219 3294 novae
230 3239 301 3310 legis
316 3255 493 3307 accensetur,
505 3261 581 3316 quae
593 3244 715 3314 gratiam
729 3255 792 3296 tum
807 3241 1035 3297 sanctificantem
1050 3253 1113 3296 tum
1126 3255 1220 3294 sacra-

124 3309 285 3365 mentalem
297 3312 452 3368 conferunt
475 3330 516 3369 ex
535 3331 623 3389 opere
637 3324 768 3388 operato,
796 3314 1044 3385 quandocumque
1057 3311 1172 3366 obicem
1187 3309 1219 3363 in

124 3381 301 3456 suscipiente
315 3399 376 3439 non
399 3387 554 3457 reperiant.
573 3389 634 3441 Nec
658 3389 722 3457 plus
736 3383 847 3455 aliquid
862 3385 954 3440 obicis
973 3384 1003 3439 in
1020 3382 1116 3455 pueris
1129 3397 1219 3452 quam

124 3453 155 3508 in
169 3453 279 3510 adultis
292 3458 519 3525 exspectandum
532 3473 574 3512 est
584 3475 624 3512 ex
637 3473 725 3530 opere
737 3456 897 3528 operantis,
912 3457 991 3527 quia,
1015 3468 1219 3526 praeterquam

124 3527 205 3596 quod
232 3525 396 3596 ignorantia
422 3526 452 3581 in
474 3531 570 3598 pueris
592 3529 628 3584 ab
655 3527 822 3585 innocentia
841 3539 1093 3599 compensaretur,
1117 3524 1218 3579 incon·

124 3596 262 3654 sideratio
275 3613 378 3651 eorum
391 3615 425 3652 ac
439 3599 539 3656 levitas
553 3601 640 3655 nimis
656 3599 789 3670 urgenda
804 3616 864 3654 non
880 3612 931 3653 est.
995 3599 998 3604 ⁴

160 3668 249 3724 Unde
268 3671 314 3724 De
333 3669 424 3740 Segur
444 3683 453 3708 1
474 3671 532 3733 (La
552 3672 606 3726 SS.
625 3670 818 3738 comunione)
840 3670 913 3724 haec
934 3669 1009 3723 inter
1029 3666 1085 3721 alia
1109 3666 1216 3722 habet:

124 3759 140 3789 a
161 3741 172 3794 I
193 3738 363 3811 giovanetti,
378 3740 405 3794 al
419 3743 482 3812 pari
496 3743 570 3814 degli
587 3744 689 3810 adulti,
702 3758 832 3812 possano
844 3757 861 3796 e
872 3741 1009 3796 debbono
1022 3737 1217 3793 comunicarsi

124 3829 140 3860 κ
159 3827 271 3881 spesso.
288 3811 398 3866 Nostro
412 3811 532 3883 Signore
548 3831 607 3868 non
619 3813 746 3868 richiede
759 3814 797 3866 da
809 3812 874 3866 loro
889 3829 919 3867 se
939 3827 999 3865 non
1012 3810 1081 3881 quel
1096 3808 1150 3863 che
1162 3825 1217 3863 son

125 3901 140 3930 a
159 3881 261 3954 capaci
274 3881 303 3935 di
317 3881 429 3954 dargli;
445 3885 482 3938 ed
495 3885 551 3956 egli
565 3901 690 3944 conosce
704 3884 813 3955 meglio
825 3867 854 3936 <li
868 3883 918 3938 noi
932 3894 1035 3954 questa
1053 3882 1218 3952 leggerezza

153 4096 160 4128 ¹
176 4095 283 4157 Locum
295 4094 375 4142 istum
392 4109 425 4142 ex
441 4094 544 4155 integro
563 4096 660 4142 damus
678 4092 711 4144 'ex
729 4095 816 4141 altera
833 4092 953 4140 editione
971 4092 1096 4150 opusculi
1113 4090 1215 4150 gallici,

125 4161 163 4206 La
174 4160 220 4206 tris
230 4163 308 4208 sainte
318 4164 477 4208 communion.
996 4207 999 4210 ,
1010 4175 1014 4180 ’

155 4243 164 4271 ι
176 4227 230 4274 Les
240 4227 355 4282 eufantS,
367 4227 440 4275 aussi
452 4228 516 4275 bien
527 4241 580 4287 que
590 4229 629 4274 les
645 4226 760 4287 grandes
776 4237 923 4284 personnes
934 4230 1052 4283 peuvent
1063 4230 1090 4272 et
1105 4222 1217 4270 doivent

126 4293 292 4342 communier
302 4298 426 4342 souvent.
438 4294 668 4354 Notre·Seigneur
678 4306 712 4339 ne
721 4291 856 4338 demaude
866 4304 920 4350 que
931 4305 962 4338 ce
973 4291 1052 4351 qu¹1ls
1063 4299 1123 4337 sont
1134 4301 1217 4347 capa-

1293 3363 1432 3414 Innocentio

1272 3426 1386 3483 ignoran-
