2959 4900
416 307 452 341 DE
467 302 632 343 noviomus
647 303 876 346 INTERRUPTIONE
1150 280 1169 350 9

127 463 154 506 1.
173 439 217 506 ln
231 439 354 525 primis
365 441 620 508 moralistarum
634 442 874 510 auctoritatem
889 442 927 509 in
937 443 1002 511 bac
1013 436 1050 509 re
1066 441 1168 529 decli·

79 549 160 596 nare
175 527 302 596 frustra
324 543 506 611 conantur,
526 551 606 620 cum
628 531 770 598 moralis
794 530 1169 619 quaestiojoffictorum

80 617 269 707 superioris
291 634 326 683 et
342 618 586 707 religiosorum
609 640 649 685 ex
669 619 839 687 canonico
863 637 1027 689 votorum
1051 620 1167 688 valore

80 709 222 793 prorsus
237 707 396 795 pendeat.
1112 753 1114 759 -

122 818 154 863 2.
183 794 254 863 Sed
270 794 428 862 nituntur
452 795 674 883 parissimum
700 796 737 866 S.
757 796 1050 887 Congregationis
1068 797 1168 865 iuris*-

77 884 285 971 prudentia:
302 905 356 951 :ex
382 885 457 968 hac,
488 887 535 952 sic
563 888 671 965 aiunt,
702 908 776 954 non
803 904 922 955 autem
938 902 995 955 “ex
1027 886 1169 975 privatis

79 974 258 1041 sententiis
273 974 368 1040 valor
384 976 526 1041 actuum
542 992 593 1043 est
608 976 796 1043 eruendus.
1136 988 1154 1017 ¹''
1212 1032 1213 1036 η

122 1064 170 1130 R.
188 1063 375 1130 Partialem
387 1083 469 1129 sane
481 1063 565 1131 haec
582 1065 761 1132 continent
773 1064 971 1151 veritatem3
986 1064 1168 1151 partialem

78 1168 195 1221 tamen
212 1170 245 1219 et
260 1151 709 1241 prudenteraccipiendam.
726 1153 911 1223 Genuinus
924 1153 1019 1221 enim
1035 1153 1167 1220 iurium

77 1242 155 1309 fons
172 1242 346 1329 imprimis
362 1257 413 1307 est
427 1241 503 1329 ipsa
518 1244 582 1325 lex,
601 1264 621 1309 a
637 1264 706 1332 qua
722 1244 797 1311 fieri
808 1258 927 1333 potest
944 1257 981 1311 ut
998 1243 1168 1311 sententia

77 1330 247 1415 deflectat,
262 1331 350 1397 sicut
366 1331 513 1420 probant
524 1333 921 1400 concessae-audientiae
938 1352 1050 1400 novae
1067 1345 1100 1398 et
1116 1352 1167 1397 re*

77 1420 304 1487 formationes
327 1419 628 1509 iurisptudentiae.
648 1421 752 1488 Tunc
776 1443 859 1511 ergo
883 1420 1073 1489 sententiae
1097 1418 1168 1487 fere

77 1510 213 1599 legibus
225 1508 485 1588 assimulantur,
501 1531 582 1577 cum
594 1510 638 1577 de
649 1510 732 1579 stilo
741 1512 855 1578 curiae
869 1510 949 1578 satis
962 1510 1164 1578 constiterit.

80 1598 274 1676 Praeterea,
302 1596 392 1683 ⁴fons
419 1599 504 1665 iuris
536 1600 692 1667 canonici
724 1616 776 1667 est
815 1600 919 1667 etiam
951 1598 1182 1667 rationabilis·

77 1687 306 1772 consuetud0‚
322 1708 410 1775 quae
423 1689 466 1754 ab
479 1688 556 1775 ipso
569 1689 765 1777 legislatore
782 1688 934 1777 ignorari
947 1703 1071 1777 potest.
1090 1689 1167 1754 N'ec

78 1776 193 1843 statim
205 1776 496 1852 conclamandum
512 1792 575 1863 est,
590 1777 899 1865 iurisprudentiam
913 1776 949 1846 S.
967 1777 1165 1866 congrega-

78 1865 182 1932 tionis
195 1864 241 1932 ita
254 1886 291 1931 se
302 1864 442 1932 habere.
453 1866 620 1953 Namque
632 1865 894 1955 aliudprofecto
908 1884 989 1933 sunt
1001 1886 1167 1952 responsa
1264 1895 1266 1899 ·
1284 1870 1285 1877 ’

79 1974 167 2042 quae
183 1954 357 2042 suffragiis
374 1953 614 2023 Cardinalium
630 1970 712 2023 sunt
738 1955 840 2041 data3
859 1955 952 2022 aliud
970 1954 1167 2022 sanationes
1246 1960 1248 1965 ’

78 2044 118 2109 ad
135 2045 306 2110 cautelam
323 2064 413 2131 quae
428 2066 518 2131 opus
534 2045 747 2134 quandoque
763 2062 845 2112 sunt
861 2045 1074 2112 secretariae.

123 2130 180 2199 Sic
196 2134 312 2221 itaque
328 2133 396 2199 dici
412 2134 555 2201 debuit:
575 2140 609 2215 a)
626 2133 735 2201 Valor
750 2150 845 2201 actus
869 2148 918 2202 est
934 2133 971 2201 in
987 2131 1109 2221 primis
1127 2152 1167 2198 ex

78 2223 152 2322 lege
168 2222 356 2289 eruendus.
383 2230 485 2305 -·b)
501 2222 556 2289 Ad
573 2222 717 2291 dubiam
733 2225 848 2313 legem
872 2221 1167 2311 interpretandam
1190 2231 1192 2235 ’
1290 2202 1292 2207 ’

78 2311 301 2398 potissimum
328 2312 442 2379 valent
468 2311 686 2380 authenticae
713 2313 943 2401 competentis
963 2311 1166 2400 ‘Congrega

78 2400 181 2468 tionis
218 2399 501 2488 declarationes3
535 2400 616 2469 dein
648 2418 812 2470 constans
843 2400 1167 2492 Congregationum
1209 2420 1212 2425 “

77 2490 358 2578 iurisprudentia.
439 2491 457 2549 '.
1155 2521 1157 2531 ·

122 2581 193 2669 Age
205 2601 325 2668 porr0,
340 2581 377 2647 in
394 2600 429 2647 re
445 2578 615 2666 praesenti
632 2579 717 2647 haec
732 2595 815 2648 sunt
831 2578 1059 2648 observanda.

123 2674 153 2752 a)
176 2668 232 2736 De
247 2670 471 2758 competentia
486 2667 523 2736 S.
547 2667 858 2758 Congregationis.
883 2667 977 2736 Cum
993 2667 1106 2757 agitur
1122 2666 1165 2733 de

80 2755 273 2825 Ordinibus
307 2759 536 2847 regularibus,
569 2780 680 2824 annus
712 2759 904 2826 noviciatus
936 2756 978 2824 ad
1012 2758 1165 2832 valorem

77 2847 264 2935 requiritur
291 2848 366 2937 lege
383 2846 601 2923 Tridentina,
618 2869 645 2915 s.
665 2847 777 2935 XXV,
809 2869 838 2914 c.
863 2847 912 2926 15,
943 2847 998 2913 De
1013 2846 1180 2934 Regula¹¹

79 2936 182 3004 ribus
204 2938 349 3003 Norunt
361 2952 477 3004 autem
492 2957 626 3016 omnes,
643 2937 879 3004 authenticam
895 2935 1165 3002 declarationem

77 3025 297 3093 decretorum
328 3024 619 3094 Tridentinorum
643 3025 807 3093 reservari
834 3023 870 3092 S.
891 3022 1163 3113 Congregationi

78 3133 164 3198 quae
190 3115 327 3182 ab‘ista
353 3113 637 3204 interpretatione
663 3125 874 3182 nomensest
901 3117 1031 3198 sortita,
1050 3111 1084 3178 id
1113 3126 1166 3178 est

80 3201 118 3268 S.
149 3203 420 3293 Congregationi
449 3203 691 3272 Cardinalium
720 3202 756 3271 S'.
785 3201 935 3272 Concilii
963 3201 1163 3271 Tridentini
1264 3224 1266 3229 ·

79 3290 316 3380 interpretum,
350 3314 411 3360 seu
441 3293 593 3378 brevius,
624 3292 661 3360 S.
692 3291 965 3380 Congregationi
999 3290 1162 3359 Concilii.

81 3379 175 3448 Haec
190 3397 308 3449 autem
325 3403 398 3448 non
413 3385 520 3449 semel
536 3381 719 3449 declaravit
740 3381 954 3450 novitiarum
971 3401 1043 3447 non
1057 3379 1163 3458 inter-
1233 3412 1234 3417 .

76 3472 190 3557 rumpi
206 3471 483 3539 commoratione
500 3470 625 3538 novicii
643 3486 735 3537 extra
751 3472 911 3555 claustra,
929 3490 1010 3536 cum
1027 3469 1164 3536 licentia

79 3557 223 3626 Praelati
241 3559 385 3650 proprii.
410 3560 452 3626 In
468 3581 571 3648 opere
587 3561 642 3626 De
657 3559 854 3648 Religiosis‚
873 3573 897 3645 t.
921 3581 952 3644 2,
984 3559 1055 3632 135,
1088 3557 1162 3643 136,

76 3664 239 3734 quattuor
270 3651 450 3717 attulimus
480 3649 667 3717 sententias
698 3647 890 3730 iudiciales,
916 3668 1066 3736 quarum
1094 3666 1166 3713 una

76 3736 181 3804 etiam
202 3739 325 3827 stipata
349 3755 400 3804 est
422 3739 575 3805 clausula
599 3738 814 3826 etamplius,
841 3737 936 3824 quod
960 3736 1165 3803 unanimem
1187 3786 1188 3790 ,

74 3827 191 3910 prodit
208 3827 451 3896 Cardinalium
467 3847 691 3894 consensum.
839 3909 841 3916 .

128 3913 177 3982 Ex
187 3934 282 4004 parte
294 3935 410 3984 autem
423 3917 606 4003 contraria,
616 3915 712 3982 nulla
725 3914 868 3982 affertur
880 3913 1008 3980 decisio
1024 3912 1060 3980 S.
1071 3912 1163 3980 Con·

74 4005 285 4092 gregationis
311 4004 567 4093 Episcoporum
595 4020 628 4072 et
658 4003 901 4093 Regularium‚
931 4003 989 4070 sed
1009 4000 1163 4068 animad-

76 4094 251 4162 versiones
266 4095 377 4162 factae
389 4115 470 4160 curn
483 4110 644 4184 ageretur
670 4093 714 4159 de
730 4093 967 4180 approbandis
994 4089 1164 4157 Institutis

74 4181 192 4267 novis,
222 4201 254 4250 et
285 4203 467 4250 concessae
498 4183 706 4251 sanationes.
743 4181 876 4248 Verum
916 4181 995 4269 quis
1029 4182 1165 4270 ignorat

75 4272 274 4352 sanationes
289 4292 389 4360 saepe
413 4272 487 4340 dari
500 4273 542 4339 ad
567 4273 737 4340 cautelam
764 4284 797 4337 et
813 4268 887 4337 sine
913 4291 993 4338 vera
1017 4269 1161 4338 necessi·
