<?xml version="1.0" encoding="UTF-8"?>
<!DOCTYPE html PUBLIC "-//W3C//DTD XHTML 1.0 Transitional//EN"
    "http://www.w3.org/TR/xhtml1/DTD/xhtml1-transitional.dtd">
<html xmlns="http://www.w3.org/1999/xhtml" xml:lang="en" lang="en">
 <head>
  <title>
</title>
<meta http-equiv="Content-Type" content="text/html;charset=utf-8" />
  <meta name='ocr-system' content='tesseract 3.04.00' />
  <meta name='ocr-capabilities' content='ocr_page ocr_carea ocr_par ocr_line ocrx_word'/>
</head>
<body>
  <div class='ocr_page' id='page_1' title='image "./dereligiosisins01vermgoog_0027.png"; bbox 0 0 2959 4900; ppageno 0'>
   <div class='ocr_carea' id='block_1_1' title="bbox 118 357 1192 438">
    <p class='ocr_par' dir='ltr' id='par_1_1' title="bbox 118 357 1192 438">
     <span class='ocr_line' id='line_1_1' title="bbox 118 357 1192 438; baseline 0.001 -25"><span class='ocrx_word' id='word_1_1' title='bbox 118 357 154 438; x_wconf 76' lang='grc' dir='ltr'>[ὁ]</span> <span class='ocrx_word' id='word_1_2' title='bbox 263 379 284 414; x_wconf 88' lang='lat' dir='ltr'>s.</span> <span class='ocrx_word' id='word_1_3' title='bbox 302 379 325 413; x_wconf 90' lang='lat' dir='ltr'>c.</span> <span class='ocrx_word' id='word_1_4' title='bbox 344 379 387 415; x_wconf 78' lang='lat' dir='ltr'>nr.</span> <span class='ocrx_word' id='word_1_5' title='bbox 406 379 441 413; x_wconf 77' lang='lat' dir='ltr'>ier</span> <span class='ocrx_word' id='word_1_6' title='bbox 457 379 520 413; x_wconf 78' lang='lat' dir='ltr'>nra.</span> <span class='ocrx_word' id='word_1_7' title='bbox 542 374 566 413; x_wconf 81' lang='lat' dir='ltr'>io</span> <span class='ocrx_word' id='word_1_8' title='bbox 582 379 643 414; x_wconf 75' lang='lat' dir='ltr'>unii</span> <span class='ocrx_word' id='word_1_9' title='bbox 661 372 726 424; x_wconf 85' lang='lat'>1903.</span> <span class='ocrx_word' id='word_1_10' title='bbox 744 378 900 414; x_wconf 74' lang='lat' dir='ltr'>rnaustiri</span> <span class='ocrx_word' id='word_1_11' title='bbox 916 378 1023 414; x_wconf 80' lang='lat' dir='ltr'>uovrru</span> <span class='ocrx_word' id='word_1_12' title='bbox 1136 358 1192 419; x_wconf 78' lang='grc' dir='ltr'>’Π</span> 
     </span>
    </p>
   </div>
   <div class='ocr_carea' id='block_1_2' title="bbox 169 514 1128 792">
    <p class='ocr_par' dir='ltr' id='par_1_2' title="bbox 169 514 1128 792">
     <span class='ocr_line' id='line_1_2' title="bbox 169 514 1128 627; baseline -0.002 -3"><span class='ocrx_word' id='word_1_13' title='bbox 169 541 206 627; x_wconf 82' lang='grc'>5.</span> <span class='ocrx_word' id='word_1_14' title='bbox 223 593 261 603; x_wconf 80' lang='lat'>-</span> <span class='ocrx_word' id='word_1_15' title='bbox 276 554 312 625; x_wconf 86' lang='lat' dir='ltr'>s.</span> <span class='ocrx_word' id='word_1_16' title='bbox 337 553 476 625; x_wconf 80' lang='lat' dir='ltr'>coiea.</span> <span class='ocrx_word' id='word_1_17' title='bbox 501 552 780 624; x_wconf 65' lang='lat' dir='ltr'>episcoporum</span> <span class='ocrx_word' id='word_1_18' title='bbox 804 553 856 623; x_wconf 81' lang='grc' dir='ltr'>ετ</span> <span class='ocrx_word' id='word_1_19' title='bbox 880 514 1128 624; x_wconf 77' lang='lat' dir='ltr'>aeautiaiun</span> 
     </span>
     <span class='ocr_line' id='line_1_3' title="bbox 395 736 895 792; baseline 0 -1"><span class='ocrx_word' id='word_1_20' title='bbox 395 736 608 792; x_wconf 72' lang='lat' dir='ltr'><em>INDULTUM</em></span> <span class='ocrx_word' id='word_1_21' title='bbox 626 737 635 772; x_wconf 82' lang='lat'><strong>¹</strong></span> <span class='ocrx_word' id='word_1_22' title='bbox 657 736 695 791; x_wconf 88' lang='lat'>16</span> <span class='ocrx_word' id='word_1_23' title='bbox 712 737 792 791; x_wconf 77' lang='lat' dir='ltr'>maii</span> <span class='ocrx_word' id='word_1_24' title='bbox 812 736 895 791; x_wconf 85' lang='lat'><strong><em>1903</em></strong></span> 
     </span>
    </p>
   </div>
   <div class='ocr_carea' id='block_1_3' title="bbox 200 899 1096 971">
    <p class='ocr_par' dir='ltr' id='par_1_3' title="bbox 200 899 1096 971">
     <span class='ocr_line' id='line_1_4' title="bbox 200 899 1096 971; baseline -0.002 -14"><span class='ocrx_word' id='word_1_25' title='bbox 200 900 254 957; x_wconf 88' lang='lat' dir='ltr'>De</span> <span class='ocrx_word' id='word_1_26' title='bbox 272 899 422 957; x_wconf 83' lang='lat' dir='ltr'>noviciis</span> <span class='ocrx_word' id='word_1_27' title='bbox 442 899 513 957; x_wconf 81' lang='lat' dir='ltr'>elio</span> <span class='ocrx_word' id='word_1_28' title='bbox 531 900 793 957; x_wconf 74' lang='lat' dir='ltr'><strong>transferendis</strong></span> <span class='ocrx_word' id='word_1_29' title='bbox 812 901 850 956; x_wconf 90' lang='lat' dir='ltr'>in</span> <span class='ocrx_word' id='word_1_30' title='bbox 872 900 1096 971; x_wconf 74' lang='lat' dir='ltr'>dispersione</span> 
     </span>
    </p>
   </div>
   <div class='ocr_carea' id='block_1_4' title="bbox 105 1071 1194 2074">
    <p class='ocr_par' dir='ltr' id='par_1_4' title="bbox 105 1071 1194 2074">
     <span class='ocr_line' id='line_1_5' title="bbox 144 1071 1194 1145; baseline 0 -18"><span class='ocrx_word' id='word_1_31' title='bbox 144 1074 186 1128; x_wconf 90' lang='lat' dir='ltr'>Fr.</span> <span class='ocrx_word' id='word_1_32' title='bbox 198 1072 373 1128; x_wconf 88' lang='lat' dir='ltr'>iucundusa</span> <span class='ocrx_word' id='word_1_33' title='bbox 386 1073 547 1137; x_wconf 88' lang='lat' dir='ltr'>Montorio,</span> <span class='ocrx_word' id='word_1_34' title='bbox 557 1071 675 1127; x_wconf 85' lang='lat' dir='ltr'>Ordinis</span> <span class='ocrx_word' id='word_1_35' title='bbox 684 1071 758 1127; x_wconf 87' lang='lat' dir='ltr'>Min.</span> <span class='ocrx_word' id='word_1_36' title='bbox 768 1071 1007 1145; x_wconf 88' lang='lat' dir='ltr'>Capuccinorum</span> <span class='ocrx_word' id='word_1_37' title='bbox 1018 1072 1194 1127; x_wconf 86' lang='lat' dir='ltr'>Procurator</span> 
     </span>
     <span class='ocr_line' id='line_1_6' title="bbox 111 1142 1192 1223; baseline 0.001 -25"><span class='ocrx_word' id='word_1_38' title='bbox 111 1144 261 1210; x_wconf 86' lang='lat' dir='ltr'>Generalis,</span> <span class='ocrx_word' id='word_1_39' title='bbox 279 1144 315 1198; x_wconf 91' lang='lat' dir='ltr'>ad</span> <span class='ocrx_word' id='word_1_40' title='bbox 328 1143 416 1223; x_wconf 86' lang='lat' dir='ltr'>pedes</span> <span class='ocrx_word' id='word_1_41' title='bbox 434 1145 464 1199; x_wconf 85' lang='lat' dir='ltr'>S.</span> <span class='ocrx_word' id='word_1_42' title='bbox 481 1145 516 1199; x_wconf 91' lang='lat' dir='ltr'>V.</span> <span class='ocrx_word' id='word_1_43' title='bbox 531 1142 681 1199; x_wconf 90' lang='lat' dir='ltr'>humiliter</span> <span class='ocrx_word' id='word_1_44' title='bbox 694 1142 877 1216; x_wconf 85' lang='lat' dir='ltr'>provolutus,</span> <span class='ocrx_word' id='word_1_45' title='bbox 889 1143 925 1199; x_wconf 89' lang='lat' dir='ltr'>de</span> <span class='ocrx_word' id='word_1_46' title='bbox 944 1143 1032 1215; x_wconf 90' lang='lat' dir='ltr'>pleno</span> <span class='ocrx_word' id='word_1_47' title='bbox 1048 1159 1192 1200; x_wconf 90' lang='lat' dir='ltr'>consensu</span> 
     </span>
     <span class='ocr_line' id='line_1_7' title="bbox 111 1213 1192 1288; baseline 0.001 -18"><span class='ocrx_word' id='word_1_48' title='bbox 111 1215 249 1271; x_wconf 86' lang='lat' dir='ltr'>Generalis</span> <span class='ocrx_word' id='word_1_49' title='bbox 265 1213 401 1282; x_wconf 88' lang='lat' dir='ltr'>Ministri,</span> <span class='ocrx_word' id='word_1_50' title='bbox 418 1214 556 1287; x_wconf 84' lang='lat' dir='ltr'>exponit:</span> <span class='ocrx_word' id='word_1_51' title='bbox 585 1215 664 1287; x_wconf 91' lang='lat' dir='ltr'>quod</span> <span class='ocrx_word' id='word_1_52' title='bbox 689 1230 784 1287; x_wconf 87' lang='lat' dir='ltr'>nuper</span> <span class='ocrx_word' id='word_1_53' title='bbox 800 1213 938 1287; x_wconf 85' lang='lat' dir='ltr'>Religiosi</span> <span class='ocrx_word' id='word_1_54' title='bbox 958 1213 1116 1288; x_wconf 91' lang='lat' dir='ltr'>Capuccini</span> <span class='ocrx_word' id='word_1_55' title='bbox 1138 1217 1192 1271; x_wconf 91' lang='lat' dir='ltr'>sub</span> 
     </span>
     <span class='ocr_line' id='line_1_8' title="bbox 109 1285 1189 1359; baseline 0.002 -19"><span class='ocrx_word' id='word_1_56' title='bbox 109 1285 210 1343; x_wconf 90' lang='lat' dir='ltr'>ditione</span> <span class='ocrx_word' id='word_1_57' title='bbox 226 1285 366 1342; x_wconf 90' lang='lat' dir='ltr'>Gubernii</span> <span class='ocrx_word' id='word_1_58' title='bbox 379 1285 474 1358; x_wconf 83' lang='lat' dir='ltr'>gallici</span> <span class='ocrx_word' id='word_1_59' title='bbox 489 1303 505 1342; x_wconf 92' lang='lat' dir='ltr'>e</span> <span class='ocrx_word' id='word_1_60' title='bbox 521 1285 580 1341; x_wconf 91' lang='lat' dir='ltr'>suis</span> <span class='ocrx_word' id='word_1_61' title='bbox 594 1285 745 1342; x_wconf 91' lang='lat' dir='ltr'>coenobiis</span> <span class='ocrx_word' id='word_1_62' title='bbox 757 1285 817 1341; x_wconf 90' lang='lat' dir='ltr'>fere</span> <span class='ocrx_word' id='word_1_63' title='bbox 831 1303 934 1342; x_wconf 91' lang='lat' dir='ltr'>omnes</span> <span class='ocrx_word' id='word_1_64' title='bbox 944 1285 972 1340; x_wconf 92' lang='lat' dir='ltr'>vi</span> <span class='ocrx_word' id='word_1_65' title='bbox 987 1285 1100 1359; x_wconf 82' lang='lat' dir='ltr'>expulsi</span> <span class='ocrx_word' id='word_1_66' title='bbox 1112 1300 1189 1356; x_wconf 90' lang='lat' dir='ltr'>sunt,</span> 
     </span>
     <span class='ocr_line' id='line_1_9' title="bbox 109 1356 1191 1431; baseline 0.003 -20"><span class='ocrx_word' id='word_1_67' title='bbox 109 1370 132 1411; x_wconf 88' lang='lat' dir='ltr'>et</span> <span class='ocrx_word' id='word_1_68' title='bbox 151 1358 198 1413; x_wconf 90' lang='lat' dir='ltr'>alii</span> <span class='ocrx_word' id='word_1_69' title='bbox 210 1359 240 1413; x_wconf 93' lang='lat' dir='ltr'>in</span> <span class='ocrx_word' id='word_1_70' title='bbox 257 1357 432 1424; x_wconf 87' lang='lat' dir='ltr'>Helvetiam,</span> <span class='ocrx_word' id='word_1_71' title='bbox 454 1356 503 1412; x_wconf 93' lang='lat' dir='ltr'>alii</span> <span class='ocrx_word' id='word_1_72' title='bbox 526 1356 556 1411; x_wconf 91' lang='lat' dir='ltr'>in</span> <span class='ocrx_word' id='word_1_73' title='bbox 574 1356 697 1426; x_wconf 89' lang='lat' dir='ltr'>ltaliam,</span> <span class='ocrx_word' id='word_1_74' title='bbox 713 1356 763 1412; x_wconf 91' lang='lat' dir='ltr'>alii</span> <span class='ocrx_word' id='word_1_75' title='bbox 776 1356 836 1413; x_wconf 92' lang='lat' dir='ltr'>alio</span> <span class='ocrx_word' id='word_1_76' title='bbox 851 1369 1059 1431; x_wconf 81' lang='lat' dir='ltr'>perrexerunt3</span> <span class='ocrx_word' id='word_1_77' title='bbox 1076 1369 1104 1413; x_wconf 92' lang='lat' dir='ltr'>et</span> <span class='ocrx_word' id='word_1_78' title='bbox 1123 1375 1191 1414; x_wconf 92' lang='lat' dir='ltr'>con-</span> 
     </span>
     <span class='ocr_line' id='line_1_10' title="bbox 108 1427 1191 1510; baseline 0.002 -27"><span class='ocrx_word' id='word_1_79' title='bbox 108 1443 255 1501; x_wconf 86' lang='lat' dir='ltr'>sequenter</span> <span class='ocrx_word' id='word_1_80' title='bbox 266 1429 399 1485; x_wconf 89' lang='lat' dir='ltr'>novicios</span> <span class='ocrx_word' id='word_1_81' title='bbox 412 1429 491 1499; x_wconf 88' lang='lat' dir='ltr'>ipsos</span> <span class='ocrx_word' id='word_1_82' title='bbox 504 1445 603 1484; x_wconf 90' lang='lat' dir='ltr'>secuin</span> <span class='ocrx_word' id='word_1_83' title='bbox 618 1429 776 1484; x_wconf 84' lang='lat' dir='ltr'>duxerunt.</span> <span class='ocrx_word' id='word_1_84' title='bbox 798 1428 883 1485; x_wconf 88' lang='lat' dir='ltr'>Circa</span> <span class='ocrx_word' id='word_1_85' title='bbox 904 1427 985 1510; x_wconf 87' lang='lat' dir='ltr'>quod</span> <span class='ocrx_word' id='word_1_86' title='bbox 1008 1429 1039 1484; x_wconf 90' lang='lat' dir='ltr'>S.</span> <span class='ocrx_word' id='word_1_87' title='bbox 1063 1430 1191 1501; x_wconf 85' lang='lat' dir='ltr'>Congre-</span> 
     </span>
     <span class='ocr_line' id='line_1_11' title="bbox 107 1499 1191 1580; baseline 0.005 -26"><span class='ocrx_word' id='word_1_88' title='bbox 107 1501 176 1568; x_wconf 73' lang='lat' dir='ltr'>gatio</span> <span class='ocrx_word' id='word_1_89' title='bbox 191 1501 407 1575; x_wconf 86' lang='lat' dir='ltr'>Episcoporum</span> <span class='ocrx_word' id='word_1_90' title='bbox 422 1511 450 1555; x_wconf 90' lang='lat' dir='ltr'>et</span> <span class='ocrx_word' id='word_1_91' title='bbox 466 1500 655 1580; x_wconf 79' lang='lat' dir='ltr'>Regularium</span> <span class='ocrx_word' id='word_1_92' title='bbox 678 1502 732 1557; x_wconf 87' lang='lat' dir='ltr'>sub</span> <span class='ocrx_word' id='word_1_93' title='bbox 752 1499 799 1556; x_wconf 90' lang='lat' dir='ltr'>die</span> <span class='ocrx_word' id='word_1_94' title='bbox 815 1501 847 1556; x_wconf 83' lang='lat'>23</span> <span class='ocrx_word' id='word_1_95' title='bbox 862 1499 936 1555; x_wconf 91' lang='lat' dir='ltr'>iunii</span> <span class='ocrx_word' id='word_1_96' title='bbox 962 1500 1030 1556; x_wconf 87' lang='lat'>1880</span> <span class='ocrx_word' id='word_1_97' title='bbox 1042 1501 1078 1555; x_wconf 90' lang='lat' dir='ltr'>ad</span> <span class='ocrx_word' id='word_1_98' title='bbox 1091 1518 1191 1573; x_wconf 89' lang='lat' dir='ltr'>preces</span> 
     </span>
     <span class='ocr_line' id='line_1_12' title="bbox 109 1570 1191 1638; baseline 0.005 -13"><span class='ocrx_word' id='word_1_99' title='bbox 109 1573 137 1626; x_wconf 89' lang='lat' dir='ltr'>P.</span> <span class='ocrx_word' id='word_1_100' title='bbox 161 1570 360 1628; x_wconf 90' lang='lat' dir='ltr'>Commissarii</span> <span class='ocrx_word' id='word_1_101' title='bbox 389 1571 539 1627; x_wconf 82' lang='lat' dir='ltr'>Generalis</span> <span class='ocrx_word' id='word_1_102' title='bbox 566 1571 711 1627; x_wconf 87' lang='lat' dir='ltr'>Francisci</span> <span class='ocrx_word' id='word_1_103' title='bbox 740 1572 776 1626; x_wconf 90' lang='lat' dir='ltr'>de</span> <span class='ocrx_word' id='word_1_104' title='bbox 804 1570 1018 1638; x_wconf 90' lang='lat' dir='ltr'>Villa-Franca,</span> <span class='ocrx_word' id='word_1_105' title='bbox 1050 1571 1191 1630; x_wconf 85' lang='lat' dir='ltr'>Ministris</span> 
     </span>
     <span class='ocr_line' id='line_1_13' title="bbox 107 1641 1191 1715; baseline 0.002 -17"><span class='ocrx_word' id='word_1_106' title='bbox 107 1642 271 1709; x_wconf 89' lang='lat' dir='ltr'>Galliarum,</span> <span class='ocrx_word' id='word_1_107' title='bbox 295 1641 430 1699; x_wconf 88' lang='lat' dir='ltr'>Corsicae</span> <span class='ocrx_word' id='word_1_108' title='bbox 454 1655 481 1698; x_wconf 87' lang='lat' dir='ltr'>et</span> <span class='ocrx_word' id='word_1_109' title='bbox 504 1642 668 1699; x_wconf 88' lang='lat' dir='ltr'>Sabaudiae</span> <span class='ocrx_word' id='word_1_110' title='bbox 690 1642 833 1700; x_wconf 88' lang='lat' dir='ltr'>concessit</span> <span class='ocrx_word' id='word_1_111' title='bbox 847 1643 980 1715; x_wconf 86' lang='lat' dir='ltr'>gratiam,</span> <span class='ocrx_word' id='word_1_112' title='bbox 994 1643 1078 1698; x_wconf 88' lang='lat' dir='ltr'>cuius</span> <span class='ocrx_word' id='word_1_113' title='bbox 1092 1643 1191 1715; x_wconf 84' lang='lat' dir='ltr'>vigore</span> 
     </span>
     <span class='ocr_line' id='line_1_14' title="bbox 107 1713 1191 1787; baseline 0.004 -19"><span class='ocrx_word' id='word_1_114' title='bbox 107 1714 205 1772; x_wconf 91' lang='lat' dir='ltr'>novicii</span> <span class='ocrx_word' id='word_1_115' title='bbox 215 1713 365 1771; x_wconf 83' lang='lat' dir='ltr'>transferri</span> <span class='ocrx_word' id='word_1_116' title='bbox 379 1725 497 1787; x_wconf 90' lang='lat' dir='ltr'>possent</span> <span class='ocrx_word' id='word_1_117' title='bbox 515 1713 583 1782; x_wconf 93' lang='lat' dir='ltr'>alio,</span> <span class='ocrx_word' id='word_1_118' title='bbox 600 1715 710 1787; x_wconf 90' lang='lat' dir='ltr'>absque</span> <span class='ocrx_word' id='word_1_119' title='bbox 723 1731 828 1771; x_wconf 90' lang='lat' dir='ltr'>eorum</span> <span class='ocrx_word' id='word_1_120' title='bbox 841 1713 999 1770; x_wconf 88' lang='lat' dir='ltr'>novitiatus</span> <span class='ocrx_word' id='word_1_121' title='bbox 1017 1731 1068 1770; x_wconf 90' lang='lat' dir='ltr'>seu</span> <span class='ocrx_word' id='word_1_122' title='bbox 1086 1717 1191 1787; x_wconf 89' lang='lat' dir='ltr'>proba·</span> 
     </span>
     <span class='ocr_line' id='line_1_15' title="bbox 106 1784 1189 1867; baseline 0.003 -27"><span class='ocrx_word' id='word_1_123' title='bbox 106 1785 185 1842; x_wconf 87' lang='lat' dir='ltr'>tionis</span> <span class='ocrx_word' id='word_1_124' title='bbox 206 1785 430 1867; x_wconf 88' lang='lat' dir='ltr'>interruptione.</span> <span class='ocrx_word' id='word_1_125' title='bbox 457 1785 534 1840; x_wconf 91' lang='lat' dir='ltr'>Cum</span> <span class='ocrx_word' id='word_1_126' title='bbox 558 1787 676 1842; x_wconf 90' lang='lat' dir='ltr'>eaedem</span> <span class='ocrx_word' id='word_1_127' title='bbox 698 1802 778 1841; x_wconf 91' lang='lat' dir='ltr'>nunc</span> <span class='ocrx_word' id='word_1_128' title='bbox 797 1785 923 1841; x_wconf 91' lang='lat' dir='ltr'>militent</span> <span class='ocrx_word' id='word_1_129' title='bbox 945 1784 1189 1854; x_wconf 79' lang='lat' dir='ltr'>circumstantiae,</span> 
     </span>
     <span class='ocr_line' id='line_1_16' title="bbox 106 1855 1191 1939; baseline 0.002 -27"><span class='ocrx_word' id='word_1_130' title='bbox 106 1869 195 1913; x_wconf 88' lang='lat' dir='ltr'>orator</span> <span class='ocrx_word' id='word_1_131' title='bbox 219 1858 300 1913; x_wconf 91' lang='lat' dir='ltr'>idem</span> <span class='ocrx_word' id='word_1_132' title='bbox 321 1856 459 1938; x_wconf 84' lang='lat' dir='ltr'>implorat</span> <span class='ocrx_word' id='word_1_133' title='bbox 486 1857 633 1912; x_wconf 91' lang='lat' dir='ltr'>indultum</span> <span class='ocrx_word' id='word_1_134' title='bbox 658 1858 695 1912; x_wconf 87' lang='lat' dir='ltr'>ab</span> <span class='ocrx_word' id='word_1_135' title='bbox 722 1856 892 1932; x_wconf 88' lang='lat' dir='ltr'>Apostolica</span> <span class='ocrx_word' id='word_1_136' title='bbox 920 1855 1108 1929; x_wconf 80' lang='lat' dir='ltr'>benignitate,</span> <span class='ocrx_word' id='word_1_137' title='bbox 1137 1877 1191 1939; x_wconf 87' lang='lat' dir='ltr'>pro</span> 
     </span>
     <span class='ocr_line' id='line_1_17' title="bbox 106 1927 1190 1999; baseline 0.003 -17"><span class='ocrx_word' id='word_1_138' title='bbox 106 1930 259 1985; x_wconf 90' lang='lat' dir='ltr'>earundem</span> <span class='ocrx_word' id='word_1_139' title='bbox 283 1928 504 1984; x_wconf 90' lang='lat' dir='ltr'>Provinciarum</span> <span class='ocrx_word' id='word_1_140' title='bbox 521 1927 652 1997; x_wconf 78' lang='lat' dir='ltr'>noviciis,</span> <span class='ocrx_word' id='word_1_141' title='bbox 663 1941 690 1984; x_wconf 89' lang='lat' dir='ltr'>et</span> <span class='ocrx_word' id='word_1_142' title='bbox 701 1929 724 1985; x_wconf 92' lang='lat' dir='ltr'>si</span> <span class='ocrx_word' id='word_1_143' title='bbox 738 1928 846 1986; x_wconf 91' lang='lat' dir='ltr'>novicii</span> <span class='ocrx_word' id='word_1_144' title='bbox 856 1927 915 1983; x_wconf 90' lang='lat' dir='ltr'>iam</span> <span class='ocrx_word' id='word_1_145' title='bbox 926 1928 1059 1984; x_wconf 87' lang='lat' dir='ltr'>translati</span> <span class='ocrx_word' id='word_1_146' title='bbox 1073 1927 1190 1999; x_wconf 89' lang='lat' dir='ltr'>fuerint,</span> 
     </span>
     <span class='ocr_line' id='line_1_18' title="bbox 105 1999 942 2074; baseline 0.001 -19"><span class='ocrx_word' id='word_1_147' title='bbox 105 2001 198 2056; x_wconf 89' lang='lat' dir='ltr'>eadem</span> <span class='ocrx_word' id='word_1_148' title='bbox 208 2000 312 2074; x_wconf 86' lang='lat' dir='ltr'>gratia,</span> <span class='ocrx_word' id='word_1_149' title='bbox 328 2012 494 2073; x_wconf 87' lang='lat' dir='ltr'>opportuna</span> <span class='ocrx_word' id='word_1_150' title='bbox 508 1999 660 2056; x_wconf 90' lang='lat' dir='ltr'>sanatione</span> <span class='ocrx_word' id='word_1_151' title='bbox 674 2002 802 2073; x_wconf 84' lang='lat' dir='ltr'>gaudere</span> <span class='ocrx_word' id='word_1_152' title='bbox 817 1999 942 2056; x_wconf 89' lang='lat' dir='ltr'>valeant.</span> 
     </span>
    </p>
   </div>
   <div class='ocr_carea' id='block_1_5' title="bbox 136 2085 343 2152">
    <p class='ocr_par' dir='ltr' id='par_1_5' title="bbox 136 2085 343 2152">
     <span class='ocr_line' id='line_1_19' title="bbox 136 2085 343 2152; baseline 0.005 -13"><span class='ocrx_word' id='word_1_153' title='bbox 136 2085 170 2139; x_wconf 89' lang='lat' dir='ltr'>Et</span> <span class='ocrx_word' id='word_1_154' title='bbox 184 2086 274 2152; x_wconf 85' lang='lat' dir='ltr'>Deus,</span> <span class='ocrx_word' id='word_1_155' title='bbox 288 2095 343 2140; x_wconf 87' lang='lat' dir='ltr'>etc.</span> 
     </span>
    </p>
   </div>
   <div class='ocr_carea' id='block_1_6' title="bbox 104 2164 1191 2319">
    <p class='ocr_par' dir='ltr' id='par_1_6' title="bbox 104 2164 1191 2319">
     <span class='ocr_line' id='line_1_20' title="bbox 134 2164 1189 2241; baseline 0 -19"><span class='ocrx_word' id='word_1_156' title='bbox 134 2168 241 2241; x_wconf 85' lang='lat' dir='ltr'>Vigore</span> <span class='ocrx_word' id='word_1_157' title='bbox 264 2166 435 2241; x_wconf 88' lang='lat' dir='ltr'>specialium</span> <span class='ocrx_word' id='word_1_158' title='bbox 449 2166 621 2223; x_wconf 89' lang='lat' dir='ltr'>facultatum</span> <span class='ocrx_word' id='word_1_159' title='bbox 634 2184 651 2222; x_wconf 91' lang='lat' dir='ltr'>a</span> <span class='ocrx_word' id='word_1_160' title='bbox 665 2164 744 2223; x_wconf 74' lang='lat' dir='ltr'><strong>SSm⁶</strong></span> <span class='ocrx_word' id='word_1_161' title='bbox 761 2170 816 2223; x_wconf 76' lang='lat' dir='ltr'>Dn⁰</span> <span class='ocrx_word' id='word_1_162' title='bbox 842 2170 951 2223; x_wconf 90' lang='lat' dir='ltr'>Nostro</span> <span class='ocrx_word' id='word_1_163' title='bbox 975 2183 1189 2232; x_wconf 82' lang='lat' dir='ltr'>concessarum,</span> 
     </span>
     <span class='ocr_line' id='line_1_21' title="bbox 104 2237 1191 2319; baseline 0 -25"><span class='ocrx_word' id='word_1_164' title='bbox 104 2240 182 2296; x_wconf 86' lang='lat' dir='ltr'>Sacra</span> <span class='ocrx_word' id='word_1_165' title='bbox 196 2239 396 2319; x_wconf 78' lang='lat' dir='ltr'>congregatio</span> <span class='ocrx_word' id='word_1_166' title='bbox 412 2239 521 2294; x_wconf 67' lang='lat' dir='ltr'>Eurorum</span> <span class='ocrx_word' id='word_1_167' title='bbox 534 2251 562 2294; x_wconf 92' lang='lat' dir='ltr'>et</span> <span class='ocrx_word' id='word_1_168' title='bbox 578 2241 687 2295; x_wconf 72' lang='lat' dir='ltr'>Rm⁰1¹¹¹²²</span> <span class='ocrx_word' id='word_1_169' title='bbox 700 2240 730 2295; x_wconf 90' lang='lat' dir='ltr'>S.</span> <span class='ocrx_word' id='word_1_170' title='bbox 750 2241 785 2295; x_wconf 91' lang='lat' dir='ltr'>R.</span> <span class='ocrx_word' id='word_1_171' title='bbox 801 2241 836 2295; x_wconf 88' lang='lat' dir='ltr'>E.</span> <span class='ocrx_word' id='word_1_172' title='bbox 852 2237 1053 2295; x_wconf 87' lang='lat' dir='ltr'>Cardinalium</span> <span class='ocrx_word' id='word_1_173' title='bbox 1068 2239 1191 2310; x_wconf 84' lang='lat' dir='ltr'>negotiis</span> 
     </span>
    </p>
   </div>
   <div class='ocr_carea' id='block_1_7' title="bbox 104 2309 1208 2383">
    <p class='ocr_par' dir='ltr' id='par_1_7' title="bbox 104 2309 1208 2383">
     <span class='ocr_line' id='line_1_22' title="bbox 104 2309 1208 2383; baseline 0.002 -19"><span class='ocrx_word' id='word_1_174' title='bbox 104 2323 127 2364; x_wconf 89' lang='lat' dir='ltr'>et</span> <span class='ocrx_word' id='word_1_175' title='bbox 136 2310 401 2367; x_wconf 88' lang='lat' dir='ltr'>consultationibus</span> <span class='ocrx_word' id='word_1_176' title='bbox 413 2309 630 2383; x_wconf 88' lang='lat' dir='ltr'>Episcoporum</span> <span class='ocrx_word' id='word_1_177' title='bbox 640 2322 668 2366; x_wconf 92' lang='lat' dir='ltr'>et</span> <span class='ocrx_word' id='word_1_178' title='bbox 683 2310 874 2382; x_wconf 86' lang='lat' dir='ltr'>Regularium</span> <span class='ocrx_word' id='word_1_179' title='bbox 885 2327 954 2383; x_wconf 90' lang='lat' dir='ltr'>prae</span> <span class='ocrx_word' id='word_1_180' title='bbox 975 2311 1059 2375; x_wconf 89' lang='lat' dir='ltr'>osita,</span> <span class='ocrx_word' id='word_1_181' title='bbox 1074 2310 1191 2366; x_wconf 88' lang='lat' dir='ltr'>attentis</span> <span class='ocrx_word' id='word_1_182' title='bbox 1206 2312 1208 2317; x_wconf 81' lang='grc'>’</span> 
     </span>
    </p>
   </div>
   <div class='ocr_carea' id='block_1_8' title="bbox 103 2380 1191 3169">
    <p class='ocr_par' dir='ltr' id='par_1_8' title="bbox 103 2380 1191 3169">
     <span class='ocr_line' id='line_1_23' title="bbox 104 2380 1187 2455; baseline 0 -19"><span class='ocrx_word' id='word_1_183' title='bbox 104 2382 228 2455; x_wconf 90' lang='lat' dir='ltr'>precibus</span> <span class='ocrx_word' id='word_1_184' title='bbox 257 2384 290 2438; x_wconf 88' lang='lat' dir='ltr'>P.</span> <span class='ocrx_word' id='word_1_185' title='bbox 308 2380 509 2438; x_wconf 76' lang='lat' dir='ltr'>procuratoris</span> <span class='ocrx_word' id='word_1_186' title='bbox 524 2381 672 2438; x_wconf 87' lang='lat' dir='ltr'>Generalis</span> <span class='ocrx_word' id='word_1_187' title='bbox 697 2381 817 2438; x_wconf 89' lang='lat' dir='ltr'>Ordinis</span> <span class='ocrx_word' id='word_1_188' title='bbox 843 2381 918 2439; x_wconf 91' lang='lat' dir='ltr'>Min.</span> <span class='ocrx_word' id='word_1_189' title='bbox 966 2381 1187 2455; x_wconf 89' lang='lat' dir='ltr'>apuccinorum,</span> 
     </span>
     <span class='ocr_line' id='line_1_24' title="bbox 104 2453 1188 2529; baseline 0 -21"><span class='ocrx_word' id='word_1_190' title='bbox 104 2455 274 2511; x_wconf 89' lang='lat' dir='ltr'>necessarias</span> <span class='ocrx_word' id='word_1_191' title='bbox 293 2466 321 2510; x_wconf 90' lang='lat' dir='ltr'>et</span> <span class='ocrx_word' id='word_1_192' title='bbox 342 2466 524 2529; x_wconf 89' lang='lat' dir='ltr'>opportunas</span> <span class='ocrx_word' id='word_1_193' title='bbox 538 2453 688 2511; x_wconf 88' lang='lat' dir='ltr'>facultates</span> <span class='ocrx_word' id='word_1_194' title='bbox 704 2457 736 2511; x_wconf 94' lang='lat' dir='ltr'>P.</span> <span class='ocrx_word' id='word_1_195' title='bbox 764 2454 901 2511; x_wconf 91' lang='lat' dir='ltr'>Ministro</span> <span class='ocrx_word' id='word_1_196' title='bbox 921 2454 1055 2510; x_wconf 90' lang='lat' dir='ltr'>Generali</span> <span class='ocrx_word' id='word_1_197' title='bbox 1077 2454 1188 2523; x_wconf 90' lang='lat' dir='ltr'>tribuit,</span> 
     </span>
     <span class='ocr_line' id='line_1_25' title="bbox 104 2524 1190 2597; baseline 0.002 -18"><span class='ocrx_word' id='word_1_198' title='bbox 104 2543 220 2597; x_wconf 88' lang='lat' dir='ltr'>quarum</span> <span class='ocrx_word' id='word_1_199' title='bbox 233 2526 265 2581; x_wconf 94' lang='lat' dir='ltr'>vi</span> <span class='ocrx_word' id='word_1_200' title='bbox 279 2525 430 2597; x_wconf 83' lang='lat' dir='ltr'>indulgere</span> <span class='ocrx_word' id='word_1_201' title='bbox 444 2525 546 2593; x_wconf 89' lang='lat' dir='ltr'>valeat,</span> <span class='ocrx_word' id='word_1_202' title='bbox 572 2538 605 2580; x_wconf 90' lang='lat' dir='ltr'>ut</span> <span class='ocrx_word' id='word_1_203' title='bbox 619 2524 725 2581; x_wconf 91' lang='lat' dir='ltr'>novicii</span> <span class='ocrx_word' id='word_1_204' title='bbox 746 2526 791 2581; x_wconf 91' lang='lat' dir='ltr'>sui</span> <span class='ocrx_word' id='word_1_205' title='bbox 813 2525 932 2581; x_wconf 90' lang='lat' dir='ltr'>Ordinis</span> <span class='ocrx_word' id='word_1_206' title='bbox 952 2524 982 2579; x_wconf 93' lang='lat' dir='ltr'>in</span> <span class='ocrx_word' id='word_1_207' title='bbox 996 2526 1090 2581; x_wconf 87' lang='lat' dir='ltr'>Gallia</span> <span class='ocrx_word' id='word_1_208' title='bbox 1104 2524 1190 2581; x_wconf 81' lang='lat' dir='ltr'>ersis·</span> 
     </span>
     <span class='ocr_line' id='line_1_26' title="bbox 103 2595 1191 2667; baseline 0 -16"><span class='ocrx_word' id='word_1_209' title='bbox 103 2609 195 2667; x_wconf 89' lang='lat' dir='ltr'>tentes,</span> <span class='ocrx_word' id='word_1_210' title='bbox 222 2615 238 2653; x_wconf 90' lang='lat' dir='ltr'>e</span> <span class='ocrx_word' id='word_1_211' title='bbox 262 2597 398 2653; x_wconf 88' lang='lat' dir='ltr'>domibus</span> <span class='ocrx_word' id='word_1_212' title='bbox 420 2596 591 2666; x_wconf 90' lang='lat' dir='ltr'>noviciatus,</span> <span class='ocrx_word' id='word_1_213' title='bbox 616 2608 729 2653; x_wconf 86' lang='lat' dir='ltr'>mutato</span> <span class='ocrx_word' id='word_1_214' title='bbox 756 2597 844 2652; x_wconf 88' lang='lat' dir='ltr'>etiarn</span> <span class='ocrx_word' id='word_1_215' title='bbox 867 2596 898 2651; x_wconf 90' lang='lat' dir='ltr'>in</span> <span class='ocrx_word' id='word_1_216' title='bbox 921 2595 1013 2652; x_wconf 90' lang='lat' dir='ltr'>alium</span> <span class='ocrx_word' id='word_1_217' title='bbox 1040 2598 1191 2653; x_wconf 89' lang='lat' dir='ltr'>decentem</span> 
     </span>
     <span class='ocr_line' id='line_1_27' title="bbox 103 2667 1190 2741; baseline 0.002 -20"><span class='ocrx_word' id='word_1_218' title='bbox 103 2668 194 2725; x_wconf 90' lang='lat' dir='ltr'>habitu</span> <span class='ocrx_word' id='word_1_219' title='bbox 207 2668 360 2739; x_wconf 86' lang='lat' dir='ltr'>religioso,</span> <span class='ocrx_word' id='word_1_220' title='bbox 375 2669 398 2723; x_wconf 91' lang='lat' dir='ltr'>si</span> <span class='ocrx_word' id='word_1_221' title='bbox 408 2668 563 2724; x_wconf 88' lang='lat' dir='ltr'>necessitas</span> <span class='ocrx_word' id='word_1_222' title='bbox 577 2668 606 2722; x_wconf 91' lang='lat' dir='ltr'>id</span> <span class='ocrx_word' id='word_1_223' title='bbox 619 2669 726 2741; x_wconf 84' lang='lat' dir='ltr'>exigat,</span> <span class='ocrx_word' id='word_1_224' title='bbox 736 2668 887 2725; x_wconf 87' lang='lat' dir='ltr'>alioextra</span> <span class='ocrx_word' id='word_1_225' title='bbox 901 2667 1028 2724; x_wconf 88' lang='lat' dir='ltr'>Galliam</span> <span class='ocrx_word' id='word_1_226' title='bbox 1041 2668 1190 2724; x_wconf 88' lang='lat' dir='ltr'>transferri</span> 
     </span>
     <span class='ocr_line' id='line_1_28' title="bbox 103 2738 1190 2813; baseline -0.002 -18"><span class='ocrx_word' id='word_1_227' title='bbox 103 2740 214 2811; x_wconf 90' lang='lat' dir='ltr'>possint,</span> <span class='ocrx_word' id='word_1_228' title='bbox 239 2740 272 2795; x_wconf 94' lang='lat' dir='ltr'>in</span> <span class='ocrx_word' id='word_1_229' title='bbox 287 2739 387 2796; x_wconf 90' lang='lat' dir='ltr'>locum</span> <span class='ocrx_word' id='word_1_230' title='bbox 400 2750 498 2795; x_wconf 88' lang='lat' dir='ltr'>tamen</span> <span class='ocrx_word' id='word_1_231' title='bbox 511 2740 562 2795; x_wconf 90' lang='lat' dir='ltr'>ubi</span> <span class='ocrx_word' id='word_1_232' title='bbox 581 2739 681 2795; x_wconf 91' lang='lat' dir='ltr'>omnia</span> <span class='ocrx_word' id='word_1_233' title='bbox 694 2739 858 2795; x_wconf 88' lang='lat' dir='ltr'>habeantur</span> <span class='ocrx_word' id='word_1_234' title='bbox 872 2756 948 2811; x_wconf 89' lang='lat' dir='ltr'>quae</span> <span class='ocrx_word' id='word_1_235' title='bbox 968 2757 1022 2813; x_wconf 92' lang='lat' dir='ltr'>pro</span> <span class='ocrx_word' id='word_1_236' title='bbox 1043 2738 1190 2795; x_wconf 90' lang='lat' dir='ltr'>noviciatu</span> 
     </span>
     <span class='ocr_line' id='line_1_29' title="bbox 103 2810 1190 2893; baseline 0.003 -30"><span class='ocrx_word' id='word_1_237' title='bbox 103 2812 297 2884; x_wconf 90' lang='lat' dir='ltr'>requiruntur,</span> <span class='ocrx_word' id='word_1_238' title='bbox 313 2810 343 2866; x_wconf 93' lang='lat' dir='ltr'>in</span> <span class='ocrx_word' id='word_1_239' title='bbox 362 2827 457 2884; x_wconf 91' lang='lat' dir='ltr'>eoque</span> <span class='ocrx_word' id='word_1_240' title='bbox 471 2811 658 2879; x_wconf 89' lang='lat' dir='ltr'>noviciatum,</span> <span class='ocrx_word' id='word_1_241' title='bbox 674 2811 747 2885; x_wconf 91' lang='lat' dir='ltr'>quin</span> <span class='ocrx_word' id='word_1_242' title='bbox 767 2828 819 2893; x_wconf 90' lang='lat' dir='ltr'>per</span> <span class='ocrx_word' id='word_1_243' title='bbox 831 2810 990 2883; x_wconf 88' lang='lat' dir='ltr'>praemissa</span> <span class='ocrx_word' id='word_1_244' title='bbox 1010 2810 1190 2883; x_wconf 87' lang='lat' dir='ltr'>interruptus</span> 
     </span>
     <span class='ocr_line' id='line_1_30' title="bbox 103 2881 1189 2954; baseline 0.003 -19"><span class='ocrx_word' id='word_1_245' title='bbox 103 2883 204 2939; x_wconf 90' lang='lat' dir='ltr'>censeri</span> <span class='ocrx_word' id='word_1_246' title='bbox 219 2884 337 2950; x_wconf 87' lang='lat' dir='ltr'>debeat,</span> <span class='ocrx_word' id='word_1_247' title='bbox 363 2881 533 2954; x_wconf 90' lang='lat' dir='ltr'>perficiant;</span> <span class='ocrx_word' id='word_1_248' title='bbox 548 2882 622 2938; x_wconf 91' lang='lat' dir='ltr'>facta</span> <span class='ocrx_word' id='word_1_249' title='bbox 635 2899 735 2938; x_wconf 90' lang='lat' dir='ltr'>veroa</span> <span class='ocrx_word' id='word_1_250' title='bbox 751 2881 873 2954; x_wconf 86' lang='lat' dir='ltr'>singulis</span> <span class='ocrx_word' id='word_1_251' title='bbox 895 2882 1017 2938; x_wconf 92' lang='lat' dir='ltr'>noviciis</span> <span class='ocrx_word' id='word_1_252' title='bbox 1040 2896 1108 2939; x_wconf 89' lang='lat' dir='ltr'>ante</span> <span class='ocrx_word' id='word_1_253' title='bbox 1126 2899 1189 2954; x_wconf 89' lang='lat' dir='ltr'>pro·</span> 
     </span>
     <span class='ocr_line' id='line_1_31' title="bbox 103 2952 1189 3026; baseline 0.004 -20"><span class='ocrx_word' id='word_1_254' title='bbox 103 2952 252 3010; x_wconf 89' lang='lat' dir='ltr'>lessionem</span> <span class='ocrx_word' id='word_1_255' title='bbox 265 2954 464 3009; x_wconf 88' lang='lat' dir='ltr'>declaratione</span> <span class='ocrx_word' id='word_1_256' title='bbox 483 2953 513 3008; x_wconf 94' lang='lat' dir='ltr'>in</span> <span class='ocrx_word' id='word_1_257' title='bbox 537 2954 649 3026; x_wconf 91' lang='lat' dir='ltr'>scriptis</span> <span class='ocrx_word' id='word_1_258' title='bbox 671 2972 733 3011; x_wconf 90' lang='lat' dir='ltr'>sese</span> <span class='ocrx_word' id='word_1_259' title='bbox 755 2954 812 3009; x_wconf 91' lang='lat' dir='ltr'>hoc</span> <span class='ocrx_word' id='word_1_260' title='bbox 824 2952 940 3009; x_wconf 90' lang='lat' dir='ltr'>indulto</span> <span class='ocrx_word' id='word_1_261' title='bbox 955 2954 998 3009; x_wconf 92' lang='lat' dir='ltr'>uti</span> <span class='ocrx_word' id='word_1_262' title='bbox 1015 2952 1098 3021; x_wconf 88' lang='lat' dir='ltr'>velle,</span> <span class='ocrx_word' id='word_1_263' title='bbox 1113 2969 1189 3026; x_wconf 93' lang='lat' dir='ltr'>quae</span> 
     </span>
     <span class='ocr_line' id='line_1_32' title="bbox 103 3024 1189 3099; baseline 0 -20"><span class='ocrx_word' id='word_1_264' title='bbox 103 3026 251 3081; x_wconf 90' lang='lat' dir='ltr'>declaratio</span> <span class='ocrx_word' id='word_1_265' title='bbox 274 3026 442 3081; x_wconf 90' lang='lat' dir='ltr'>adnotanda</span> <span class='ocrx_word' id='word_1_266' title='bbox 464 3024 518 3080; x_wconf 91' lang='lat' dir='ltr'>erit</span> <span class='ocrx_word' id='word_1_267' title='bbox 540 3024 569 3080; x_wconf 91' lang='lat' dir='ltr'>in</span> <span class='ocrx_word' id='word_1_268' title='bbox 599 3025 680 3081; x_wconf 91' lang='lat' dir='ltr'>libris</span> <span class='ocrx_word' id='word_1_269' title='bbox 703 3024 921 3099; x_wconf 88' lang='lat' dir='ltr'>professionum</span> <span class='ocrx_word' id='word_1_270' title='bbox 943 3037 972 3081; x_wconf 88' lang='lat' dir='ltr'>et</span> <span class='ocrx_word' id='word_1_271' title='bbox 993 3036 1076 3080; x_wconf 90' lang='lat' dir='ltr'>caute</span> <span class='ocrx_word' id='word_1_272' title='bbox 1099 3041 1189 3081; x_wconf 91' lang='lat' dir='ltr'>asser-</span> 
     </span>
     <span class='ocr_line' id='line_1_33' title="bbox 103 3095 903 3169; baseline 0.004 -20"><span class='ocrx_word' id='word_1_273' title='bbox 103 3099 196 3153; x_wconf 90' lang='lat' dir='ltr'>vanda.</span> <span class='ocrx_word' id='word_1_274' title='bbox 212 3096 375 3153; x_wconf 89' lang='lat' dir='ltr'>Contrariis</span> <span class='ocrx_word' id='word_1_275' title='bbox 388 3095 903 3169; x_wconf 84' lang='lat' dir='ltr'>quibuscumquenonobstantibus.</span> 
     </span>
    </p>
   </div>
   <div class='ocr_carea' id='block_1_9' title="bbox 135 3178 1152 3322">
    <p class='ocr_par' dir='ltr' id='par_1_9' title="bbox 135 3178 1152 3322">
     <span class='ocr_line' id='line_1_34' title="bbox 135 3178 469 3252; baseline -0.006 -15"><span class='ocrx_word' id='word_1_276' title='bbox 135 3183 244 3237; x_wconf 86' lang='lat' dir='ltr'>Romae</span> <span class='ocrx_word' id='word_1_277' title='bbox 261 3180 293 3235; x_wconf 87' lang='lat'>16</span> <span class='ocrx_word' id='word_1_278' title='bbox 306 3178 376 3235; x_wconf 91' lang='lat' dir='ltr'>maii</span> <span class='ocrx_word' id='word_1_279' title='bbox 394 3180 469 3252; x_wconf 78' lang='lat'>1903.</span> 
     </span>
     <span class='ocr_line' id='line_1_35' title="bbox 627 3251 1152 3322; baseline -0.004 -15"><span class='ocrx_word' id='word_1_280' title='bbox 627 3253 663 3306; x_wconf 92' lang='lat' dir='ltr'>D.</span> <span class='ocrx_word' id='word_1_281' title='bbox 683 3252 770 3307; x_wconf 84' lang='lat' dir='ltr'>Card.</span> <span class='ocrx_word' id='word_1_282' title='bbox 793 3252 943 3319; x_wconf 75' lang='lat' dir='ltr'>Fenniri,</span> <span class='ocrx_word' id='word_1_283' title='bbox 966 3251 1152 3322; x_wconf 81' lang='lat' dir='ltr'>Praefectus.</span> 
     </span>
    </p>
   </div>
   <div class='ocr_carea' id='block_1_10' title="bbox 682 3334 1093 3404">
    <p class='ocr_par' dir='ltr' id='par_1_10' title="bbox 682 3334 1093 3404">
     <span class='ocr_line' id='line_1_36' title="bbox 682 3334 1093 3404; baseline 0.002 -14"><span class='ocrx_word' id='word_1_284' title='bbox 682 3337 719 3391; x_wconf 90' lang='lat' dir='ltr'>P.</span> <span class='ocrx_word' id='word_1_285' title='bbox 743 3334 884 3404; x_wconf 82' lang='lat' dir='ltr'>Giusrini,</span> <span class='ocrx_word' id='word_1_286' title='bbox 905 3336 1093 3391; x_wconf 84' lang='lat' dir='ltr'>Secretariis.</span> 
     </span>
    </p>
   </div>
   <div class='ocr_carea' id='block_1_11' title="bbox 553 3484 731 3538">
    <p class='ocr_par' dir='ltr' id='par_1_11' title="bbox 553 3484 731 3538">
     <span class='ocr_line' id='line_1_37' title="bbox 553 3484 731 3538; baseline 0.011 -3"><span class='ocrx_word' id='word_1_287' title='bbox 553 3484 731 3538; x_wconf 80' lang='lat' dir='ltr'>Anivoririo</span> 
     </span>
    </p>
   </div>
   <div class='ocr_carea' id='block_1_12' title="bbox 133 3600 1188 3678">
    <p class='ocr_par' dir='ltr' id='par_1_12' title="bbox 133 3600 1188 3678">
     <span class='ocr_line' id='line_1_38' title="bbox 133 3600 1188 3678; baseline 0.004 -23"><span class='ocrx_word' id='word_1_288' title='bbox 133 3600 173 3655; x_wconf 82' lang='lat' dir='ltr'>Ex</span> <span class='ocrx_word' id='word_1_289' title='bbox 183 3600 268 3657; x_wconf 91' lang='lat' dir='ltr'>dictis</span> <span class='ocrx_word' id='word_1_290' title='bbox 281 3612 342 3656; x_wconf 91' lang='lat' dir='ltr'>tam</span> <span class='ocrx_word' id='word_1_291' title='bbox 352 3600 383 3655; x_wconf 93' lang='lat' dir='ltr'>in</span> <span class='ocrx_word' id='word_1_292' title='bbox 396 3600 493 3675; x_wconf 89' lang='lat' dir='ltr'>priore</span> <span class='ocrx_word' id='word_1_293' title='bbox 503 3614 585 3658; x_wconf 91' lang='lat' dir='ltr'>tomo</span> <span class='ocrx_word' id='word_1_294' title='bbox 599 3603 647 3659; x_wconf 86' lang='lat' dir='ltr'>De</span> <span class='ocrx_word' id='word_1_295' title='bbox 660 3603 836 3678; x_wconf 81' lang='lat' dir='ltr'>Religiosis,</span> <span class='ocrx_word' id='word_1_296' title='bbox 852 3621 881 3659; x_wconf 93' lang='lat' dir='ltr'>n.</span> <span class='ocrx_word' id='word_1_297' title='bbox 900 3602 959 3671; x_wconf 82' lang='lat'>185</span> <span class='ocrx_word' id='word_1_298' title='bbox 975 3615 1003 3659; x_wconf 91' lang='lat' dir='ltr'>et</span> <span class='ocrx_word' id='word_1_299' title='bbox 1017 3602 1087 3672; x_wconf 81' lang='lat'>186,</span> <span class='ocrx_word' id='word_1_300' title='bbox 1100 3620 1188 3676; x_wconf 92' lang='lat' dir='ltr'>quam</span> 
     </span>
    </p>
   </div>
   <div class='ocr_carea' id='block_1_13' title="bbox 1244 1097 1423 1607">
    <p class='ocr_par' dir='ltr' id='par_1_13' title="bbox 1244 1097 1423 1607">
     <span class='ocr_line' id='line_1_39' title="bbox 1276 1097 1373 1155; baseline 0.021 -12"><span class='ocrx_word' id='word_1_301' title='bbox 1276 1097 1373 1155; x_wconf 80' lang='lat' dir='ltr'>Orator,</span> 
     </span>
     <span class='ocr_line' id='line_1_40' title="bbox 1247 1153 1354 1223; baseline 0 -21"><span class='ocrx_word' id='word_1_302' title='bbox 1247 1153 1354 1223; x_wconf 76' lang='lat' dir='ltr'>adductis</span> 
     </span>
     <span class='ocr_line' id='line_1_41' title="bbox 1246 1214 1405 1319; baseline -0.044 -3"><span class='ocrx_word' id='word_1_303' title='bbox 1246 1214 1405 1319; x_wconf 69' lang='lat' dir='ltr'>:talen</span> 
     </span>
     <span class='ocr_line' id='line_1_42' title="bbox 1247 1332 1423 1388; baseline 0.023 -15"><span class='ocrx_word' id='word_1_304' title='bbox 1247 1332 1295 1374; x_wconf 79' lang='lat' dir='ltr'>lum</span> <span class='ocrx_word' id='word_1_305' title='bbox 1307 1343 1350 1388; x_wconf 78' lang='lat' dir='ltr'>quo</span> <span class='ocrx_word' id='word_1_306' title='bbox 1361 1343 1405 1377; x_wconf 86' lang='lat' dir='ltr'>no·</span> <span class='ocrx_word' id='word_1_307' title='bbox 1419 1360 1423 1370; x_wconf 84' lang='lat'><strong>·</strong></span> 
     </span>
     <span class='ocr_line' id='line_1_43' title="bbox 1246 1385 1405 1446; baseline 0.019 -15"><span class='ocrx_word' id='word_1_308' title='bbox 1246 1387 1304 1433; x_wconf 81' lang='lat' dir='ltr'>vicii</span> <span class='ocrx_word' id='word_1_309' title='bbox 1314 1385 1405 1446; x_wconf 78' lang='lat' dir='ltr'>dispcr-</span> 
     </span>
     <span class='ocr_line' id='line_1_44' title="bbox 1245 1444 1404 1492; baseline 0.019 -3"><span class='ocrx_word' id='word_1_310' title='bbox 1245 1445 1269 1490; x_wconf 80' lang='lat' dir='ltr'>si</span> <span class='ocrx_word' id='word_1_311' title='bbox 1289 1445 1316 1490; x_wconf 79' lang='lat' dir='ltr'>in</span> <span class='ocrx_word' id='word_1_312' title='bbox 1338 1444 1404 1492; x_wconf 80' lang='lat' dir='ltr'>aliud</span> 
     </span>
     <span class='ocr_line' id='line_1_45' title="bbox 1245 1506 1362 1548; baseline 0 0"><span class='ocrx_word' id='word_1_313' title='bbox 1245 1506 1362 1548; x_wconf 76' lang='lat' dir='ltr'>monaste·</span> 
     </span>
     <span class='ocr_line' id='line_1_46' title="bbox 1244 1560 1404 1607; baseline 0.019 -3"><span class='ocrx_word' id='word_1_314' title='bbox 1244 1560 1310 1605; x_wconf 79' lang='lat' dir='ltr'>rium</span> <span class='ocrx_word' id='word_1_315' title='bbox 1323 1565 1404 1607; x_wconf 79' lang='lat' dir='ltr'>trans·</span> 
     </span>
    </p>
   </div>
   <div class='ocr_carea' id='block_1_14' title="bbox 1240 1615 1377 1895">
    <p class='ocr_par' dir='ltr' id='par_1_14' title="bbox 1240 1615 1377 1895">
     <span class='ocr_line' id='line_1_47' title="bbox 1240 1615 1376 1677; baseline 0.022 -16"><span class='ocrx_word' id='word_1_316' title='bbox 1240 1615 1305 1677; x_wconf 77' lang='lat' dir='ltr'>ferri</span> <span class='ocrx_word' id='word_1_317' title='bbox 1321 1622 1376 1676; x_wconf 73' lang='lat' dir='ltr'>pos·</span> 
     </span>
     <span class='ocr_line' id='line_1_48' title="bbox 1245 1675 1377 1728; baseline 0 -8"><span class='ocrx_word' id='word_1_318' title='bbox 1245 1675 1304 1728; x_wconf 78' lang='lat' dir='ltr'>sint,</span> <span class='ocrx_word' id='word_1_319' title='bbox 1326 1677 1377 1722; x_wconf 77' lang='lat' dir='ltr'>sine</span> 
     </span>
     <span class='ocr_line' id='line_1_49' title="bbox 1245 1732 1376 1779; baseline -0.015 1"><span class='ocrx_word' id='word_1_320' title='bbox 1245 1732 1376 1779; x_wconf 72' lang='lat' dir='ltr'>mviciatus</span> 
     </span>
     <span class='ocr_line' id='line_1_50' title="bbox 1246 1791 1362 1849; baseline -0.009 -13"><span class='ocrx_word' id='word_1_321' title='bbox 1246 1791 1362 1849; x_wconf 76' lang='lat' dir='ltr'>interrup-</span> 
     </span>
     <span class='ocr_line' id='line_1_51' title="bbox 1247 1849 1317 1895; baseline 0 -3"><span class='ocrx_word' id='word_1_322' title='bbox 1247 1849 1317 1895; x_wconf 78' lang='lat' dir='ltr'>tione.</span> 
     </span>
    </p>
   </div>
   <div class='ocr_carea' id='block_1_15' title="bbox 1243 2752 1403 2971">
    <p class='ocr_par' dir='ltr' id='par_1_15' title="bbox 1243 2752 1403 2971">
     <span class='ocr_line' id='line_1_52' title="bbox 1273 2752 1386 2801; baseline 0.009 -1"><span class='ocrx_word' id='word_1_323' title='bbox 1273 2752 1386 2801; x_wconf 82' lang='lat' dir='ltr'>Declara-</span> 
     </span>
     <span class='ocr_line' id='line_1_53' title="bbox 1244 2811 1403 2869; baseline 0.031 -15"><span class='ocrx_word' id='word_1_324' title='bbox 1244 2811 1278 2856; x_wconf 80' lang='lat' dir='ltr'>ti&#39;o</span> <span class='ocrx_word' id='word_1_325' title='bbox 1308 2814 1403 2869; x_wconf 76' lang='lat' dir='ltr'>exigen-</span> 
     </span>
     <span class='ocr_line' id='line_1_54' title="bbox 1243 2865 1393 2916; baseline 0.02 -3"><span class='ocrx_word' id='word_1_326' title='bbox 1243 2865 1275 2913; x_wconf 81' lang='lat' dir='ltr'>da</span> <span class='ocrx_word' id='word_1_327' title='bbox 1291 2882 1306 2915; x_wconf 91' lang='lat' dir='ltr'>a</span> <span class='ocrx_word' id='word_1_328' title='bbox 1324 2871 1393 2916; x_wconf 79' lang='lat' dir='ltr'>novi-</span> 
     </span>
     <span class='ocr_line' id='line_1_55' title="bbox 1244 2927 1289 2971; baseline 0 0"><span class='ocrx_word' id='word_1_329' title='bbox 1244 2927 1289 2971; x_wconf 79' lang='lat' dir='ltr'>ciis</span> 
     </span>
    </p>
   </div>
   <div class='ocr_carea' id='block_1_16' title="bbox 1244 3182 1383 3299">
    <p class='ocr_par' dir='ltr' id='par_1_16' title="bbox 1244 3182 1383 3299">
     <span class='ocr_line' id='line_1_56' title="bbox 1273 3182 1383 3240; baseline 0 -12"><span class='ocrx_word' id='word_1_330' title='bbox 1273 3182 1332 3229; x_wconf 80' lang='lat' dir='ltr'>Dies</span> <span class='ocrx_word' id='word_1_331' title='bbox 1343 3184 1383 3240; x_wconf 84' lang='lat'>(16</span> 
     </span>
     <span class='ocr_line' id='line_1_57' title="bbox 1244 3242 1381 3299; baseline -0.007 -13"><span class='ocrx_word' id='word_1_332' title='bbox 1244 3242 1296 3286; x_wconf 82' lang='lat' dir='ltr'>mai</span> <span class='ocrx_word' id='word_1_333' title='bbox 1305 3242 1381 3299; x_wconf 74' lang='lat'>1903).</span> 
     </span>
    </p>
   </div>
   <div class='ocr_carea' id='block_1_17' title="bbox 102 3667 1273 3755">
    <p class='ocr_par' dir='ltr' id='par_1_17' title="bbox 102 3667 1273 3755">
     <span class='ocr_line' id='line_1_58' title="bbox 102 3667 1273 3755; baseline 0.011 -33"><span class='ocrx_word' id='word_1_334' title='bbox 102 3667 127 3722; x_wconf 92' lang='lat' dir='ltr'>in</span> <span class='ocrx_word' id='word_1_335' title='bbox 146 3672 318 3753; x_wconf 82' lang='lat' dir='ltr'>posteriore,</span> <span class='ocrx_word' id='word_1_336' title='bbox 334 3671 541 3745; x_wconf 83' lang='lat' dir='ltr'>Supplemento</span> <span class='ocrx_word' id='word_1_337' title='bbox 558 3692 595 3744; x_wconf 89' lang='lat' dir='ltr'>iv,</span> <span class='ocrx_word' id='word_1_338' title='bbox 611 3692 638 3746; x_wconf 87' lang='lat' dir='ltr'>p.</span> <span class='ocrx_word' id='word_1_339' title='bbox 658 3675 690 3747; x_wconf 85' lang='lat'>59</span> <span class='ocrx_word' id='word_1_340' title='bbox 704 3687 732 3731; x_wconf 91' lang='lat' dir='ltr'>et</span> <span class='ocrx_word' id='word_1_341' title='bbox 754 3692 791 3730; x_wconf 76' lang='lat' dir='ltr'>se.</span> <span class='ocrx_word' id='word_1_342' title='bbox 816 3688 845 3731; x_wconf 91' lang='lat' dir='ltr'>et</span> <span class='ocrx_word' id='word_1_343' title='bbox 858 3692 886 3747; x_wconf 84' lang='lat' dir='ltr'>p.</span> <span class='ocrx_word' id='word_1_344' title='bbox 900 3676 963 3755; x_wconf 83' lang='lat'>493,</span> <span class='ocrx_word' id='word_1_345' title='bbox 979 3692 1009 3731; x_wconf 94' lang='lat' dir='ltr'>n.</span> <span class='ocrx_word' id='word_1_346' title='bbox 1034 3686 1102 3743; x_wconf 83' lang='lat'>154,</span> <span class='ocrx_word' id='word_1_347' title='bbox 1120 3674 1188 3730; x_wconf 91' lang='lat' dir='ltr'>satis</span> <span class='ocrx_word' id='word_1_348' title='bbox 1270 3730 1273 3735; x_wconf 93' lang='lat'><strong>.</strong></span> 
     </span>
    </p>
   </div>
   <div class='ocr_carea' id='block_1_18' title="bbox 100 3743 1188 4102">
    <p class='ocr_par' dir='ltr' id='par_1_18' title="bbox 100 3743 1188 4102">
     <span class='ocr_line' id='line_1_59' title="bbox 101 3743 1188 3816; baseline 0.005 -21"><span class='ocrx_word' id='word_1_349' title='bbox 101 3743 264 3816; x_wconf 86' lang='lat' dir='ltr'>perspicitur</span> <span class='ocrx_word' id='word_1_350' title='bbox 284 3746 296 3780; x_wconf 75' lang='lat'>2</span> <span class='ocrx_word' id='word_1_351' title='bbox 320 3744 471 3799; x_wconf 88' lang='lat' dir='ltr'>indultum</span> <span class='ocrx_word' id='word_1_352' title='bbox 493 3744 570 3800; x_wconf 91' lang='lat' dir='ltr'>istud</span> <span class='ocrx_word' id='word_1_353' title='bbox 594 3762 654 3801; x_wconf 94' lang='lat' dir='ltr'>non</span> <span class='ocrx_word' id='word_1_354' title='bbox 678 3744 766 3802; x_wconf 91' lang='lat' dir='ltr'>fuisse</span> <span class='ocrx_word' id='word_1_355' title='bbox 790 3762 987 3803; x_wconf 87' lang='lat' dir='ltr'>necessarium</span> <span class='ocrx_word' id='word_1_356' title='bbox 1014 3758 1042 3802; x_wconf 91' lang='lat' dir='ltr'>et</span> <span class='ocrx_word' id='word_1_357' title='bbox 1065 3763 1127 3803; x_wconf 90' lang='lat' dir='ltr'>esse</span> <span class='ocrx_word' id='word_1_358' title='bbox 1150 3747 1188 3800; x_wconf 92' lang='lat' dir='ltr'>ad</span> 
     </span>
     <span class='ocr_line' id='line_1_60' title="bbox 101 3813 1187 3891; baseline 0.006 -26"><span class='ocrx_word' id='word_1_359' title='bbox 101 3813 235 3870; x_wconf 88' lang='lat' dir='ltr'>maiorem</span> <span class='ocrx_word' id='word_1_360' title='bbox 257 3814 404 3871; x_wconf 86' lang='lat' dir='ltr'>cautelam</span> <span class='ocrx_word' id='word_1_361' title='bbox 416 3816 592 3888; x_wconf 84' lang='lat' dir='ltr'>quaesitum.</span> <span class='ocrx_word' id='word_1_362' title='bbox 607 3818 674 3884; x_wconf 89' lang='lat' dir='ltr'>Sed,</span> <span class='ocrx_word' id='word_1_363' title='bbox 692 3818 781 3873; x_wconf 90' lang='lat' dir='ltr'>etiam</span> <span class='ocrx_word' id='word_1_364' title='bbox 794 3818 914 3891; x_wconf 88' lang='lat' dir='ltr'>quando</span> <span class='ocrx_word' id='word_1_365' title='bbox 928 3816 1044 3890; x_wconf 90' lang='lat' dir='ltr'>copiam</span> <span class='ocrx_word' id='word_1_366' title='bbox 1064 3817 1132 3873; x_wconf 90' lang='lat' dir='ltr'>facit</span> <span class='ocrx_word' id='word_1_367' title='bbox 1146 3818 1187 3873; x_wconf 87' lang='lat' dir='ltr'>rei</span> 
     </span>
     <span class='ocr_line' id='line_1_61' title="bbox 101 3883 1187 3961; baseline 0.006 -24"><span class='ocrx_word' id='word_1_368' title='bbox 101 3899 168 3954; x_wconf 89' lang='lat' dir='ltr'>quae</span> <span class='ocrx_word' id='word_1_369' title='bbox 190 3903 250 3960; x_wconf 87' lang='lat' dir='ltr'>per</span> <span class='ocrx_word' id='word_1_370' title='bbox 275 3883 396 3941; x_wconf 71' lang='lat' dir='ltr'>se‘fieri</span> <span class='ocrx_word' id='word_1_371' title='bbox 420 3904 481 3942; x_wconf 91' lang='lat' dir='ltr'>non</span> <span class='ocrx_word' id='word_1_372' title='bbox 509 3888 732 3960; x_wconf 84' lang='lat' dir='ltr'>prohibebatur,</span> <span class='ocrx_word' id='word_1_373' title='bbox 756 3888 907 3944; x_wconf 89' lang='lat' dir='ltr'>consuevit</span> <span class='ocrx_word' id='word_1_374' title='bbox 935 3890 964 3945; x_wconf 92' lang='lat' dir='ltr'>S.</span> <span class='ocrx_word' id='word_1_375' title='bbox 992 3889 1108 3961; x_wconf 84' lang='lat' dir='ltr'>Congre</span> <span class='ocrx_word' id='word_1_376' title='bbox 1128 3887 1187 3943; x_wconf 89' lang='lat' dir='ltr'>atio</span> 
     </span>
     <span class='ocr_line' id='line_1_62' title="bbox 102 3956 1188 4035; baseline 0.006 -27"><span class='ocrx_word' id='word_1_377' title='bbox 102 3956 236 4035; x_wconf 81' lang='lat' dir='ltr'>sapientes</span> <span class='ocrx_word' id='word_1_378' title='bbox 259 3956 389 4012; x_wconf 91' lang='lat' dir='ltr'>indicere</span> <span class='ocrx_word' id='word_1_379' title='bbox 402 3959 552 4015; x_wconf 90' lang='lat' dir='ltr'>cautiones</span> <span class='ocrx_word' id='word_1_380' title='bbox 574 3977 649 4032; x_wconf 88' lang='lat' dir='ltr'>quae</span> <span class='ocrx_word' id='word_1_381' title='bbox 665 3976 735 4017; x_wconf 91' lang='lat' dir='ltr'>suae</span> <span class='ocrx_word' id='word_1_382' title='bbox 758 3960 848 4015; x_wconf 88' lang='lat' dir='ltr'>menti</span> <span class='ocrx_word' id='word_1_383' title='bbox 874 3961 1083 4033; x_wconf 90' lang='lat' dir='ltr'>respondeant.</span> <span class='ocrx_word' id='word_1_384' title='bbox 1140 3960 1188 4015; x_wconf 91' lang='lat' dir='ltr'>inc</span> 
     </span>
     <span class='ocr_line' id='line_1_63' title="bbox 100 4027 500 4102; baseline 0.018 -24"><span class='ocrx_word' id='word_1_385' title='bbox 100 4040 170 4082; x_wconf 90' lang='lat' dir='ltr'>varia</span> <span class='ocrx_word' id='word_1_386' title='bbox 185 4027 297 4083; x_wconf 90' lang='lat' dir='ltr'>Indulti</span> <span class='ocrx_word' id='word_1_387' title='bbox 312 4029 500 4102; x_wconf 88' lang='lat' dir='ltr'>praescripta.</span> 
     </span>
    </p>
   </div>
   <div class='ocr_carea' id='block_1_19' title="bbox 103 4180 416 4194">
    <p class='ocr_par' dir='ltr' id='par_1_19' title="bbox 103 4180 416 4194">
     <span class='ocr_line' id='line_1_64' title="bbox 103 4180 416 4194; baseline 0 -1"><span class='ocrx_word' id='word_1_388' title='bbox 103 4180 416 4194; x_wconf 40' lang='lat' dir='ltr'>*ni—..Q</span> 
     </span>
    </p>
   </div>
   <div class='ocr_carea' id='block_1_20' title="bbox 125 4262 956 4391">
    <p class='ocr_par' dir='ltr' id='par_1_20' title="bbox 125 4262 956 4391">
     <span class='ocr_line' id='line_1_65' title="bbox 127 4262 564 4324; baseline 0.009 -16"><span class='ocrx_word' id='word_1_389' title='bbox 127 4262 223 4313; x_wconf 78' lang='lat' dir='ltr'>lNouo.</span> <span class='ocrx_word' id='word_1_390' title='bbox 236 4265 294 4315; x_wconf 82' lang='lat' dir='ltr'>Rev.</span> <span class='ocrx_word' id='word_1_391' title='bbox 308 4265 376 4315; x_wconf 82' lang='lat' dir='ltr'>ilie&#39;ol.</span> <span class='ocrx_word' id='word_1_392' title='bbox 390 4271 409 4313; x_wconf 93' lang='lat' dir='ltr'>t.</span> <span class='ocrx_word' id='word_1_393' title='bbox 422 4272 459 4321; x_wconf 82' lang='grc'>35,</span> <span class='ocrx_word' id='word_1_394' title='bbox 471 4278 500 4324; x_wconf 87' lang='lat' dir='ltr'>p.</span> <span class='ocrx_word' id='word_1_395' title='bbox 512 4272 564 4314; x_wconf 87' lang='lat'><strong>638.</strong></span> 
     </span>
     <span class='ocr_line' id='line_1_66' title="bbox 125 4329 956 4391; baseline 0.002 -13"><span class='ocrx_word' id='word_1_396' title='bbox 125 4330 134 4364; x_wconf 57' lang='grc' dir='ltr'>Ξ</span> <span class='ocrx_word' id='word_1_397' title='bbox 148 4330 227 4391; x_wconf 79' lang='lat' dir='ltr'>Quod</span> <span class='ocrx_word' id='word_1_398' title='bbox 237 4329 322 4381; x_wconf 86' lang='lat' dir='ltr'>etiam</span> <span class='ocrx_word' id='word_1_399' title='bbox 334 4329 462 4380; x_wconf 88' lang='lat' dir='ltr'>observat</span> <span class='ocrx_word' id='word_1_400' title='bbox 471 4332 550 4380; x_wconf 78' lang='lat' dir='ltr'>Noui.</span> <span class='ocrx_word' id='word_1_401' title='bbox 563 4331 620 4381; x_wconf 83' lang='lat' dir='ltr'>Rev.</span> <span class='ocrx_word' id='word_1_402' title='bbox 634 4331 712 4390; x_wconf 61' lang='lat' dir='ltr'>ilion,</span> <span class='ocrx_word' id='word_1_403' title='bbox 726 4336 745 4381; x_wconf 85' lang='lat' dir='ltr'>t.</span> <span class='ocrx_word' id='word_1_404' title='bbox 759 4337 795 4385; x_wconf 82' lang='lat'>35.</span> <span class='ocrx_word' id='word_1_405' title='bbox 807 4345 834 4390; x_wconf 92' lang='lat' dir='ltr'>p.</span> <span class='ocrx_word' id='word_1_406' title='bbox 847 4339 956 4390; x_wconf 81' lang='lat'>639-641.</span> 
     </span>
    </p>
   </div>
   <div class='ocr_carea' id='block_1_21' title="bbox 0 0 1484 4900">
    <p class='ocr_par' dir='ltr' id='par_1_21' title="bbox 0 0 1484 4900">
     <span class='ocr_line' id='line_1_67' title="bbox 0 0 1484 4900; baseline 0 4"><span class='ocrx_word' id='word_1_407' title='bbox 0 0 1484 4900; x_wconf 95' lang='lat' dir='ltr'> </span> 
     </span>
    </p>
   </div>
  </div>
 </body>
</html>
