2959 4900
247 307 286 373 16
698 333 880 370 uouuuartrri

109 531 114 540 ‚
247 484 316 524 cum
328 469 467 542 operariis
485 468 575 537 laicis,
592 468 699 542 quibus
718 469 857 525 omnibus
879 468 948 526 levis
972 468 1047 525 solet
1070 467 1168 525 offerri
1189 466 1340 524 convictus

31 587 51 634 ι,
64 525 193 590 Elttwl’a·
247 538 323 594 intra
357 539 482 598 claustra
515 553 580 613 post
602 540 765 615 perfectum
793 558 877 614 opus.
907 541 1102 613 Usquemodo
1124 539 1200 596 hanc
1218 538 1338 594 toleravi

33 587 175 693 ,}{,'.⁰¹‘'‘²”'
246 610 359 692 praxim
372 628 440 692 cum
455 611 606 686 proposito
619 611 706 668 istam
718 613 845 669 adeundi
865 613 984 669 Sacram
999 610 1265 684 Congregationem
1285 626 1339 690 pro

76 683 81 698 '
246 684 498 750 instructionibus,
523 694 551 740 et
573 683 699 740 maxime
714 684 783 757 quia
810 683 900 756 aliqui
922 701 957 742 ex
982 683 1253 757 praedecessoribus
1266 698 1339 736 meis

246 753 341 811 eidem
356 755 429 811 mori
443 771 576 828 expresse
589 755 770 813 consensisse
782 755 927 818 videntur.
942 767 1030 831 prout
1041 755 1078 810 ab
1093 755 1161 828 ipsis
1176 753 1339 811 communi-

60 829 135 888 σοφία
148 843 193 897 re·
246 826 354 884 tatibus
375 826 530 896 asseritur;
567 826 618 882 uin
637 838 747 898 tamen,
763 828 802 884 ob
813 839 959 884 assuetam
972 826 1147 882 monialium
1161 824 1339 881 laudabilem

24 885 161 947 ΜΝ·
246 898 444 955 obedientiam
472 911 501 956 et
526 915 559 954 su
582 898 764 969 missionem,
797 898 926 956 timenda
958 899 1089 956 videatur
1117 897 1210 970 gravis
1237 913 1339 952 earum

245 969 409 1027 resistentia
423 970 560 1026 adversus
572 969 813 1028 reformationem
825 970 849 1027 si
863 971 1005 1045 expediat.
1029 970 1107 1025 Cum
1129 984 1198 1026 vero
1211 967 1339 1042 praefata

245 1041 342 1116 praxis
355 1040 454 1097 minus
478 1041 598 1114 quidem
617 1041 801 1098 conformata
820 1055 958 1116 appareat
971 1040 1142 1115 disciplinae
1154 1040 1291 1113 regulari,
1304 1050 1339 1094 ut

245 1115 282 1170 de
295 1113 350 1170 hac
362 1130 393 1170 re
405 1130 452 1170 me
467 1113 629 1169 consultius
642 1113 806 1182 exhibeam,
827 1125 878 1169 aut
891 1115 983 1171 tutius
997 1116 1102 1172 Sacrae
1114 1112 1196 1168 istius
1210 1112 1338 1183 Congre-

244 1185 369 1258 gationis
389 1184 560 1242 auctoritate
581 1183 717 1241 suituttiis
732 1186 898 1259 procedam,
917 1187 1027 1241 Emorum
1046 1187 1166 1240 Parrum
1181 1182 1339 1256 sapientiae

245 1268 273 1313 et
283 1256 406 1314 consilio
417 1255 567 1330 sequentia
582 1268 747 1313 reverenter
760 1256 912 1313 summitto
924 1256 1096 1313 resolvenda
1109 1276 1115 1312 :

37 1351 192 1420 'nostadi
283 1358 343 1421 ¹¹².¹²¹·
363 1341 410 1422 ᾼη
433 1340 596 1421 praedictus
621 1357 686 1396 mos
712 1354 741 1398 et
768 1340 874 1415 praxis,
905 1353 991 1414 prout
1016 1341 1120 1410 iacent,
1144 1339 1174 1395 in
1201 1339 1337 1395 omnibus

30 1425 136 1469 ingressu
164 1415 190 1460 tn
244 1424 379 1468 sustineri
392 1425 516 1486 possint.

29 1470 172 1519 ‘mmmm'
280 1510 343 1553 aum.
365 1496 411 1550 An
441 1495 544 1552 saltem
570 1495 780 1569 praescriptum
807 1497 844 1553 de
870 1495 931 1563 ipsa
952 1513 984 1554 re
1010 1496 1041 1552 in
1070 1494 1337 1552 constitutionibus

245 1583 332 1641 super
355 1578 494 1640 quattuor
519 1567 718 1624 sacerdotibus
748 1568 955 1637 saecularibus,
987 1585 1055 1624 cum
1086 1566 1205 1624 Ordinis
1235 1566 1337 1621 fratres

245 1639 369 1695 omnino
382 1638 488 1708 desint,
503 1638 540 1694 sit
552 1639 736 1696 observantia
751 1639 883 1712 dignum,
909 1640 989 1712 quod
1011 1639 1135 1713 proinde
1154 1636 1289 1694 sustineri
1308 1648 1337 1692 et

244 1709 386 1767 custodiri
400 1709 502 1779 liceat;
517 1727 552 1766 ac
565 1710 669 1766 deinde
691 1722 819 1768 caeteras
842 1711 1076 1768 Communitates
1088 1710 1196 1785 quibus
1219 1708 1292 1764 nibil
1305 1708 1336 1763 in

245 1780 512 1908 Consdtitutionibus
539 1781 756 1855 praescribitur,
781 1781 876 1839 eidem
898 1782 1098 1856 providentiae
1119 1779 1335 1838 accommodari

244 1870 314 1927 expe
337 1864 386 1910 iat.

280 1937 352 1993 lium.
375 1938 451 1993 Dato
465 1936 547 2009 quod
562 1953 616 1993 nec
630 1937 684 1994 ista
697 1937 869 2010 probentur,
892 1949 920 1993 et
942 1936 1042 1994 habita
1055 1935 1190 2011 prudenti
1204 1935 1335 1993 conside·

244 2007 358 2065 ratione
390 2008 427 2064 ad
453 2024 614 2089 perennem
645 2007 768 2082 praxim,
798 2009 849 2090 qui
878 2009 1070 2066 Sacerdotum
1094 2025 1235 2065 numerus
1266 2023 1335 2063 cum

244 2079 383 2154 operariis
403 2079 483 2137 laicis
507 2078 581 2135 intra
596 2080 722 2136 claustra
735 2081 850 2136 admitti
862 2082 947 2137 debet
968 2094 1001 2137 ut
1021 2098 1102 2138 sacra
1121 2079 1218 2137 officia
1240 2078 1335 2153 sepul-

242 2162 325 2208 turae
339 2151 460 2225 eiusque
475 2151 632 2208 materialis
645 2152 726 2208 labor
739 2154 936 2225 peragantur?

277 2249 342 2307 4⁰2¹.
366 2234 510 2308 Denique,
534 2252 571 2290 an
594 2236 630 2291 sit
653 2236 818 2293 laudandus
839 2236 884 2292 vel
905 2235 1009 2293 saltem
1032 2236 1243 2310 permittendus
1265 2235 1335 2292 levis

243 2305 395 2365 convictus
408 2306 592 2379 gratitudinis
605 2319 633 2364 et
653 2308 787 2380 obsequii
801 2309 893 2382 gratia
906 2307 1039 2381 personis
1052 2307 1205 2381 praedictis
1218 2306 1335 2363 oblatus

242 2377 339 2436 statim
353 2395 387 2434 ac
407 2395 483 2461 opus
507 2376 637 2450 finiatur,
660 2379 832 2454 priusquam
854 2380 979 2437 claustra
1003 2379 1155 2450 deserant;
1169 2378 1214 2436 vel
1233 2379 1335 2435 saltem

242 2449 413 2509 tolerandus
424 2468 454 2506 in
466 2452 619 2508 communi
630 2452 833 2509 collocutionis
846 2452 913 2510 loco
925 2452 976 2509 ubi
986 2452 1148 2509 saeculares
1159 2452 1336 2509 conveniunt

242 2542 295 2599 pro
307 2522 483 2580 monialium
497 2523 682 2581 salutatione.

282 2609 396 2663 lnterea
413 2605 505 2662 fausta
519 2606 618 2663 omnia
639 2608 824 2665 Eminentiae
837 2611 957 2665 Vestrae
979 2610 1141 2664 obventura
1164 2608 1336 2680 adprecatur

243 2698 260 2735 a
277 2678 406 2735 Domino
420 2677 540 2735 humilis
554 2697 587 2735 ac
600 2679 804 2737 devotissimus
816 2681 912 2737 Vestri
925 2697 1025 2737 servus
1038 2680 1188 2752 (signatus)

675 2762 822 2837 Aloysius
842 2762 1008 2838 Philippus,
1024 2763 1123 2837 Episc.
1138 2763 1299 2818 Zamaren.

30 2905 186 2958 mmm,
282 2883 389 2957 Vigore
416 2880 587 2956 specialium
612 2880 784 2938 facultatum
808 2901 825 2939 a
856 2882 1045 2940 Sanctissimo
1072 2882 1200 2939 Domino
1230 2884 1337 2937 Nostro

247 2971 452 3013 concessarum
475 2958 495 3023 ¹,
511 2954 599 3009 Sacra
612 2954 808 3027 Congregatio
823 2954 1129 3011 Eminentissimorum
1146 2970 1181 3010 ac
1195 2955 1336 3010 Reveren-

247 3026 437 3084 dissimorum
461 3025 491 3082 S.
518 3026 552 3081 R.
578 3026 612 3080 E.
640 3025 842 3081 Cardinalium
868 3026 993 3100 negotiis
1017 3040 1045 3083 et
1072 3024 1337 3082 consultationibus

225 3145 227 3149 ,
249 3098 463 3172 Episcoporum
486 3108 515 3152 et
538 3095 728 3169 Regularium
750 3097 913 3171 praeposita
937 3096 1076 3172 expositis
1098 3096 1196 3153 dubiis
1218 3112 1337 3170 respon-

246 3170 376 3227 dendum
390 3167 504 3225 censuit
516 3180 603 3242 prout
616 3168 765 3241 sequitur:

56 3260 98 3309 Ad
119 3262 168 3309 tn'a
278 3252 330 3308 Ad
343 3251 410 3318 lum,
425 3250 498 3305 Jlum
512 3250 664 3317 etlilium,
681 3262 792 3309 attenta
815 3254 1033 3322 consuetudine,
1058 3270 1141 3309 usum
1165 3253 1202 3308 de
1226 3268 1284 3326 quo
1306 3250 1336 3305 in

24 3321 110 3387 priora
124 3319 168 3367 au-
240 3322 378 3398 precibus
392 3319 519 3377 tolerari
526 3338 623 3396 posse,
639 3322 681 3379 ita
695 3335 792 3381 tamen
809 3335 840 3379 ut
852 3325 1027 3381 monialium
1042 3323 1229 3393 confessarii,
1249 3321 1337 3379 sociis

27 3378 77 3427 Μ·
244 3393 432 3468 assumptise
450 3392 651 3450 sacerdotibus
674 3394 866 3470 regularibus
889 3396 936 3452 uel
948 3396 1151 3453 saecularibus
1165 3395 1194 3450 in
1215 3410 1338 3449 numero

245 3477 273 3523 et
297 3465 442 3541 qualitate
465 3481 483 3520 a
513 3465 774 3524 Constitutionibus
799 3467 988 3542 singulorum
1016 3467 1262 3524 monasteriorum
1291 3464 1340 3520 rel

245 3536 456 3594 consuetudine
467 3536 517 3591 ubi
527 3536 556 3592 in
569 3537 640 3611 ipsis
653 3538 914 3595 Constitutionibus
924 3558 981 3595 non
993 3549 1114 3595 cavetur
1123 3535 1336 3603 determinatis,

246 3627 312 3666 cum
337 3608 486 3683 operariis
506 3607 546 3663 ad
561 3625 633 3683 opus
655 3610 831 3667 necessariis
855 3620 883 3667 et
900 3611 937 3667 ab
961 3611 1107 3685 Episcopo
1128 3608 1336 3684 approbandis,

246 3680 419 3737 clausuram
444 3678 566 3752 ingredi
587 3679 716 3749 ualeant,
739 3682 780 3738 ad
801 3681 929 3757 officium
948 3682 1118 3756 sepulturae
1133 3699 1191 3756 pro
1214 3678 1340 3735 moniali

248 3752 404 3808 demortua
418 3749 630 3806 exsolvendum
643 3772 649 3820 ;
664 3784 699 3795 -

56 3843 98 3892 At
108 3845 123 3892 Ι
129 3844 158 3893 V.
282 3836 333 3893 Ad
347 3834 366 3890 I
372 3834 437 3889 Vum
449 3834 588 3908 negative
596 3834 637 3890 ad
641 3836 775 3909 primam
782 3849 912 3911 partem,
925 3838 1105 3914 affirmative
1117 3837 1157 3894 ad
1168 3836 1338 3894 secundam.

57 3928 119 3975 Dtes
130 3930 171 3987 (24
288 3919 410 3988 Romae,
424 3935 458 3988 24
470 3916 569 3989 aprilis
586 3919 662 3991 1903.

28 3986 100 4045 titii·
110 3987 188 4045 1903)·
857 3994 892 4048 D.
916 3993 1002 4049 Card.
1027 3995 1175 4061 Farinam,
1195 3992 1302 4062 Praes.

901 4076 959 4132 Ph.
984 4076 1125 4146 Giustini‚
1141 4078 1252 4132 Secret.

274 4239 282 4273 1
301 4235 438 4285 Observes
448 4234 533 4284 verba
551 4234 603 4284 ista
621 4235 739 4292 insolita,
752 4247 823 4295 quae
834 4236 862 4283 S.
874 4233 1054 4295 congregatio
1064 4234 1127 4283 ideo
1144 4234 1252 4283 videtur
1261 4233 1327 4282 addi

253 4303 337 4360 disse,
348 4317 382 4351 ne
394 4302 450 4351 vim
458 4300 663 4351 consuetudinis
674 4302 702 4349 in
713 4316 742 4349 se
751 4307 889 4361 spectatae
897 4300 1064 4349 existimetur
1073 4300 1213 4361 probasse.
