2959 4900
209 1155 213 1162 ’
264 1174 266 1181 ⁴
305 1169 534 1237 celeberrimam,
563 1171 671 1227 Sancto
691 1171 757 1226 Mar

304 283 363 347 118
752 312 934 349 uouurrnnrn

302 443 412 501 Ordine
426 444 577 501 Minorum
596 445 732 503 universo
755 446 885 519 legitime
899 447 1038 503 celebrari
1059 446 1168 504 liceret.
1186 446 1277 503 Hisce
1294 447 1375 518 itaque

301 515 376 571 votis
390 515 513 572 libenter
531 517 734 573 obsecundans
749 519 923 591 remorarer
946 520 1149 574 Bonaventura
1163 518 1305 582 Marrani,
1319 519 1375 573 Pro

302 599 420 642 curator
437 586 526 644 totius
546 587 664 643 Ordinis
687 589 849 657 Minorum,
870 603 899 645 et
924 590 1045 646 nomine
1069 590 1123 644 Rmr
1145 589 1239 644 Patris
1266 588 1374 645 Ministri

303 658 461 725 Generalis,
478 658 580 715 sgnum
596 660 758 715 Dominum
780 661 923 715 Nostrum
944 661 1031 716 Pium
1055 663 1097 717 Pa
1116 677 1164 717 am
1179 661 1206 714 X
1218 659 1376 715 humillimis

303 729 437 799 precibus
457 729 580 801 rogavit.
594 741 627 785 ut
648 731 755 787 festum
778 732 814 786 de
830 732 976 803 Mysteriis
999 732 1070 788 Viae
1092 678 1254 789 Bolorosae
1276 730 1376 787 Domini

304 801 404 857 Nostri
425 803 490 857 lesu
503 801 610 857 Christi
632 801 702 857 feria
715 802 755 857 Vl
779 814 847 859 ante
871 802 1055 858 Dominicam
1077 804 1322 876 Septuagesimae,
1335 803 1376 856 sub
1442 819 1443 824 ¹

303 872 362 927 ritu
376 872 520 929 secundae
531 872 630 929 classis
642 874 673 928 in
697 873 872 929 Kalendario
885 890 918 930 ac
937 874 1086 933 Breviario
1108 887 1136 931 et
1149 873 1262 929 Missali
1275 871 1377 929 Ordinis

305 942 458 998 Minorum
483 941 561 1016 affigi
587 945 687 1008 valeat,
709 961 777 1000 cum
801 943 908 1001 Officio
932 962 966 1001 ac
992 945 1082 1001 Missa
1108 944 1241 1020 propriiS,
1266 962 1377 1017 quorum

304 1014 421 1070 schema
433 1030 586 1088 supremae
596 1015 739 1073 sanctioni
754 1015 940 1086 Apostolioae
956 1016 1039 1072 Sedis
1052 1016 1244 1073 demisissime
1259 1015 1376 1071 subiecit.

341 1098 417 1152 Cum
436 1097 553 1171 insuper
574 1100 610 1153 ad
629 1098 806 1171 peculiarem
825 1099 1011 1155 devotionem
1030 1100 1112 1156 omni
1131 1099 1312 1180 antiquitatis
1322 1115 1378 1153 aero
1443 1127 1444 1130 η

805 1170 814 1225 i
833 1170 968 1227 Thomae
987 1170 1243 1227 cantuariensium
1262 1170 1378 1226 Antistiti

179 1213 183 1221 ’
227 1245 233 1265 ’
305 1240 388 1295 valde
409 1240 591 1309 familiarem,
617 1253 704 1314 atque
724 1260 741 1295 a
758 1181 900 1297 t{rumoris
929 1242 1121 1298 Pontificibus
1144 1241 1379 1314 indulgentiamm

89 1363 175 1445 petitur
203 1358 252 1443 sep2

92 1449 135 1490 tem
144 1441 250 1491 Gaudio·

92 1515 144 1605 ruam
161 1501 193 1549 Β.
220 1499 249 1546 V.

121 1971 241 2033 Suffragi-

93 2045 131 2076 um
164 2027 253 2078 Cordi-

94 2088 183 2135 nalt'um
215 2085 253 2133 dic

93 2145 251 2207 sofebrupoo.

124 2559 245 2606 Concessio

94 2614 232 2675 Pontificio.

122 2674 182 2721 Dies
214 2674 254 2730 (14

94 2735 165 2779 mari.
174 2735 251 2789 1906).

220 1327 223 1335 ’
306 1310 508 1391 largitionibus
533 1312 663 1382 ditatam,
695 1330 753 1385 qua
783 1313 939 1382 Deiparam
962 1313 1114 1393 Virginem
1144 1312 1187 1368 in·
1199 1313 1307 1384 gaudio
1330 1329 1379 1365 non

305 1399 404 1437 minus
416 1399 506 1455 quam
526 1383 557 1439 in
572 1384 674 1440 dolore
687 1384 891 1440 admirabilem
906 1385 1084 1457 pientrssrme
1096 1400 1279 1450 veneramur,
1295 1383 1379 1437 Mino·

306 1470 371 1509 rum
382 1454 464 1509 Ordo
475 1455 636 1527 antiquitus
649 1466 769 1511 vocatus
779 1455 835 1511 dici
847 1455 948 1529 possit,
960 1456 1210 1527 quemadmodum
1220 1456 1256 1511 de
1265 1454 1379 1525 Virginis

306 1524 398 1596 ipsius
413 1526 570 1583 Doloribus
583 1526 783 1600 praedicandis
795 1538 824 1583 et
837 1527 952 1583 assidue
971 1527 1101 1583 colendis
1116 1528 1274 1583 Servorum
1288 1524 1379 1580 Ordini

306 1613 414 1652 munus
437 1598 557 1653 caelitus
578 1598 718 1653 traditum
740 1598 794 1652 fuit
805 1618 812 1666 ;
836 1597 905 1653 hinc
920 1601 992 1653 ΚΜ
1010 1598 1088 1653 idem
1111 1602 1197 1654 Pater
1218 1598 1380 1652 Procurator

307 1668 455 1724 Generalis
469 1669 575 1725 festum
588 1685 707 1742 quoque
720 1670 838 1741 Septem
852 1669 1036 1725 Gaudiorum
1051 1671 1157 1725 Beatae
1178 1668 1286 1724 Mariae
1297 1666 1380 1739 Virgi-

307 1739 353 1794 nis
365 1741 419 1795 sub
433 1742 537 1796 eodem
560 1739 617 1796 ritu
630 1740 740 1812 duplici
762 1742 905 1796 secundae
926 1740 1033 1808 classis,
1051 1740 1205 1796 Dominica
1217 1739 1311 1813 prima
1324 1751 1379 1811 post

305 1824 436 1867 octavam
448 1812 676 1881 Assumptionis‚
692 1829 760 1868 curn
780 1811 914 1867 exhibitis
929 1811 1034 1867 Officio
1056 1829 1089 1867 ac
1102 1811 1192 1867 Missa
1204 1810 1338 1885 propriis.
1349 1810 1378 1864 ab

306 1883 370 1955 ipso
386 1884 537 1939 Minorum
551 1883 661 1938 Ordine
674 1883 864 1939 recolendum
878 1881 1027 1955 flagitavit.

344 1970 455 2039 ltaque,
467 1966 504 2021 ad
516 1966 588 2022 iuris
604 1966 761 2034 tramitem,
772 1982 842 2022 cum
853 1967 926 2021 ΕΜ
941 1983 975 2021 ac
986 1968 1058 2021 ΒΜ
1075 1964 1220 2020 Dominus
1231 1962 1379 2019 Cardinalis

309 2038 481 2093 Dominicus
497 2038 623 2107 Ferrato,
646 2036 774 2104 Relator‚
799 2037 944 2093 eiusmodi
957 2035 1062 2093 Officia
1083 2053 1151 2092 cum
1166 2035 1262 2091 Missis
1276 2034 1380 2107 propria

307 2109 343 2164 de
354 2121 481 2191 utroque
506 2111 590 2165 Festo
606 2110 635 2163 in
657 2107 810 2164 ordinariis
830 2108 988 2164 Sacrorum
1012 2107 1132 2163 Rituum
1153 2106 1289 2173 comitiis,
1303 2104 1380 2161 subsi-

307 2193 393 2251 gnata
413 2182 460 2237 dre
482 2181 517 2236 ad
540 2180 715 2236 Vaticanum
738 2179 854 2248 habitis,
878 2178 1072 2252 proposuerit,
1094 2179 1150 2234 Emi
1172 2194 1205 2233 ac
1227 2178 1281 2233 Rmi
1295 2178 1380 2233 Patres

307 2252 395 2308 sacris
408 2252 523 2308 tuendis
548 2252 660 2308 Ritibus
684 2250 851 2323 praepositi,
867 2251 1006 2306 omnibus
1027 2260 1163 2306 accurato
1177 2250 1309 2305 examine
1328 2264 1380 2321 per·

307 2323 413 2397 pensis,
427 2323 587 2396 auditoque
601 2324 636 2378 R.
654 2324 687 2380 P.
703 2323 738 2377 D.
752 2321 919 2378 Alexandro
932 2321 1028 2377 Verde
1042 2322 1164 2377 Sanctae
1177 2320 1258 2377 Fidei
1275 2322 1380 2375 Promo
1447 2367 1448 2370 ,

307 2406 379 2464 tore,
395 2395 433 2449 ita
446 2395 601 2450 rescribere
616 2404 808 2449 censuerunt:
823 2394 887 2449 Pro
898 2393 1015 2468 gratia,
1030 2393 1109 2449 etad
1128 2392 1218 2448 ΕΜ
1231 2394 1378 2447 Potentem

307 2485 372 2522 cum
386 2467 563 2522 Promotore
575 2467 606 2522 F
605 2466 673 2521 edei.
686 2465 743 2524 Die
756 2482 792 2521 ao
806 2465 943 2523 februarii
959 2467 1038 2539 1906.

345 2550 538 2605 Postmodum
564 2550 681 2605 duobus
705 2547 808 2606 iisdem
835 2549 947 2605 Officiis
971 2567 1004 2605 ac
1030 2548 1127 2604 Missis
1147 2547 1278 2620 diligenti
1296 2544 1380 2602 studio

307 2621 407 2678 revisis
419 2634 506 2694 atque
521 2621 690 2689 emendatis,
704 2620 750 2677 his
771 2638 809 2677 ue
827 2621 966 2677 omnibus
980 2621 1058 2676 SSmo
1073 2620 1202 2674 Domino
1216 2621 1323 2675 Nostro
1335 2614 1380 2669 Pio

310 2695 405 2775 Papae
417 2693 443 2746 X
455 2709 507 2765 per
526 2692 740 2764 infrascriptum
752 2637 939 2747 {ardinalem
952 2692 1109 2746 Sacrorum
1130 2691 1252 2746 Rituum
1267 2691 1380 2764 Congre3

307 2764 416 2844 gationi
445 2763 695 2824 Pro-Praefectum
722 2763 829 2831 relatis,
858 2762 1001 2820 Sanctitas
1027 2763 1085 2818 Sua
1109 2762 1282 2818 sententiam
1312 2759 1379 2815 Sacri

307 2854 316 2889 1
338 2836 397 2892 sius
420 2835 542 2891 Consilii
567 2848 660 2891 ratam
680 2833 801 2899 habens,
824 2834 949 2906 benigne
972 2833 1055 2888 indul
1077 2849 1125 2889 ere
1146 2833 1264 2904 dignata
1284 2844 1331 2899 est,
1352 2841 1380 2881 ut

332 2918 427 2968 estum
441 2907 512 2963 Viae
529 2907 689 2963 Dolorosae
710 2907 830 2962 Domini
844 2905 945 2961 Nostri
965 2907 1030 2961 Iesu
1046 2851 1153 2984 (inosti
1171 2917 1258 2977 atque
1270 2904 1380 2959 alterum

308 2980 426 3051 Septem
439 2979 620 3035 Gaudiorum
637 2980 742 3034 Beatae
763 2978 874 3033 Mariae
887 2976 1015 3050 Virginis
1027 2976 1082 3031 sub
1094 2988 1153 3031 rrtu
1172 2975 1281 3048 duplici
1291 2987 1378 3051 secun·

307 3051 361 3106 dae
386 3051 484 3106 classis
510 3063 579 3106 cum
604 3050 749 3106 eiusmodi
775 3047 879 3105 officiis
905 3066 939 3104 ac
962 3047 1057 3102 missis
1080 3063 1133 3119 pro
1156 3046 1206 3102 riis
1229 3047 1265 3102 ab
1283 3043 1378 3119 Ordine

309 3123 443 3177 Fratrum
467 3121 617 3177 Minorum
641 3120 799 3192 quotannis
821 3121 945 3191 expetita
970 3117 1053 3174 Feria
1075 3129 1103 3173 et
1173 3118 1279 3173 minica
1300 3111 1377 3170 reoolt

307 3193 422 3250 valeant
438 3213 444 3248 :
465 3193 582 3248 servatis
599 3192 743 3248 Rubricis.
755 3191 916 3247 Contrariis
928 3206 989 3245 non
1008 3188 1191 3245 obstantibus
1205 3189 1377 3261 quibuscum·

308 3280 375 3342 que.
393 3265 445 3319 Die
465 3283 494 3334 ¹4
507 3263 603 3318 martii
617 3263 719 3319 eodem
732 3279 820 3318 anno.

759 3348 795 3402 A.
810 3347 898 3402 Card.
912 3347 1044 3413 Tartari,
1061 3344 1316 3407 Pro-Praefectus.

723 3429 763 3486 D.
780 3430 899 3498 Paniai,
913 3428 1056 3502 Archiep.
1071 3427 1233 3484 Laodicen.
1246 3431 1345 3484 secret.
