2959 4900
96 894 1101 1086 jsueernneurn

499 1184 791 1194 ......-—-——-——.

392 1330 691 1437 Qunnsrnt
721 1332 909 1413 vania

150 1545 309 1633 Quaeres
339 1546 383 1615 de
414 1547 448 1615 vi
479 1568 518 1615 ac
549 1546 804 1637 significatione
832 1545 1025 1637 nuperrimi
1057 1545 1195 1614 Decreti

104 1636 148 1705 de
164 1635 339 1704 cotidiana
354 1634 617 1705 communione.

152 1724 183 1792 Ι.
215 1726 336 1793 Nemo
359 1724 456 1793 enim
479 1739 542 1809 est,
568 1726 656 1815 quin
679 1724 867 1827 persentiat
889 1744 997 1814 quam
1023 1744 1126 1813 grave
1153 1723 1196 1792 sit

99 1802 394 1900 '‘monumentum,
419 1834 491 1902 quo
517 1813 554 1883 S.
583 1814 746 1883 Pontifex
768 1814 896 1904 cogitat
918 1812 1132 1902 primaevam
1152 1812 1197 1883 de

106 1902 173 1972 SS.
195 1902 433 1970 Eucharistiae
449 1924 516 1971 usu
533 1904 798 1991 persuasionem
814 1916 847 1970 et
868 1901 994 1991 ipsam,
1011 1900 1194 1991 gradatim,

106 1991 399 2060 consuetudinem
423 1994 615 2081 restituere,
640 1992 886 2061 iansenianum
915 1991 1011 2059 virus
1045 1990 1197 2078 penitius

104 2101 145 2149 ex
168 2080 345 2149 Ecclesiae
365 2101 511 2171 corpore
533 2082 715 2172 expellere,
737 2080 882 2148 diutinis
904 2078 1197 2168 disputationibus

100 2169 216 2259 finem
231 2169 424 2257 imponere,
444 2184 548 2259 atque
559 2170 652 2261 apud
665 2171 840 2261 regulares
855 2190 984 2238 novam
1000 2168 1044 2237 de
1060 2189 1197 2238 accessu

105 2259 150 2327 ad
162 2280 298 2327 sacram
313 2279 474 2327 mensam
491 2259 657 2328 inducere
672 2258 905 2349 disciplinam.

153 2435 208 2504 ΙΙ.
230 2433 411 2525 Imprimis
432 2434 566 2505 iuvabit
580 2449 800 2525 praesentem
815 2434 930 2525 legem
946 2455 1028 2503 curn
1044 2432 1197 2524 superio·

106 2527 207 2596 ribus
237 2524 383 2592 decretis
415 2539 448 2592 et
480 2525 728 2615 theologorum
760 2525 893 2614 placitis
925 2523 1094 2611 conferre,
1126 2544 1199 2613 quo

105 2614 221 2704 magis
237 2613 303 2681 sub
320 2613 432 2682 oculis
448 2628 598 2702 ponatur
615 2636 634 2683 a
650 2614 781 2703 quibus
797 2613 896 2703 quasi
919 2612 1026 2682 initiis
1041 2612 1085 2680 ad
1102 2633 1198 2702 prae,-

107 2705 221 2774 sentia
236 2716 362 2770 statuta
378 2701 421 2770 sit
439 2718 658 2792 perventum.

152 2796 197 2861 A.
215 2791 374 2859 Decreta.

157 2905 185 2948 1.
214 2880 269 2947 De
290 2879 466 2949 cotidiano
488 2880 544 2948 vel
567 2879 737 2969 frequenti
763 2901 901 2949 accessu
925 2879 1077 2948 occurrit
1097 2879 1201 2948 nobis

106 2985 233 3040 votum
256 2968 406 3037 Concilii
431 2969 644 3056 Tridentini,
662 2970 814 3059 optantis
836 2983 875 3037 ut
897 2968 993 3059 quod
1017 2968 1055 3036 in
1079 2968 1201 3058 primis

110 3058 288 3128 Ecclesiae
303 3057 523 3146 temporibus
538 3059 708 3127 sollemne
720 3072 793 3126 erat
805 3071 838 3126 et
850 3057 950 3147 quasi
963 3071 1199 3148 praeceptum,

108 3171 129 3216 a
152 3147 318 3215 fidelibus
345 3160 471 3236 sponte
494 3168 557 3216 sua
580 3146 857 3235 instauraretur3
881 3148 917 3215 id
938 3161 1002 3235 est,
1019 3161 1059 3214 ut
1081 3146 1202 3214 fideles

110 3236 344 3305 assistentiam
376 3234 507 3304 Missae
543 3258 624 3304 curn
655 3236 895 3305 sacramentali
930 3235 1203 3325 consumptione

112 3327 376 3414 coniungerent.
398 3324 469 3392 His
484 3325 581 3393 enirn
597 3325 725 3414 verbis,
743 3325 899 3394 sessione
922 3324 1046 3413 XXII,
1069 3346 1143 3415 cap.
1166 3326 1201 3412 6,

113 3415 291 3482 decretum
307 3433 379 3569 guo
393 3413 519 3482 missas
531 3413 655 3503 probat
667 3414 705 3482 in
716 3415 847 3504 quibus
860 3414 956 3482 solus
968 3413 1203 3483 communicat

113 3503 287 3590 sacerdos,
326 3501 392 3570 acit
415 3501 583 3571 initium:
613 3503 796 3592 «Optaret
843 3503 964 3572 uidem
987 3516 1203 3571 sacrosancta

113 3592 267 3681 synodus
279 3606 319 3659 ut
331 3591 369 3657 in
381 3590 528 3680 singulis
540 3591 656 3660 missis
667 3592 789 3661 fideles
803 3525 987 3670 adstantes,
1001 3613 1075 3660 non
1087 3592 1202 3659 solum

114 3680 283 3770 spirituali
311 3679 449 3768 affectu,
479 3680 539 3749 sed
567 3681 806 3750 sacramentali
835 3682 940 3750 etiarn
965 3680 1203 3749 Eucharistiae

114 3769 336 3859 perceptione
368 3769 680 3856 communicarent,
718 3792 790 3860 quo
821 3771 865 3838 ad
901 3790 961 3839 eos
996 3769 1202 3838 sanctissimi

113 3858 218 3927 huius
233 3855 392 3926 sacrificii
416 3857 549 3927 fructus
568 3859 710 3927 uberior
731 3859 954 3948 proveniret:
984 3880 1049 3926 nec
1071 3873 1200 3944 tamen,

116 3949 143 4016 si
158 3947 194 4015 id
210 3969 283 4016 non
306 3964 448 4038 semper
470 3946 542 4036 fiat,
565 3962 748 4037 propterea
768 3949 891 4017 missas
914 3948 1002 4036 illas,
1021 3947 1203 4037 inquibus

116 4038 209 4104 solus
231 4034 392 4104 sacerdos
415 4038 706 4106 sacramentaliter
729 4037 975 4124 communicat,
993 4050 1033 4104 ut
1055 4037 1203 4125 privatas

118 4139 149 4192 et
159 4124 295 4193 illicitas
307 4123 463 4213 damnat,
481 4127 542 4194 sed
558 4126 695 4215 probat,
713 4141 818 4215 atque
831 4127 917 4195 adeo
934 4124 1167 4194 commendat.
1186 4154 1198 4188 r

112 4292 117 4305 ι
158 4215 268 4283 Antea
281 4227 412 4303 autem,
428 4215 471 4281 de
484 4216 746 4305 praeparatione
762 4215 971 4302 adhibenda,
989 4236 1018 4284 s.
1040 4213 1203 4304 Synodus

119 4300 163 4370 ita
177 4302 345 4392 loquitur,
365 4325 392 4372 s.
411 4303 524 4392 XIII,
542 4325 572 4373 c.
595 4326 628 4390 7.
652 4331 667 4369 r
687 4303 811 4374 Sinon
827 4305 925 4372 decet
940 4305 983 4372 ad
1000 4325 1112 4373 sacras
1128 4303 1204 4372 illas
