2959 4900
289 272 329 334 98
716 291 852 339 pusssm
866 290 950 326 vritur

289 451 366 498 eam
384 427 483 516 sequi
500 406 575 495 tuto
592 426 711 515 possit.
734 425 787 491 Ex
802 445 874 514 quo
891 439 1007 493 autern
1023 446 1077 492 res
1097 448 1117 493 a
1134 424 1170 493 S.
1192 424 1284 494 Sede
1299 425 1377 491 diri-

290 520 408 602 mitur,
424 517 512 607 perit
523 516 583 585 illa
598 517 635 583 in
651 530 723 583 tam
739 514 858 582 multis
874 513 1075 582 difficilibus
1090 514 1263 582 adiunctis
1279 514 1377 602 preti·

290 628 350 675 osa
366 607 517 675 libertas.

337 722 350 758 r
372 695 403 763 3.
424 696 519 765 Cum
544 694 580 763 S.
602 693 709 763 Sedes
726 692 879 768 habenas
895 691 1097 781 disciplinae
1121 712 1257 779 semper
1275 690 1378 758 addu-

290 805 366 854 cere
393 784 528 869 debeat,
557 805 601 851 ne
618 785 705 850 latae
721 780 1021 867 interpretationes
1048 802 1105 849 eas
1121 780 1228 848 nirnis
1256 781 1376 864 laxent,

290 875 358 942 huc
375 874 584 963 plerumque
607 872 645 940 in
661 872 849 938 iudicando
876 870 1081 958 propendet,
1099 887 1137 938 ut
1157 869 1243 959 Legi
1259 869 1376 952 faveat,

290 962 448 1031 detrahat
470 962 514 1029 de
531 962 699 1030 libertate.
721 959 814 1027 lllud
842 959 988 1049 quidem
1019 980 1080 1048 per
1107 979 1144 1027 se
1170 959 1307 1027 bonum
1333 971 1379 1025 est

290 1066 394 1140 atque
421 1051 639 1139 optandum3
669 1050 706 1117 in
730 1048 868 1117 casibus
894 1062 1012 1115 tamen
1038 1048 1317 1136 particularibus
1342 1068 1378 1113 ea

290 1142 365 1230 ipsa
396 1140 644 1207 adiunctorum
679 1139 839 1207 varietate
870 1151 1061 1205 nascuntur
1091 1136 1378 1225 inexsuperabiles

291 1228 504 1385 quandogue
520 1228 751 1308 difficultates,
767 1227 896 1314 quibus
913 1226 1046 1293 occurri
1060 1240 1175 1317 posset
1187 1226 1216 1293 si
1230 1226 1376 1293 decreto

291 1324 362 1387 riae
380 1315 417 1386 S.
462 1317 536 1386 edis
552 1317 743 1386 sententiae
759 1336 833 1383 non
849 1330 1030 1384 exstarent.

337 1434 350 1469 r
371 1429 404 1493 4.
425 1406 531 1489 Cum,
561 1407 599 1474 in
612 1406 763 1475 ferendis
779 1404 970 1490 sententiis,
1002 1403 1039 1472 S.
1060 1403 1167 1472 Sedes
1191 1403 1375 1471 consideret

290 1496 375 1584 quid
401 1498 535 1564 bonum
559 1517 763 1580 commune,
781 1515 855 1561 non
871 1508 988 1561 autem
1005 1492 1090 1582 quid
1108 1493 1248 1582 propria
1271 1492 1373 1559 cuius·

290 1588 373 1653 libet
387 1586 453 1652 loci
470 1585 630 1653 condicio
646 1606 685 1652 ac
709 1597 818 1651 status
842 1586 1004 1669 postulet,
1022 1603 1064 1649 eo
1081 1603 1183 1669 saepe
1199 1580 1238 1648 fit
1254 1595 1291 1648 ut
1308 1580 1373 1647 eius

291 1696 466 1762 responsa,
487 1674 617 1763 quibus
632 1674 759 1742 locales
776 1672 994 1740 difficultates
1014 1692 1178 1759 superare
1206 1670 1370 1751 volebant,

290 1764 476 1831 adveniant
510 1762 681 1831 contraria
715 1761 816 1848 votis,
852 1761 899 1829 ita
933 1776 971 1828 ut
1005 1759 1224 1827 difficultates
1258 1758 1370 1826 faciant

291 1853 453 1921 maiores.

339 1968 352 2004 a
374 1943 406 2009 5.
440 1940 483 2008 ln
499 1940 652 2029 legitima
679 1939 932 2008 consuetudine
959 1938 1009 2006 vis
1026 1940 1116 2007 inest
1142 1938 1256 2027 legem
1284 1936 1369 2003 abro-

292 2031 410 2187 gandi,
428 2031 474 2098 ita
490 2048 529 2097 ut
545 2029 700 2118 idipsum
711 2028 811 2096 liceat
823 2029 918 2116 quod
936 2049 1034 2095 secus
1050 2048 1123 2095 non
1139 2026 1268 2094 liceret.
1290 2024 1371 2092 llinc

324 2174 330 2188 .
353 2119 454 2188 Sedis
470 2120 611 2187 oraculo
624 2139 727 2208 saepe
743 2139 817 2185 non
829 2117 1040 2207 indigemus.

340 2235 352 2270 a
374 2211 407 2276 6.
428 2207 575 2296 Semper
598 2222 734 2295 praesto
758 2206 862 2275 nobis
878 2222 959 2275 sunt
974 2204 1190 2294 theologicae
1212 2205 1267 2271 vel
1283 2222 1369 2271 cano·

292 2299 389 2366 nicae
429 2297 590 2365 scientiae
629 2296 812 2385 principia,
852 2316 954 2384 quae,
995 2296 1032 2362 in
1070 2295 1174 2362 rebus
1213 2290 1369 2374 obscuris,

293 2386 428 2455 reflexis
444 2386 607 2455 scientiae
622 2386 766 2453 moralis
782 2384 962 2476 principiis
978 2406 1050 2453 non
1066 2403 1191 2472 parum
1207 2381 1368 2448 iuvantur.

294 2477 412 2577 Quare
446 2476 637 2564 generatim
669 2475 775 2543 dubia
806 2477 893 2544 solvi
924 2491 1080 2563 possunt·
1102 2474 1176 2541 sine
1210 2469 1246 2539 S.
1285 2467 1371 2538 Sedis

293 2582 501 2633 mterventu.

340 2679 353 2716 n
375 2654 482 2741 Quod
507 2654 535 2721 si
552 2653 631 2742 quis
647 2654 791 2742 proprio
818 2654 937 2721 labore
953 2675 991 2720 ac
1008 2651 1125 2719 studio
1152 2651 1301 2719 dubium
1315 2645 1370 2713 sol·

293 2764 372 2810 vere
384 2756 548 2832 nequeat,
561 2741 677 2811 vitum
690 2743 834 2810 doctum
847 2743 1047 2831 interroget,
1065 2741 1126 2829 qui
1139 2760 1306 2828 responso
1317 2754 1371 2802 suo
1397 2810 1399 2815 ,

292 2833 431 2899 nullum
448 2831 585 2900 meliori
601 2831 826 2922 disputationi
845 2831 1043 2920 praecludet
1065 2829 1213 2916 aditum,
1231 2848 1293 2895 nec
1308 2823 1372 2912 opi-

293 2922 398 2989 nandi
417 2923 571 3009 aliquam
582 2922 680 2989 tollet
692 2922 899 3005 libertatem.

341 3037 354 3072 r
378 3009 558 3078 Hactenus
585 3011 675 3077 dicta
691 3032 765 3078 non
782 3009 957 3077 modicam
974 3006 1277 3076 confirmationem
1299 2999 1372 3070 acci·

292 3100 394 3186 piunt
425 3119 465 3166 ex
495 3099 615 3167 litteris
646 3120 733 3188 quas
768 3099 825 3166 die
861 3101 903 3166 26
934 3097 1070 3186 augusti
1105 3097 1187 3164 anni
1225 3097 1301 3162 1621
1337 3086 1373 3157 ad

295 3187 332 3256 S.
376 3189 547 3255 loannam
585 3189 629 3254 de
672 3188 834 3273 Chantal,
874 3187 983 3255 filiam
1022 3186 1252 3274 spiritualem,
1290 3178 1375 3248 dedit

296 3276 333 3345 S.
371 3277 600 3344 Farrtcrscus
629 3276 830 3345 Sncustus:
869 3276 1029 3343 «Errare
1064 3295 1124 3342 eos
1158 3274 1219 3363 qui
1255 3274 1376 3357 absque

293 3367 494 3434 necessitate
505 3366 659 3433 Romam
672 3366 1058 3453 adeunt,mandatarius
1069 3385 1171 3430 meus
1182 3383 1240 3429 me
1252 3370 1373 3436 monet,
1460 3412 1462 3429 .

294 3471 397 3545 atque
415 3477 488 3523 non
511 3476 604 3521 unus
621 3454 816 3523 Cardinalis
839 3455 933 3521 idern
957 3454 1083 3521 sentire
1099 3451 1293 3519 declaravit.
1314 3448 1377 3514 Res
1460 3463 1462 3506 t

294 3547 389 3611 enim
425 3559 505 3612 sunt
540 3565 630 3632 quae
661 3545 735 3611 sine
767 3544 912 3631 positiva
942 3543 1102 3610 facultate
1132 3540 1208 3609 fieri
1240 3548 1378 3628 possunt

295 3655 337 3701 eo
360 3633 455 3722 quod
482 3633 598 3700 licent.
619 3632 656 3701 Si
673 3632 816 3700 facultas
832 3648 949 3699 tamen
964 3645 1111 3721 petatur,
1130 3629 1263 3697 diversa
1289 3627 1379 3694 dere

295 3723 456 3791 oriuntur
484 3720 624 3790 iudicia.
646 3722 722 3788 Nec
752 3720 788 3789 S.
811 3721 971 3789 Pontifex
997 3741 1099 3810 aegre
1114 3719 1179 3786 fert
1205 3730 1379 3785 consuetu·

294 3811 377 3879 dine
405 3813 503 3898 plura
530 3810 681 3898 permitti
706 3833 796 3901 quae
819 3813 906 3900 ipse,
931 3826 1072 3898 propter
1098 3808 1205 3875 factae
1229 3821 1378 3896 expresse

295 3901 453 3968 licentiae
470 3899 693 3972 consectaria.
712 3900 858 3984 positive
875 3899 1065 3967 concedere
1081 3900 1200 3964 nollet.
1223 3923 1236 3958 v

344 4017 356 4050 r
380 3988 529 4057 Minime
540 4003 657 4056 tamen
670 3988 750 4056 ideo
762 4010 888 4078 negare
901 3988 987 4077 cogit
996 3985 1283 4054 amusinterdum
1294 3998 1379 4070 opus

295 4099 368 4145 esse
393 4093 431 4145 ut
455 4099 661 4166 supremum
677 4094 812 4165 petatur
842 4076 878 4146 S.
908 4075 1007 4144 Sedis
1023 4077 1205 4144 oraculum
1224 4081 1245 4140 ¹.
1275 4073 1377 4139 inter·

325 4259 331 4290 ¹
349 4258 404 4315 Ipsi
417 4257 462 4305 hic
472 4271 564 4316 supra,
577 4273 603 4316 p.
616 4276 654 4316 94,
667 4265 794 4304 auctores
805 4255 907 4302 fuimus
917 4260 949 4303 ut
963 4269 981 4302 a
996 4257 1023 4303 S.
1037 4255 1106 4303 Sede
1117 4260 1253 4312 peteretur
1264 4251 1376 4298 incertae

296 4323 470 4381 professionis
481 4324 595 4371 sanatio
