<?xml version="1.0" encoding="UTF-8"?>
<!DOCTYPE html PUBLIC "-//W3C//DTD XHTML 1.0 Transitional//EN"
    "http://www.w3.org/TR/xhtml1/DTD/xhtml1-transitional.dtd">
<html xmlns="http://www.w3.org/1999/xhtml" xml:lang="en" lang="en">
 <head>
  <title>
</title>
<meta http-equiv="Content-Type" content="text/html;charset=utf-8" />
  <meta name='ocr-system' content='tesseract 3.04.00' />
  <meta name='ocr-capabilities' content='ocr_page ocr_carea ocr_par ocr_line ocrx_word'/>
</head>
<body>
  <div class='ocr_page' id='page_1' title='image "./dereligiosisins01vermgoog_0270.png"; bbox 0 0 2959 4900; ppageno 0'>
   <div class='ocr_carea' id='block_1_1' title="bbox 94 760 254 1162">
    <p class='ocr_par' dir='ltr' id='par_1_1' title="bbox 94 760 254 1162">
     <span class='ocr_line' id='line_1_1' title="bbox 119 760 240 807; baseline -0.017 0"><span class='ocrx_word' id='word_1_1' title='bbox 119 760 240 807; x_wconf 74' lang='lat' dir='ltr'>Iusserat·</span> 
     </span>
     <span class='ocr_line' id='line_1_2' title="bbox 94 816 254 875; baseline 0.031 -11"><span class='ocrx_word' id='word_1_2' title='bbox 94 831 134 875; x_wconf 77' lang='lat' dir='ltr'>que</span> <span class='ocrx_word' id='word_1_3' title='bbox 148 816 254 869; x_wconf 72' lang='lat' dir='ltr'>Triden-</span> 
     </span>
     <span class='ocr_line' id='line_1_3' title="bbox 94 874 238 980; baseline 0.014 -2"><span class='ocrx_word' id='word_1_4' title='bbox 94 874 238 980; x_wconf 59' lang='lat' dir='ltr'>lma</span> 
     </span>
     <span class='ocr_line' id='line_1_4' title="bbox 94 988 198 1037; baseline 0.019 -2"><span class='ocrx_word' id='word_1_5' title='bbox 94 991 156 1036; x_wconf 84' lang='lat' dir='ltr'>mim</span> <span class='ocrx_word' id='word_1_6' title='bbox 165 988 198 1037; x_wconf 83' lang='lat' dir='ltr'>ad</span> 
     </span>
     <span class='ocr_line' id='line_1_5' title="bbox 94 1046 240 1094; baseline 0 -1"><span class='ocrx_word' id='word_1_7' title='bbox 94 1047 182 1094; x_wconf 78' lang='lat' dir='ltr'><em>Sacros</em></span> <span class='ocrx_word' id='word_1_8' title='bbox 192 1046 240 1094; x_wconf 86' lang='lat' dir='ltr'>Or·</span> 
     </span>
     <span class='ocr_line' id='line_1_6' title="bbox 94 1104 168 1162; baseline 0.014 -12"><span class='ocrx_word' id='word_1_9' title='bbox 94 1104 168 1162; x_wconf 77' lang='lat' dir='ltr'>diues,</span> 
     </span>
    </p>
   </div>
   <div class='ocr_carea' id='block_1_2' title="bbox 94 1233 258 1405">
    <p class='ocr_par' dir='ltr' id='par_1_2' title="bbox 94 1233 258 1405">
     <span class='ocr_line' id='line_1_7' title="bbox 123 1233 249 1280; baseline -0.008 -1"><span class='ocrx_word' id='word_1_10' title='bbox 123 1233 249 1280; x_wconf 77' lang='lat' dir='ltr'><em>Revocavit</em></span> 
     </span>
     <span class='ocr_line' id='line_1_8' title="bbox 94 1291 258 1339; baseline 0.006 -2"><span class='ocrx_word' id='word_1_11' title='bbox 94 1291 145 1337; x_wconf 82' lang='lat' dir='ltr'>Sua</span> <span class='ocrx_word' id='word_1_12' title='bbox 157 1291 258 1339; x_wconf 74' lang='lat' dir='ltr'>Sancti·</span> 
     </span>
     <span class='ocr_line' id='line_1_9' title="bbox 96 1352 141 1405; baseline 0.067 -13"><span class='ocrx_word' id='word_1_13' title='bbox 96 1352 141 1405; x_wconf 78' lang='lat' dir='ltr'>ras,</span> 
     </span>
    </p>
   </div>
   <div class='ocr_carea' id='block_1_3' title="bbox 96 1743 257 2039">
    <p class='ocr_par' dir='ltr' id='par_1_3' title="bbox 96 1743 241 1932">
     <span class='ocr_line' id='line_1_10' title="bbox 96 1743 221 1852; baseline 0 -5"><span class='ocrx_word' id='word_1_14' title='bbox 96 1743 221 1852; x_wconf 40' lang='lat' dir='ltr'>exim?</span> 
     </span>
     <span class='ocr_line' id='line_1_11' title="bbox 125 1872 241 1932; baseline 0.009 -12"><span class='ocrx_word' id='word_1_15' title='bbox 125 1872 241 1932; x_wconf 70' lang='lat' dir='ltr'>Religiosi</span> 
     </span>
    </p>

    <p class='ocr_par' dir='ltr' id='par_1_4' title="bbox 96 1935 257 1989">
     <span class='ocr_line' id='line_1_12' title="bbox 96 1935 257 1989; baseline -0.019 -9"><span class='ocrx_word' id='word_1_16' title='bbox 96 1946 184 1989; x_wconf 79' lang='lat' dir='ltr'>omncs,</span> <span class='ocrx_word' id='word_1_17' title='bbox 201 1935 257 1978; x_wconf 78' lang='lat' dir='ltr'>ante</span> 
     </span>
    </p>

    <p class='ocr_par' dir='ltr' id='par_1_5' title="bbox 96 1989 238 2039">
     <span class='ocr_line' id='line_1_13' title="bbox 96 1989 238 2039; baseline -0.028 -1"><span class='ocrx_word' id='word_1_18' title='bbox 96 1989 238 2039; x_wconf 78' lang='lat' dir='ltr'>Ordinatio-</span> 
     </span>
    </p>
   </div>
   <div class='ocr_carea' id='block_1_4' title="bbox 308 270 944 334">
    <p class='ocr_par' dir='ltr' id='par_1_6' title="bbox 308 270 944 334">
     <span class='ocr_line' id='line_1_14' title="bbox 308 270 944 334; baseline -0.008 0"><span class='ocrx_word' id='word_1_19' title='bbox 308 270 347 334; x_wconf 84' lang='grc'>76</span> <span class='ocrx_word' id='word_1_20' title='bbox 433 288 436 298; x_wconf 83' lang='grc'><em>“</em></span> <span class='ocrx_word' id='word_1_21' title='bbox 603 324 605 329; x_wconf 93' lang='grc'><strong>.</strong></span> <span class='ocrx_word' id='word_1_22' title='bbox 677 326 679 329; x_wconf 22' lang='lat'><strong>⁴</strong></span> <span class='ocrx_word' id='word_1_23' title='bbox 761 294 944 331; x_wconf 74' lang='lat' dir='ltr'>uouuueure</span> 
     </span>
    </p>
   </div>
   <div class='ocr_carea' id='block_1_5' title="bbox 307 425 1449 1696">
    <p class='ocr_par' dir='ltr' id='par_1_7' title="bbox 307 425 1449 1696">
     <span class='ocr_line' id='line_1_15' title="bbox 307 425 1385 499; baseline 0.002 -20"><span class='ocrx_word' id='word_1_24' title='bbox 307 448 324 479; x_wconf 91' lang='lat'>«</span> <span class='ocrx_word' id='word_1_25' title='bbox 342 427 505 495; x_wconf 87' lang='lat' dir='ltr'><strong>biennium,</strong></span> <span class='ocrx_word' id='word_1_26' title='bbox 526 426 549 483; x_wconf 95' lang='lat' dir='ltr'>si</span> <span class='ocrx_word' id='word_1_27' title='bbox 566 426 602 483; x_wconf 89' lang='lat' dir='ltr'>de</span> <span class='ocrx_word' id='word_1_28' title='bbox 623 425 801 495; x_wconf 89' lang='lat' dir='ltr'>diaoonatu;</span> <span class='ocrx_word' id='word_1_29' title='bbox 825 436 853 482; x_wconf 92' lang='lat' dir='ltr'>et</span> <span class='ocrx_word' id='word_1_30' title='bbox 867 426 965 499; x_wconf 88' lang='lat' dir='ltr'>quoad</span> <span class='ocrx_word' id='word_1_31' title='bbox 985 427 1218 499; x_wconf 85' lang='lat' dir='ltr'>presbyteratum</span> <span class='ocrx_word' id='word_1_32' title='bbox 1232 426 1332 485; x_wconf 86' lang='lat' dir='ltr'>salte&#39;m</span> <span class='ocrx_word' id='word_1_33' title='bbox 1344 442 1385 496; x_wconf 87' lang='lat' dir='ltr'>per</span> 
     </span>
     <span class='ocr_line' id='line_1_16' title="bbox 307 497 1387 572; baseline 0.001 -22"><span class='ocrx_word' id='word_1_34' title='bbox 307 519 324 550; x_wconf 76' lang='lat' dir='ltr'>e</span> <span class='ocrx_word' id='word_1_35' title='bbox 342 498 513 567; x_wconf 89' lang='lat' dir='ltr'>triennium,</span> <span class='ocrx_word' id='word_1_36' title='bbox 529 498 690 572; x_wconf 87' lang='lat' dir='ltr'>praemisso</span> <span class='ocrx_word' id='word_1_37' title='bbox 708 511 808 555; x_wconf 89' lang='lat' dir='ltr'>tamen</span> <span class='ocrx_word' id='word_1_38' title='bbox 831 497 958 569; x_wconf 85' lang='lat' dir='ltr'>regulari</span> <span class='ocrx_word' id='word_1_39' title='bbox 979 497 1106 555; x_wconf 90' lang='lat' dir='ltr'>aliorum</span> <span class='ocrx_word' id='word_1_40' title='bbox 1127 498 1294 555; x_wconf 86' lang='lat' dir='ltr'>studiorum</span> <span class='ocrx_word' id='word_1_41' title='bbox 1311 497 1387 553; x_wconf 87' lang='lat' dir='ltr'>curri·</span> 
     </span>
     <span class='ocr_line' id='line_1_17' title="bbox 307 567 1387 644; baseline 0.001 -22"><span class='ocrx_word' id='word_1_42' title='bbox 307 588 325 622; x_wconf 70' lang='grc' dir='ltr'>ι(</span> <span class='ocrx_word' id='word_1_43' title='bbox 342 575 411 628; x_wconf 86' lang='lat' dir='ltr'>culo</span> <span class='ocrx_word' id='word_1_44' title='bbox 423 591 449 625; x_wconf 77' lang='lat' dir='ltr'>u.</span> <span class='ocrx_word' id='word_1_45' title='bbox 465 570 522 626; x_wconf 87' lang='lat' dir='ltr'>Sed</span> <span class='ocrx_word' id='word_1_46' title='bbox 532 567 775 644; x_wconf 74' lang='lat' dir='ltr'>praescriptiones</span> <span class='ocrx_word' id='word_1_47' title='bbox 787 568 958 625; x_wconf 89' lang='lat' dir='ltr'>huiusmodi</span> <span class='ocrx_word' id='word_1_48' title='bbox 973 586 1035 625; x_wconf 91' lang='lat' dir='ltr'>non</span> <span class='ocrx_word' id='word_1_49' title='bbox 1048 570 1132 627; x_wconf 85' lang='lat' dir='ltr'>aliter</span> <span class='ocrx_word' id='word_1_50' title='bbox 1144 569 1320 627; x_wconf 89' lang='lat' dir='ltr'>videbantur</span> <span class='ocrx_word' id='word_1_51' title='bbox 1329 584 1387 623; x_wconf 89' lang='lat' dir='ltr'>suos</span> 
     </span>
     <span class='ocr_line' id='line_1_18' title="bbox 308 638 1387 767; baseline -0.005 -69"><span class='ocrx_word' id='word_1_52' title='bbox 308 657 411 698; x_wconf 91' lang='lat' dir='ltr'>omnes</span> <span class='ocrx_word' id='word_1_53' title='bbox 429 642 540 697; x_wconf 85' lang='lat' dir='ltr'>fructus</span> <span class='ocrx_word' id='word_1_54' title='bbox 561 638 665 697; x_wconf 88' lang='lat' dir='ltr'>efferre</span> <span class='ocrx_word' id='word_1_55' title='bbox 686 656 782 713; x_wconf 89' lang='lat' dir='ltr'>posse,</span> <span class='ocrx_word' id='word_1_56' title='bbox 807 657 897 767; x_wconf 47' lang='lat' dir='ltr'>guam</span> <span class='ocrx_word' id='word_1_57' title='bbox 911 640 934 695; x_wconf 91' lang='lat' dir='ltr'>si</span> <span class='ocrx_word' id='word_1_58' title='bbox 948 640 1097 698; x_wconf 89' lang='lat' dir='ltr'>candidati</span> <span class='ocrx_word' id='word_1_59' title='bbox 1109 639 1147 697; x_wconf 83' lang='lat' dir='ltr'>ad</span> <span class='ocrx_word' id='word_1_60' title='bbox 1161 657 1260 697; x_wconf 86' lang='lat' dir='ltr'>sacros</span> <span class='ocrx_word' id='word_1_61' title='bbox 1275 638 1387 696; x_wconf 87' lang='lat' dir='ltr'>Ordines</span> 
     </span>
     <span class='ocr_line' id='line_1_19' title="bbox 308 710 1388 786; baseline 0 -19"><span class='ocrx_word' id='word_1_62' title='bbox 308 712 439 785; x_wconf 87' lang='lat' dir='ltr'>legitimo</span> <span class='ocrx_word' id='word_1_63' title='bbox 453 712 653 786; x_wconf 82' lang='lat' dir='ltr'>experimento</span> <span class='ocrx_word' id='word_1_64' title='bbox 666 712 791 784; x_wconf 88' lang='lat' dir='ltr'>probare</span> <span class='ocrx_word' id='word_1_65' title='bbox 830 712 958 783; x_wconf 89' lang='lat' dir='ltr'>eberent,</span> <span class='ocrx_word' id='word_1_66' title='bbox 982 729 1013 769; x_wconf 90' lang='lat' dir='ltr'>se</span> <span class='ocrx_word' id='word_1_67' title='bbox 1024 712 1056 768; x_wconf 90' lang='lat' dir='ltr'>in</span> <span class='ocrx_word' id='word_1_68' title='bbox 1069 712 1236 770; x_wconf 86' lang='lat' dir='ltr'>constitutis</span> <span class='ocrx_word' id='word_1_69' title='bbox 1251 710 1388 767; x_wconf 85' lang='lat' dir='ltr'>doctriuae</span> 
     </span>
     <span class='ocr_line' id='line_1_20' title="bbox 308 782 1387 857; baseline -0.004 -18"><span class='ocrx_word' id='word_1_70' title='bbox 308 784 411 840; x_wconf 87' lang='lat' dir='ltr'>studiis</span> <span class='ocrx_word' id='word_1_71' title='bbox 425 784 494 840; x_wconf 87' lang='lat' dir='ltr'>satis</span> <span class='ocrx_word' id='word_1_72' title='bbox 506 783 672 855; x_wconf 82' lang='lat' dir='ltr'>profecisse.</span> <span class='ocrx_word' id='word_1_73' title='bbox 696 782 730 839; x_wconf 94' lang='lat' dir='ltr'>Id</span> <span class='ocrx_word' id='word_1_74' title='bbox 750 784 831 857; x_wconf 93' lang='lat' dir='ltr'>quod</span> <span class='ocrx_word' id='word_1_75' title='bbox 853 783 1002 855; x_wconf 84' lang='lat' dir='ltr'>ceteroqui</span> <span class='ocrx_word' id='word_1_76' title='bbox 1021 784 1209 841; x_wconf 74' lang='lat' dir='ltr'>&#39;sacrosancta</span> <span class='ocrx_word' id='word_1_77' title='bbox 1227 782 1387 839; x_wconf 88' lang='lat' dir='ltr'>Tridentina</span> 
     </span>
     <span class='ocr_line' id='line_1_21' title="bbox 308 854 1389 929; baseline -0.003 -18"><span class='ocrx_word' id='word_1_78' title='bbox 308 856 445 928; x_wconf 87' lang='lat' dir='ltr'>Synodus</span> <span class='ocrx_word' id='word_1_79' title='bbox 464 855 609 912; x_wconf 88' lang='lat' dir='ltr'>iusserat:</span> <span class='ocrx_word' id='word_1_80' title='bbox 634 871 704 909; x_wconf 87' lang='lat' dir='ltr'>narn</span> <span class='ocrx_word' id='word_1_81' title='bbox 723 855 800 911; x_wconf 87' lang='lat' dir='ltr'>Sess.</span> <span class='ocrx_word' id='word_1_82' title='bbox 815 854 927 920; x_wconf 92' lang='lat' dir='ltr'>XXIII,</span> <span class='ocrx_word' id='word_1_83' title='bbox 942 856 1014 929; x_wconf 86' lang='lat' dir='ltr'>Cap.</span> <span class='ocrx_word' id='word_1_84' title='bbox 1030 856 1098 922; x_wconf 88' lang='lat' dir='ltr'>VII,</span> <span class='ocrx_word' id='word_1_85' title='bbox 1115 855 1151 910; x_wconf 81' lang='lat' dir='ltr'>de</span> <span class='ocrx_word' id='word_1_86' title='bbox 1164 854 1315 925; x_wconf 68' lang='lat' dir='ltr'>Reform,</span> <span class='ocrx_word' id='word_1_87' title='bbox 1328 854 1389 909; x_wconf 87' lang='lat' dir='ltr'>haec</span> 
     </span>
     <span class='ocr_line' id='line_1_22' title="bbox 307 925 1389 1000; baseline -0.006 -17"><span class='ocrx_word' id='word_1_88' title='bbox 307 926 396 984; x_wconf 86' lang='lat' dir='ltr'>habet</span> <span class='ocrx_word' id='word_1_89' title='bbox 406 926 588 999; x_wconf 85' lang='lat' dir='ltr'>generatim:</span> <span class='ocrx_word' id='word_1_90' title='bbox 604 947 621 978; x_wconf 74' lang='grc' dir='ltr'>ι(</span> <span class='ocrx_word' id='word_1_91' title='bbox 636 925 854 1000; x_wconf 89' lang='lat' dir='ltr'>Episcoporum</span> <span class='ocrx_word' id='word_1_92' title='bbox 865 926 1100 982; x_wconf 85' lang='lat' dir='ltr'>ordinandorum</span> <span class='ocrx_word' id='word_1_93' title='bbox 1112 926 1250 982; x_wconf 89' lang='lat' dir='ltr'>omnium</span> <span class='ocrx_word' id='word_1_94' title='bbox 1262 941 1354 998; x_wconf 84' lang='lat' dir='ltr'>mores</span> <span class='ocrx_word' id='word_1_95' title='bbox 1366 936 1389 978; x_wconf 92' lang='lat' dir='ltr'>et</span> 
     </span>
     <span class='ocr_line' id='line_1_23' title="bbox 308 997 1390 1069; baseline -0.002 -18"><span class='ocrx_word' id='word_1_96' title='bbox 308 1019 325 1051; x_wconf 93' lang='lat'>«</span> <span class='ocrx_word' id='word_1_97' title='bbox 344 998 510 1056; x_wconf 87' lang='lat' dir='ltr'>doctrinam</span> <span class='ocrx_word' id='word_1_98' title='bbox 522 997 676 1069; x_wconf 83' lang='lat' dir='ltr'>diIIgenter</span> <span class='ocrx_word' id='word_1_99' title='bbox 688 997 840 1069; x_wconf 87' lang='lat' dir='ltr'>investiget</span> <span class='ocrx_word' id='word_1_100' title='bbox 853 1009 882 1053; x_wconf 91' lang='lat' dir='ltr'>et</span> <span class='ocrx_word' id='word_1_101' title='bbox 894 998 1040 1056; x_wconf 84' lang='lat' dir='ltr'>examinet</span> <span class='ocrx_word' id='word_1_102' title='bbox 1052 1019 1068 1049; x_wconf 78' lang='lat' dir='ltr'>n</span> <span class='ocrx_word' id='word_1_103' title='bbox 1083 1018 1091 1066; x_wconf 90' lang='lat'><strong>;</strong></span> <span class='ocrx_word' id='word_1_104' title='bbox 1112 997 1290 1054; x_wconf 88' lang='lat' dir='ltr'>nominatim</span> <span class='ocrx_word' id='word_1_105' title='bbox 1304 1008 1390 1053; x_wconf 87' lang='lat' dir='ltr'>autern</span> 
     </span>
     <span class='ocr_line' id='line_1_24' title="bbox 309 1064 1390 1142; baseline -0.006 -17"><span class='ocrx_word' id='word_1_106' title='bbox 309 1070 345 1126; x_wconf 89' lang='lat' dir='ltr'>de</span> <span class='ocrx_word' id='word_1_107' title='bbox 360 1068 552 1142; x_wconf 89' lang='lat' dir='ltr'>Regularibus</span> <span class='ocrx_word' id='word_1_108' title='bbox 565 1069 657 1125; x_wconf 92' lang='lat' dir='ltr'>eiusd.</span> <span class='ocrx_word' id='word_1_109' title='bbox 677 1068 755 1125; x_wconf 89' lang='lat' dir='ltr'>Sess.</span> <span class='ocrx_word' id='word_1_110' title='bbox 772 1070 843 1138; x_wconf 84' lang='lat' dir='ltr'>Cep.</span> <span class='ocrx_word' id='word_1_111' title='bbox 858 1069 914 1125; x_wconf 92' lang='lat' dir='ltr'>XII</span> <span class='ocrx_word' id='word_1_112' title='bbox 931 1089 937 1125; x_wconf 89' lang='lat'>:</span> <span class='ocrx_word' id='word_1_113' title='bbox 962 1088 978 1120; x_wconf 77' lang='grc' dir='ltr'>α</span> <span class='ocrx_word' id='word_1_114' title='bbox 995 1068 1153 1141; x_wconf 79' lang='lat' dir='ltr'>Regulares</span> <span class='ocrx_word' id='word_1_115' title='bbox 1172 1086 1234 1124; x_wconf 90' lang='lat' dir='ltr'>non</span> <span class='ocrx_word' id='word_1_116' title='bbox 1258 1068 1321 1124; x_wconf 89' lang='lat' dir='ltr'>sine</span> <span class='ocrx_word' id='word_1_117' title='bbox 1339 1064 1390 1123; x_wconf 88' lang='lat' dir='ltr'>dili·</span> 
     </span>
     <span class='ocr_line' id='line_1_25' title="bbox 310 1138 1388 1215; baseline -0.001 -23"><span class='ocrx_word' id='word_1_118' title='bbox 310 1161 327 1193; x_wconf 77' lang='lat' dir='ltr'>e</span> <span class='ocrx_word' id='word_1_119' title='bbox 345 1141 424 1214; x_wconf 90' lang='lat' dir='ltr'>genti</span> <span class='ocrx_word' id='word_1_120' title='bbox 452 1138 589 1214; x_wconf 87' lang='lat' dir='ltr'>Episcopi</span> <span class='ocrx_word' id='word_1_121' title='bbox 613 1141 747 1196; x_wconf 82' lang='lat' dir='ltr'>exemIne</span> <span class='ocrx_word' id='word_1_122' title='bbox 773 1140 953 1207; x_wconf 85' lang='lat' dir='ltr'>ordinentur,</span> <span class='ocrx_word' id='word_1_123' title='bbox 983 1140 1141 1215; x_wconf 77' lang='lat' dir='ltr'>privilegiis</span> <span class='ocrx_word' id='word_1_124' title='bbox 1164 1140 1388 1213; x_wconf 90' lang='lat' dir='ltr'>quibuscumque</span> 
     </span>
     <span class='ocr_line' id='line_1_26' title="bbox 310 1210 1388 1286; baseline -0.001 -22"><span class='ocrx_word' id='word_1_125' title='bbox 310 1212 443 1285; x_wconf 82' lang='lat' dir='ltr'>«quoad</span> <span class='ocrx_word' id='word_1_126' title='bbox 467 1211 524 1267; x_wconf 93' lang='lat' dir='ltr'>hoc</span> <span class='ocrx_word' id='word_1_127' title='bbox 549 1211 666 1285; x_wconf 91' lang='lat' dir='ltr'>penitus</span> <span class='ocrx_word' id='word_1_128' title='bbox 690 1210 813 1268; x_wconf 84' lang='lat' dir='ltr'>exclusis</span> <span class='ocrx_word' id='word_1_129' title='bbox 837 1232 863 1267; x_wconf 76' lang='lat' dir='ltr'>n.</span> <span class='ocrx_word' id='word_1_130' title='bbox 893 1212 1104 1286; x_wconf 89' lang='lat' dir='ltr'>Opportunum</span> <span class='ocrx_word' id='word_1_131' title='bbox 1128 1212 1217 1284; x_wconf 90' lang='lat' dir='ltr'>igitur</span> <span class='ocrx_word' id='word_1_132' title='bbox 1243 1210 1388 1283; x_wconf 86' lang='lat' dir='ltr'>apparebat</span> 
     </span>
     <span class='ocr_line' id='line_1_27' title="bbox 310 1281 1388 1356; baseline -0.005 -17"><span class='ocrx_word' id='word_1_133' title='bbox 310 1299 381 1349; x_wconf 90' lang='lat' dir='ltr'>esse,</span> <span class='ocrx_word' id='word_1_134' title='bbox 404 1284 481 1339; x_wconf 88' lang='lat' dir='ltr'>hanc</span> <span class='ocrx_word' id='word_1_135' title='bbox 500 1281 665 1338; x_wconf 89' lang='lat' dir='ltr'>Tridentini</span> <span class='ocrx_word' id='word_1_136' title='bbox 691 1281 816 1339; x_wconf 80' lang='lat' dir='ltr'>Consilii</span> <span class='ocrx_word' id='word_1_137' title='bbox 835 1283 930 1355; x_wconf 90' lang='lat' dir='ltr'>legem</span> <span class='ocrx_word' id='word_1_138' title='bbox 947 1282 1085 1352; x_wconf 86' lang='lat' dir='ltr'>revocari,</span> <span class='ocrx_word' id='word_1_139' title='bbox 1111 1300 1187 1356; x_wconf 87' lang='lat' dir='ltr'>quae</span> <span class='ocrx_word' id='word_1_140' title='bbox 1209 1282 1388 1338; x_wconf 85' lang='lat' dir='ltr'>diuturnitate</span> 
     </span>
     <span class='ocr_line' id='line_1_28' title="bbox 310 1352 1387 1428; baseline -0.004 -18"><span class='ocrx_word' id='word_1_141' title='bbox 310 1353 520 1412; x_wconf 85' lang='lat' dir='ltr'>obsolevisset:</span> <span class='ocrx_word' id='word_1_142' title='bbox 543 1353 632 1426; x_wconf 93' lang='lat' dir='ltr'>idque</span> <span class='ocrx_word' id='word_1_143' title='bbox 652 1355 715 1410; x_wconf 94' lang='lat' dir='ltr'>Nos</span> <span class='ocrx_word' id='word_1_144' title='bbox 736 1370 816 1416; x_wconf 86' lang='lat' dir='ltr'>anno</span> <span class='ocrx_word' id='word_1_145' title='bbox 840 1355 990 1427; x_wconf 86' lang='lat' dir='ltr'>superiore</span> <span class='ocrx_word' id='word_1_146' title='bbox 1011 1354 1209 1428; x_wconf 90' lang='lat' dir='ltr'>praestitimus</span> <span class='ocrx_word' id='word_1_147' title='bbox 1228 1370 1283 1426; x_wconf 90' lang='lat' dir='ltr'>pro</span> <span class='ocrx_word' id='word_1_148' title='bbox 1309 1352 1387 1417; x_wconf 78' lang='lat' dir='ltr'>Urbe,</span> 
     </span>
     <span class='ocr_line' id='line_1_29' title="bbox 311 1424 1388 1499; baseline -0.005 -18"><span class='ocrx_word' id='word_1_149' title='bbox 311 1442 380 1482; x_wconf 88' lang='lat' dir='ltr'>cum</span> <span class='ocrx_word' id='word_1_150' title='bbox 392 1425 440 1481; x_wconf 89' lang='lat' dir='ltr'>die</span> <span class='ocrx_word' id='word_1_151' title='bbox 449 1425 517 1481; x_wconf 94' lang='lat' dir='ltr'>XVI</span> <span class='ocrx_word' id='word_1_152' title='bbox 531 1426 640 1480; x_wconf 90' lang='lat' dir='ltr'>mensis</span> <span class='ocrx_word' id='word_1_153' title='bbox 653 1425 717 1480; x_wconf 85' lang='lat' dir='ltr'>iulii</span> <span class='ocrx_word' id='word_1_154' title='bbox 731 1426 766 1494; x_wconf 85' lang='lat'>(¹)</span> <span class='ocrx_word' id='word_1_155' title='bbox 784 1426 869 1481; x_wconf 91' lang='lat' dir='ltr'>Motu</span> <span class='ocrx_word' id='word_1_156' title='bbox 882 1426 1002 1499; x_wconf 92' lang='lat' dir='ltr'>proprio</span> <span class='ocrx_word' id='word_1_157' title='bbox 1014 1426 1206 1489; x_wconf 82' lang='lat' dir='ltr'>decrevimus,</span> <span class='ocrx_word' id='word_1_158' title='bbox 1220 1437 1255 1480; x_wconf 87' lang='lat' dir='ltr'>ut</span> <span class='ocrx_word' id='word_1_159' title='bbox 1269 1424 1388 1497; x_wconf 83' lang='lat' dir='ltr'>quicum·</span> 
     </span>
     <span class='ocr_line' id='line_1_30' title="bbox 311 1495 1388 1571; baseline -0.004 -20"><span class='ocrx_word' id='word_1_160' title='bbox 311 1513 369 1571; x_wconf 93' lang='lat' dir='ltr'>que</span> <span class='ocrx_word' id='word_1_161' title='bbox 387 1496 447 1553; x_wconf 90' lang='lat' dir='ltr'>sive</span> <span class='ocrx_word' id='word_1_162' title='bbox 465 1497 501 1552; x_wconf 88' lang='lat' dir='ltr'>de</span> <span class='ocrx_word' id='word_1_163' title='bbox 515 1496 656 1553; x_wconf 88' lang='lat' dir='ltr'>saeculari</span> <span class='ocrx_word' id='word_1_164' title='bbox 670 1496 729 1552; x_wconf 86' lang='lat' dir='ltr'>slve</span> <span class='ocrx_word' id='word_1_165' title='bbox 743 1500 779 1551; x_wconf 93' lang='lat' dir='ltr'>de</span> <span class='ocrx_word' id='word_1_166' title='bbox 797 1497 924 1569; x_wconf 88' lang='lat' dir='ltr'>regulari</span> <span class='ocrx_word' id='word_1_167' title='bbox 936 1497 1015 1553; x_wconf 87' lang='lat' dir='ltr'>clero</span> <span class='ocrx_word' id='word_1_168' title='bbox 1028 1498 1065 1553; x_wconf 87' lang='lat' dir='ltr'>ed</span> <span class='ocrx_word' id='word_1_169' title='bbox 1084 1514 1181 1553; x_wconf 91' lang='lat' dir='ltr'>sacros</span> <span class='ocrx_word' id='word_1_170' title='bbox 1196 1495 1322 1552; x_wconf 90' lang='lat' dir='ltr'>Ordines</span> <span class='ocrx_word' id='word_1_171' title='bbox 1351 1508 1388 1548; x_wconf 80' lang='lat' dir='ltr'>ro</span> 
     </span>
     <span class='ocr_line' id='line_1_31' title="bbox 310 1566 1449 1641; baseline -0.005 -17"><span class='ocrx_word' id='word_1_172' title='bbox 310 1568 447 1624; x_wconf 87' lang='lat' dir='ltr'>movendi</span> <span class='ocrx_word' id='word_1_173' title='bbox 475 1578 581 1637; x_wconf 90' lang='lat' dir='ltr'>essent,</span> <span class='ocrx_word' id='word_1_174' title='bbox 611 1584 725 1631; x_wconf 85' lang='lat' dir='ltr'>omnes,</span> <span class='ocrx_word' id='word_1_175' title='bbox 752 1579 873 1639; x_wconf 86' lang='lat' dir='ltr'>excepto</span> <span class='ocrx_word' id='word_1_176' title='bbox 903 1568 1031 1637; x_wconf 88' lang='lat' dir='ltr'>nemine,</span> <span class='ocrx_word' id='word_1_177' title='bbox 1060 1568 1210 1625; x_wconf 87' lang='lat' dir='ltr'>doctrinae</span> <span class='ocrx_word' id='word_1_178' title='bbox 1237 1566 1315 1641; x_wconf 90' lang='lat' dir='ltr'>peric</span> <span class='ocrx_word' id='word_1_179' title='bbox 1346 1580 1388 1619; x_wconf 89' lang='lat' dir='ltr'>um</span> <span class='ocrx_word' id='word_1_180' title='bbox 1448 1628 1449 1639; x_wconf 22' lang='lat'>2</span> 
     </span>
     <span class='ocr_line' id='line_1_32' title="bbox 310 1638 1089 1696; baseline -0.005 0"><span class='ocrx_word' id='word_1_181' title='bbox 310 1638 438 1696; x_wconf 84' lang='lat' dir='ltr'>Iacerent</span> <span class='ocrx_word' id='word_1_182' title='bbox 449 1638 481 1694; x_wconf 88' lang='lat' dir='ltr'>in</span> <span class='ocrx_word' id='word_1_183' title='bbox 497 1638 588 1695; x_wconf 90' lang='lat' dir='ltr'>Curia</span> <span class='ocrx_word' id='word_1_184' title='bbox 600 1639 765 1695; x_wconf 78' lang='lat' dir='ltr'>cardinalis</span> <span class='ocrx_word' id='word_1_185' title='bbox 778 1640 887 1695; x_wconf 88' lang='lat' dir='ltr'>Vicarii</span> <span class='ocrx_word' id='word_1_186' title='bbox 902 1640 1014 1696; x_wconf 89' lang='lat' dir='ltr'>Nostri.</span> <span class='ocrx_word' id='word_1_187' title='bbox 1087 1690 1089 1692; x_wconf 83' lang='lat'>.</span> 
     </span>
    </p>
   </div>
   <div class='ocr_carea' id='block_1_6' title="bbox 310 1720 1389 2148">
    <p class='ocr_par' dir='ltr' id='par_1_8' title="bbox 310 1720 1449 2148">
     <span class='ocr_line' id='line_1_33' title="bbox 348 1720 1389 1797; baseline -0.005 -18"><span class='ocrx_word' id='word_1_188' title='bbox 348 1724 436 1779; x_wconf 88' lang='lat' dir='ltr'>Nunc</span> <span class='ocrx_word' id='word_1_189' title='bbox 453 1739 525 1780; x_wconf 89' lang='lat' dir='ltr'>vero</span> <span class='ocrx_word' id='word_1_190' title='bbox 541 1723 647 1797; x_wconf 84' lang='lat' dir='ltr'>placet,</span> <span class='ocrx_word' id='word_1_191' title='bbox 661 1723 750 1779; x_wconf 88' lang='lat' dir='ltr'>etiam</span> <span class='ocrx_word' id='word_1_192' title='bbox 762 1739 798 1779; x_wconf 86' lang='lat' dir='ltr'>ex</span> <span class='ocrx_word' id='word_1_193' title='bbox 811 1722 946 1779; x_wconf 90' lang='lat' dir='ltr'>consulto</span> <span class='ocrx_word' id='word_1_194' title='bbox 961 1722 1183 1789; x_wconf 83' lang='lat' dir='ltr'>Moderatorum</span> <span class='ocrx_word' id='word_1_195' title='bbox 1204 1723 1310 1778; x_wconf 84' lang='lat' dir='ltr'>Sacrae</span> <span class='ocrx_word' id='word_1_196' title='bbox 1324 1720 1389 1775; x_wconf 87' lang='lat' dir='ltr'>Con·</span> 
     </span>
     <span class='ocr_line' id='line_1_34' title="bbox 310 1794 1389 1868; baseline -0.004 -18"><span class='ocrx_word' id='word_1_197' title='bbox 310 1794 487 1867; x_wconf 85' lang='lat' dir='ltr'>gregationis</span> <span class='ocrx_word' id='word_1_198' title='bbox 513 1795 730 1868; x_wconf 85' lang='lat' dir='ltr'>Episcoporum</span> <span class='ocrx_word' id='word_1_199' title='bbox 757 1806 785 1850; x_wconf 90' lang='lat' dir='ltr'>et</span> <span class='ocrx_word' id='word_1_200' title='bbox 807 1794 1010 1867; x_wconf 88' lang='lat' dir='ltr'>Regularium,</span> <span class='ocrx_word' id='word_1_201' title='bbox 1038 1807 1237 1868; x_wconf 81' lang='lat' dir='ltr'>memoratum</span> <span class='ocrx_word' id='word_1_202' title='bbox 1261 1794 1389 1847; x_wconf 88' lang='lat' dir='ltr'>Nostrum</span> 
     </span>
     <span class='ocr_line' id='line_1_35' title="bbox 310 1862 1387 1939; baseline -0.005 -18"><span class='ocrx_word' id='word_1_203' title='bbox 310 1866 460 1924; x_wconf 89' lang='lat' dir='ltr'>decretum</span> <span class='ocrx_word' id='word_1_204' title='bbox 471 1882 523 1939; x_wconf 92' lang='lat' dir='ltr'>per</span> <span class='ocrx_word' id='word_1_205' title='bbox 532 1866 586 1921; x_wconf 86' lang='lat' dir='ltr'>has</span> <span class='ocrx_word' id='word_1_206' title='bbox 597 1866 707 1922; x_wconf 89' lang='lat' dir='ltr'>litteras</span> <span class='ocrx_word' id='word_1_207' title='bbox 721 1865 886 1924; x_wconf 83' lang='lat' dir='ltr'>extendere,</span> <span class='ocrx_word' id='word_1_208' title='bbox 902 1867 1001 1935; x_wconf 88' lang='lat' dir='ltr'>Quare</span> <span class='ocrx_word' id='word_1_209' title='bbox 1017 1866 1080 1921; x_wconf 91' lang='lat' dir='ltr'>Nos</span> <span class='ocrx_word' id='word_1_210' title='bbox 1095 1866 1182 1921; x_wconf 88' lang='lat' dir='ltr'>Motu</span> <span class='ocrx_word' id='word_1_211' title='bbox 1192 1866 1262 1920; x_wconf 91' lang='lat' dir='ltr'>item</span> <span class='ocrx_word' id='word_1_212' title='bbox 1270 1862 1387 1937; x_wconf 86' lang='lat' dir='ltr'>proprio,</span> 
     </span>
     <span class='ocr_line' id='line_1_36' title="bbox 310 1934 1388 2006; baseline -0.006 -13"><span class='ocrx_word' id='word_1_213' title='bbox 310 1937 445 1993; x_wconf 90' lang='lat' dir='ltr'>volumus</span> <span class='ocrx_word' id='word_1_214' title='bbox 466 1954 501 1993; x_wconf 86' lang='lat' dir='ltr'>ac</span> <span class='ocrx_word' id='word_1_215' title='bbox 522 1937 667 2006; x_wconf 89' lang='lat' dir='ltr'>iubemus,</span> <span class='ocrx_word' id='word_1_216' title='bbox 689 1948 722 1991; x_wconf 88' lang='lat' dir='ltr'>ut</span> <span class='ocrx_word' id='word_1_217' title='bbox 736 1934 767 1991; x_wconf 92' lang='lat' dir='ltr'>in</span> <span class='ocrx_word' id='word_1_218' title='bbox 789 1936 872 1993; x_wconf 87' lang='lat' dir='ltr'>Italia</span> <span class='ocrx_word' id='word_1_219' title='bbox 885 1950 913 1993; x_wconf 90' lang='lat' dir='ltr'>et</span> <span class='ocrx_word' id='word_1_220' title='bbox 931 1938 962 1991; x_wconf 90' lang='lat' dir='ltr'>in</span> <span class='ocrx_word' id='word_1_221' title='bbox 974 1937 1078 1992; x_wconf 91' lang='lat' dir='ltr'>insulis</span> <span class='ocrx_word' id='word_1_222' title='bbox 1093 1936 1194 1993; x_wconf 86' lang='lat' dir='ltr'>Italiae</span> <span class='ocrx_word' id='word_1_223' title='bbox 1206 1935 1316 1991; x_wconf 88' lang='lat' dir='ltr'>dicioni</span> <span class='ocrx_word' id='word_1_224' title='bbox 1333 1934 1388 1989; x_wconf 79' lang='lat' dir='ltr'>sub</span> 
     </span>
     <span class='ocr_line' id='line_1_37' title="bbox 311 2004 1388 2081; baseline -0.005 -17"><span class='ocrx_word' id='word_1_225' title='bbox 311 2008 402 2074; x_wconf 87' lang='lat' dir='ltr'>lectis,</span> <span class='ocrx_word' id='word_1_226' title='bbox 418 2006 557 2081; x_wconf 89' lang='lat' dir='ltr'>Religiosi</span> <span class='ocrx_word' id='word_1_227' title='bbox 579 2025 691 2076; x_wconf 88' lang='lat' dir='ltr'>omnes,</span> <span class='ocrx_word' id='word_1_228' title='bbox 711 2009 757 2064; x_wconf 93' lang='lat' dir='ltr'>vel</span> <span class='ocrx_word' id='word_1_229' title='bbox 779 2008 816 2063; x_wconf 92' lang='lat' dir='ltr'>ad</span> <span class='ocrx_word' id='word_1_230' title='bbox 839 2008 975 2065; x_wconf 90' lang='lat' dir='ltr'>Instituta</span> <span class='ocrx_word' id='word_1_231' title='bbox 997 2020 1137 2064; x_wconf 88' lang='lat' dir='ltr'>votorum</span> <span class='ocrx_word' id='word_1_232' title='bbox 1150 2006 1336 2079; x_wconf 85' lang='lat' dir='ltr'>simplicium,</span> <span class='ocrx_word' id='word_1_233' title='bbox 1351 2004 1388 2059; x_wconf 88' lang='lat' dir='ltr'>vel</span> 
     </span>
     <span class='ocr_line' id='line_1_38' title="bbox 310 2076 1388 2148; baseline -0.005 -13"><span class='ocrx_word' id='word_1_234' title='bbox 310 2080 347 2135; x_wconf 86' lang='lat' dir='ltr'>ad</span> <span class='ocrx_word' id='word_1_235' title='bbox 359 2093 497 2136; x_wconf 87' lang='lat' dir='ltr'>votorum</span> <span class='ocrx_word' id='word_1_236' title='bbox 520 2079 709 2137; x_wconf 86' lang='lat' dir='ltr'>sollemnium</span> <span class='ocrx_word' id='word_1_237' title='bbox 728 2079 915 2148; x_wconf 77' lang='lat' dir='ltr'>pertiuenteS,</span> <span class='ocrx_word' id='word_1_238' title='bbox 941 2096 978 2136; x_wconf 92' lang='lat' dir='ltr'>ne</span> <span class='ocrx_word' id='word_1_239' title='bbox 999 2093 1067 2135; x_wconf 86' lang='lat' dir='ltr'>ante</span> <span class='ocrx_word' id='word_1_240' title='bbox 1091 2080 1128 2135; x_wconf 90' lang='lat' dir='ltr'>ad</span> <span class='ocrx_word' id='word_1_241' title='bbox 1153 2087 1252 2136; x_wconf 89' lang='lat' dir='ltr'>sacros</span> <span class='ocrx_word' id='word_1_242' title='bbox 1276 2076 1388 2133; x_wconf 89' lang='lat' dir='ltr'>Ordines</span> 
     </span>
    </p>
   </div>
   <div class='ocr_carea' id='block_1_7' title="bbox 198 2146 1387 2225">
    <p class='ocr_par' dir='ltr' id='par_1_9' title="bbox 198 2146 1387 2225">
     <span class='ocr_line' id='line_1_39' title="bbox 198 2146 1387 2225; baseline -0.003 -19"><span class='ocrx_word' id='word_1_243' title='bbox 198 2164 202 2172; x_wconf 87' lang='lat'>·</span> <span class='ocrx_word' id='word_1_244' title='bbox 247 2195 254 2210; x_wconf 92' lang='lat'>.</span> <span class='ocrx_word' id='word_1_245' title='bbox 311 2151 550 2225; x_wconf 80' lang='lat' dir='ltr'>promoveantur,</span> <span class='ocrx_word' id='word_1_246' title='bbox 562 2168 652 2223; x_wconf 90' lang='lat' dir='ltr'>quam</span> <span class='ocrx_word' id='word_1_247' title='bbox 663 2152 700 2206; x_wconf 87' lang='lat' dir='ltr'>ab</span> <span class='ocrx_word' id='word_1_248' title='bbox 714 2150 864 2224; x_wconf 88' lang='lat' dir='ltr'>Episcopo</span> <span class='ocrx_word' id='word_1_249' title='bbox 877 2150 944 2221; x_wconf 86' lang='lat' dir='ltr'>locI,</span> <span class='ocrx_word' id='word_1_250' title='bbox 958 2150 1090 2223; x_wconf 87' lang='lat' dir='ltr'>diligenti</span> <span class='ocrx_word' id='word_1_251' title='bbox 1104 2150 1256 2207; x_wconf 88' lang='lat' dir='ltr'>doctrinae</span> <span class='ocrx_word' id='word_1_252' title='bbox 1267 2146 1387 2205; x_wconf 85' lang='lat' dir='ltr'>examine</span> 
     </span>
    </p>
   </div>
   <div class='ocr_carea' id='block_1_8' title="bbox 95 2293 246 2516">
    <p class='ocr_par' dir='ltr' id='par_1_10' title="bbox 95 2293 246 2516">
     <span class='ocr_line' id='line_1_40' title="bbox 97 2293 246 2354; baseline -0.007 -13"><span class='ocrx_word' id='word_1_253' title='bbox 97 2308 162 2341; x_wconf 72' lang='lat' dir='ltr'>omne</span> <span class='ocrx_word' id='word_1_254' title='bbox 168 2293 246 2354; x_wconf 75' lang='lat' dir='ltr'>privi-</span> 
     </span>
     <span class='ocr_line' id='line_1_41' title="bbox 95 2355 209 2411; baseline 0 -13"><span class='ocrx_word' id='word_1_255' title='bbox 95 2355 178 2411; x_wconf 83' lang='lat' dir='ltr'>legium</span> <span class='ocrx_word' id='word_1_256' title='bbox 187 2356 209 2398; x_wconf 81' lang='lat' dir='ltr'>et</span> 
     </span>
     <span class='ocr_line' id='line_1_42' title="bbox 95 2408 231 2458; baseline 0.007 -1"><span class='ocrx_word' id='word_1_257' title='bbox 95 2408 231 2458; x_wconf 70' lang='lat' dir='ltr'>commiade</span> 
     </span>
     <span class='ocr_line' id='line_1_43' title="bbox 96 2470 229 2516; baseline -0.008 0"><span class='ocrx_word' id='word_1_258' title='bbox 96 2470 229 2516; x_wconf 75' lang='lat' dir='ltr'>contraria.</span> 
     </span>
    </p>
   </div>
   <div class='ocr_carea' id='block_1_9' title="bbox 96 2540 224 2648">
    <p class='ocr_par' dir='ltr' id='par_1_11' title="bbox 96 2540 224 2648">
     <span class='ocr_line' id='line_1_44' title="bbox 124 2540 224 2610; baseline 0 -22"><span class='ocrx_word' id='word_1_259' title='bbox 124 2540 224 2610; x_wconf 57' lang='lat' dir='ltr'>Modum</span> 
     </span>
     <span class='ocr_line' id='line_1_45' title="bbox 96 2612 214 2648; baseline 0.008 -3"><span class='ocrx_word' id='word_1_260' title='bbox 96 2612 214 2648; x_wconf 72' lang='lat' dir='ltr'>examines</span> 
     </span>
    </p>
   </div>
   <div class='ocr_carea' id='block_1_10' title="bbox 96 2655 216 2776">
    <p class='ocr_par' dir='ltr' id='par_1_12' title="bbox 96 2655 216 2776">
     <span class='ocr_line' id='line_1_46' title="bbox 96 2655 216 2776; baseline -0.008 -15"><span class='ocrx_word' id='word_1_261' title='bbox 96 2655 216 2776; x_wconf 60' lang='lat' dir='ltr'>ltro}</span> 
     </span>
    </p>
   </div>
   <div class='ocr_carea' id='block_1_11' title="bbox 96 2955 254 3072">
    <p class='ocr_par' dir='ltr' id='par_1_13' title="bbox 96 2955 254 3072">
     <span class='ocr_line' id='line_1_47' title="bbox 96 2955 254 3072; baseline 0 -12"><span class='ocrx_word' id='word_1_262' title='bbox 96 2955 254 3072; x_wconf 48' lang='lat' dir='ltr'>maetifsrss).</span> 
     </span>
    </p>
   </div>
   <div class='ocr_carea' id='block_1_12' title="bbox 309 2219 1448 3092">
    <p class='ocr_par' dir='ltr' id='par_1_14' title="bbox 309 2219 1448 2938">
     <span class='ocr_line' id='line_1_48' title="bbox 311 2219 1386 2296; baseline -0.004 -19"><span class='ocrx_word' id='word_1_263' title='bbox 311 2223 426 2296; x_wconf 86' lang='lat' dir='ltr'>probati</span> <span class='ocrx_word' id='word_1_264' title='bbox 450 2221 508 2278; x_wconf 85' lang='lat' dir='ltr'>siut</span> <span class='ocrx_word' id='word_1_265' title='bbox 536 2221 657 2278; x_wconf 87' lang='lat' dir='ltr'>idone&#39;i:</span> <span class='ocrx_word' id='word_1_266' title='bbox 685 2222 812 2291; x_wconf 90' lang='lat' dir='ltr'>sublato,</span> <span class='ocrx_word' id='word_1_267' title='bbox 844 2222 881 2277; x_wconf 89' lang='lat' dir='ltr'>ad</span> <span class='ocrx_word' id='word_1_268' title='bbox 907 2222 988 2278; x_wconf 88' lang='lat' dir='ltr'>bunc</span> <span class='ocrx_word' id='word_1_269' title='bbox 1014 2221 1222 2278; x_wconf 85' lang='lat' dir='ltr'>tantummodo</span> <span class='ocrx_word' id='word_1_270' title='bbox 1253 2219 1386 2285; x_wconf 85' lang='lat' dir='ltr'>effectum,</span> 
     </span>
     <span class='ocr_line' id='line_1_49' title="bbox 311 2290 1388 2367; baseline -0.006 -18"><span class='ocrx_word' id='word_1_271' title='bbox 311 2310 498 2366; x_wconf 84' lang='lat' dir='ltr'>quocumque</span> <span class='ocrx_word' id='word_1_272' title='bbox 520 2294 667 2349; x_wconf 86' lang='lat' dir='ltr'>contrario</span> <span class='ocrx_word' id='word_1_273' title='bbox 685 2293 847 2365; x_wconf 83' lang='lat' dir='ltr'>privilegio,</span> <span class='ocrx_word' id='word_1_274' title='bbox 868 2293 956 2349; x_wconf 87' lang='lat' dir='ltr'>etiem</span> <span class='ocrx_word' id='word_1_275' title='bbox 977 2294 1186 2367; x_wconf 78' lang='lat' dir='ltr'>specialissime</span> <span class='ocrx_word' id='word_1_276' title='bbox 1206 2305 1234 2349; x_wconf 91' lang='lat' dir='ltr'>et</span> <span class='ocrx_word' id='word_1_277' title='bbox 1252 2290 1388 2348; x_wconf 89' lang='lat' dir='ltr'>individua</span> 
     </span>
     <span class='ocr_line' id='line_1_50' title="bbox 310 2360 1385 2437; baseline -0.005 -18"><span class='ocrx_word' id='word_1_278' title='bbox 310 2365 461 2421; x_wconf 84' lang='lat' dir='ltr'>mentIone</span> <span class='ocrx_word' id='word_1_279' title='bbox 474 2364 574 2436; x_wconf 88' lang='lat' dir='ltr'>digno,</span> <span class='ocrx_word' id='word_1_280' title='bbox 589 2365 789 2437; x_wconf 85' lang='lat' dir='ltr'>abrogataque</span> <span class='ocrx_word' id='word_1_281' title='bbox 810 2381 997 2436; x_wconf 89' lang='lat' dir='ltr'>quacumque</span> <span class='ocrx_word' id='word_1_282' title='bbox 1016 2365 1163 2421; x_wconf 82' lang='lat' dir='ltr'>contrarIa</span> <span class='ocrx_word' id='word_1_283' title='bbox 1176 2360 1385 2426; x_wconf 85' lang='lat' dir='ltr'>consuetudine,</span> 
     </span>
     <span class='ocr_line' id='line_1_51' title="bbox 311 2431 1387 2510; baseline -0.006 -18"><span class='ocrx_word' id='word_1_284' title='bbox 311 2436 399 2492; x_wconf 87' lang='lat' dir='ltr'>etiam</span> <span class='ocrx_word' id='word_1_285' title='bbox 411 2436 578 2492; x_wconf 86' lang='lat' dir='ltr'>centenaria</span> <span class='ocrx_word' id='word_1_286' title='bbox 590 2445 619 2492; x_wconf 89' lang='lat' dir='ltr'>et</span> <span class='ocrx_word' id='word_1_287' title='bbox 630 2436 848 2504; x_wconf 89' lang='lat' dir='ltr'>immemoriali‚</span> <span class='ocrx_word' id='word_1_288' title='bbox 863 2454 953 2509; x_wconf 90' lang='lat' dir='ltr'>quam</span> <span class='ocrx_word' id='word_1_289' title='bbox 971 2436 1002 2492; x_wconf 91' lang='lat' dir='ltr'>in</span> <span class='ocrx_word' id='word_1_290' title='bbox 1020 2434 1155 2492; x_wconf 84' lang='lat' dir='ltr'>futurum</span> <span class='ocrx_word' id='word_1_291' title='bbox 1168 2452 1288 2510; x_wconf 91' lang='lat' dir='ltr'>quoque</span> <span class='ocrx_word' id='word_1_292' title='bbox 1299 2431 1387 2510; x_wconf 82' lang='lat' dir='ltr'>induci</span> 
     </span>
     <span class='ocr_line' id='line_1_52' title="bbox 310 2505 1448 2582; baseline -0.003 -19"><span class='ocrx_word' id='word_1_293' title='bbox 310 2507 510 2582; x_wconf 86' lang='lat' dir='ltr'>prohibemus.</span> <span class='ocrx_word' id='word_1_294' title='bbox 535 2509 568 2565; x_wconf 93' lang='lat' dir='ltr'>Id</span> <span class='ocrx_word' id='word_1_295' title='bbox 583 2524 712 2570; x_wconf 74' lang='lat' dir='ltr'>‚examen</span> <span class='ocrx_word' id='word_1_296' title='bbox 758 2525 797 2562; x_wconf 88' lang='lat' dir='ltr'>ua</span> <span class='ocrx_word' id='word_1_297' title='bbox 819 2508 932 2573; x_wconf 70' lang='lat' dir='ltr'>radone</span> <span class='ocrx_word' id='word_1_298' title='bbox 951 2507 1174 2572; x_wconf 76' lang='lat' dir='ltr'>instituendum,</span> <span class='ocrx_word' id='word_1_299' title='bbox 1191 2509 1237 2576; x_wconf 87' lang='lat' dir='ltr'>sit,</span> <span class='ocrx_word' id='word_1_300' title='bbox 1263 2505 1387 2579; x_wconf 84' lang='lat' dir='ltr'>Episcop1</span> <span class='ocrx_word' id='word_1_301' title='bbox 1447 2505 1448 2520; x_wconf 65' lang='lat'>¹</span> 
     </span>
     <span class='ocr_line' id='line_1_53' title="bbox 311 2577 1387 2660; baseline -0.005 -26"><span class='ocrx_word' id='word_1_302' title='bbox 311 2579 451 2636; x_wconf 87' lang='lat' dir='ltr'>definient</span> <span class='ocrx_word' id='word_1_303' title='bbox 467 2599 474 2635; x_wconf 92' lang='lat'>:</span> <span class='ocrx_word' id='word_1_304' title='bbox 488 2578 578 2651; x_wconf 92' lang='lat' dir='ltr'>hique</span> <span class='ocrx_word' id='word_1_305' title='bbox 588 2596 658 2634; x_wconf 87' lang='lat' dir='ltr'>vero</span> <span class='ocrx_word' id='word_1_306' title='bbox 677 2596 748 2634; x_wconf 90' lang='lat' dir='ltr'>cura</span> <span class='ocrx_word' id='word_1_307' title='bbox 769 2591 832 2649; x_wconf 88' lang='lat' dir='ltr'>unt,</span> <span class='ocrx_word' id='word_1_308' title='bbox 847 2581 1100 2652; x_wconf 88' lang='lat' dir='ltr'>quemadmodum</span> <span class='ocrx_word' id='word_1_309' title='bbox 1121 2581 1185 2635; x_wconf 92' lang='lat' dir='ltr'>Nos</span> <span class='ocrx_word' id='word_1_310' title='bbox 1197 2595 1234 2635; x_wconf 90' lang='lat' dir='ltr'>eo</span> <span class='ocrx_word' id='word_1_311' title='bbox 1246 2595 1299 2660; x_wconf 90' lang='lat' dir='ltr'>pro</span> <span class='ocrx_word' id='word_1_312' title='bbox 1317 2577 1387 2633; x_wconf 91' lang='lat' dir='ltr'>Urbe</span> 
     </span>
     <span class='ocr_line' id='line_1_54' title="bbox 312 2649 1385 2724; baseline -0.005 -18"><span class='ocrx_word' id='word_1_313' title='bbox 312 2652 398 2706; x_wconf 88' lang='lat' dir='ltr'>Motu</span> <span class='ocrx_word' id='word_1_314' title='bbox 410 2650 530 2724; x_wconf 91' lang='lat' dir='ltr'>proprio</span> <span class='ocrx_word' id='word_1_315' title='bbox 542 2650 758 2718; x_wconf 85' lang='lat' dir='ltr'>constituimus,</span> <span class='ocrx_word' id='word_1_316' title='bbox 774 2663 809 2706; x_wconf 93' lang='lat' dir='ltr'>ut</span> <span class='ocrx_word' id='word_1_317' title='bbox 823 2652 969 2710; x_wconf 89' lang='lat' dir='ltr'>candidati</span> <span class='ocrx_word' id='word_1_318' title='bbox 991 2668 1053 2707; x_wconf 90' lang='lat' dir='ltr'>non</span> <span class='ocrx_word' id='word_1_319' title='bbox 1075 2650 1174 2708; x_wconf 92' lang='lat' dir='ltr'>solum</span> <span class='ocrx_word' id='word_1_320' title='bbox 1187 2650 1227 2705; x_wconf 88' lang='lat' dir='ltr'>in</span> <span class='ocrx_word' id='word_1_321' title='bbox 1249 2650 1283 2705; x_wconf 86' lang='lat' dir='ltr'>ris</span> <span class='ocrx_word' id='word_1_322' title='bbox 1300 2649 1385 2713; x_wconf 89' lang='lat' dir='ltr'>rebus,</span> 
     </span>
     <span class='ocr_line' id='line_1_55' title="bbox 332 2718 1386 2803; baseline -0.002 -26"><span class='ocrx_word' id='word_1_323' title='bbox 332 2739 387 2778; x_wconf 90' lang='lat' dir='ltr'>uae</span> <span class='ocrx_word' id='word_1_324' title='bbox 408 2722 446 2777; x_wconf 92' lang='lat' dir='ltr'>ad</span> <span class='ocrx_word' id='word_1_325' title='bbox 467 2721 609 2777; x_wconf 91' lang='lat' dir='ltr'>Ordinem</span> <span class='ocrx_word' id='word_1_326' title='bbox 632 2722 802 2777; x_wconf 89' lang='lat' dir='ltr'>adeundum</span> <span class='ocrx_word' id='word_1_327' title='bbox 824 2723 978 2803; x_wconf 84' lang='lat' dir='ltr'>pertinent,</span> <span class='ocrx_word' id='word_1_328' title='bbox 1005 2723 1055 2778; x_wconf 89' lang='lat' dir='ltr'>sed</span> <span class='ocrx_word' id='word_1_329' title='bbox 1079 2723 1110 2777; x_wconf 91' lang='lat' dir='ltr'>in</span> <span class='ocrx_word' id='word_1_330' title='bbox 1134 2721 1198 2778; x_wconf 89' lang='lat' dir='ltr'>aliis</span> <span class='ocrx_word' id='word_1_331' title='bbox 1223 2736 1337 2794; x_wconf 92' lang='lat' dir='ltr'>quoque</span> <span class='ocrx_word' id='word_1_332' title='bbox 1356 2718 1386 2796; x_wconf 80' lang='lat' dir='ltr'>de</span> 
     </span>
     <span class='ocr_line' id='line_1_56' title="bbox 309 2740 1447 2869; baseline -0.006 -20"><span class='ocrx_word' id='word_1_333' title='bbox 309 2740 458 2866; x_wconf 66' lang='lat' dir='ltr'>llreologia</span> <span class='ocrx_word' id='word_1_334' title='bbox 480 2793 645 2869; x_wconf 82' lang='lat' dir='ltr'>dogmatIca</span> <span class='ocrx_word' id='word_1_335' title='bbox 667 2793 1076 2868; x_wconf 82' lang='lat' dir='ltr'>tractationibuspericulum</span> <span class='ocrx_word' id='word_1_336' title='bbox 1099 2793 1218 2850; x_wconf 86' lang='lat' dir='ltr'>faciant.</span> <span class='ocrx_word' id='word_1_337' title='bbox 1238 2788 1386 2849; x_wconf 76' lang='lat' dir='ltr'>Contrariis</span> <span class='ocrx_word' id='word_1_338' title='bbox 1446 2857 1447 2866; x_wconf 9' lang='grc' dir='ltr'>ἵ</span> 
     </span>
     <span class='ocr_line' id='line_1_57' title="bbox 311 2864 1201 2938; baseline 0.003 -18"><span class='ocrx_word' id='word_1_339' title='bbox 311 2864 831 2938; x_wconf 83' lang='lat' dir='ltr'>nonobstantibusquibuscumque.</span> <span class='ocrx_word' id='word_1_340' title='bbox 969 2864 971 2868; x_wconf 77' lang='grc'><strong>’</strong></span> <span class='ocrx_word' id='word_1_341' title='bbox 996 2889 998 2896; x_wconf 69' lang='lat'>,</span> <span class='ocrx_word' id='word_1_342' title='bbox 1022 2878 1023 2884; x_wconf 74' lang='grc'>’</span> <span class='ocrx_word' id='word_1_343' title='bbox 1102 2865 1108 2894; x_wconf 61' lang='grc'>“’</span> <span class='ocrx_word' id='word_1_344' title='bbox 1197 2866 1201 2869; x_wconf 81' lang='grc'><strong>’</strong></span> 
     </span>
    </p>

    <p class='ocr_par' dir='ltr' id='par_1_15' title="bbox 310 2943 1386 3092">
     <span class='ocr_line' id='line_1_58' title="bbox 348 2943 1386 3022; baseline -0.009 -18"><span class='ocrx_word' id='word_1_345' title='bbox 348 2950 457 3004; x_wconf 90' lang='lat' dir='ltr'>Datum</span> <span class='ocrx_word' id='word_1_346' title='bbox 477 2949 588 3004; x_wconf 90' lang='lat' dir='ltr'>Rornae</span> <span class='ocrx_word' id='word_1_347' title='bbox 602 2948 681 3022; x_wconf 90' lang='lat' dir='ltr'>apud</span> <span class='ocrx_word' id='word_1_348' title='bbox 693 2949 724 3003; x_wconf 86' lang='lat' dir='ltr'>S.</span> <span class='ocrx_word' id='word_1_349' title='bbox 742 2948 873 3015; x_wconf 86' lang='lat' dir='ltr'>Petrum,</span> <span class='ocrx_word' id='word_1_350' title='bbox 887 2948 936 3006; x_wconf 87' lang='lat' dir='ltr'>die</span> <span class='ocrx_word' id='word_1_351' title='bbox 948 2949 1019 3004; x_wconf 94' lang='lat' dir='ltr'>XIX</span> <span class='ocrx_word' id='word_1_352' title='bbox 1039 2948 1137 3005; x_wconf 89' lang='lat' dir='ltr'>martii</span> <span class='ocrx_word' id='word_1_353' title='bbox 1151 2964 1231 3004; x_wconf 89' lang='lat' dir='ltr'>anno</span> <span class='ocrx_word' id='word_1_354' title='bbox 1243 2943 1386 3002; x_wconf 90' lang='lat' dir='ltr'>millesimo</span> 
     </span>
     <span class='ocr_line' id='line_1_59' title="bbox 310 3017 1072 3092; baseline 0 -15"><span class='ocrx_word' id='word_1_355' title='bbox 310 3018 532 3092; x_wconf 87' lang='lat' dir='ltr'>nongentesimo</span> <span class='ocrx_word' id='word_1_356' title='bbox 545 3032 636 3090; x_wconf 81' lang='lat' dir='ltr'>sexte,</span> <span class='ocrx_word' id='word_1_357' title='bbox 654 3017 846 3075; x_wconf 75' lang='lat' dir='ltr'>Pontificasus</span> <span class='ocrx_word' id='word_1_358' title='bbox 859 3020 962 3076; x_wconf 89' lang='lat' dir='ltr'>Nostri</span> <span class='ocrx_word' id='word_1_359' title='bbox 974 3019 1072 3077; x_wconf 75' lang='lat' dir='ltr'>tertio·</span> 
     </span>
    </p>
   </div>
   <div class='ocr_carea' id='block_1_13' title="bbox 1132 3099 1322 3192">
    <p class='ocr_par' dir='ltr' id='par_1_16' title="bbox 1132 3099 1322 3192">
     <span class='ocr_line' id='line_1_60' title="bbox 1132 3099 1322 3192; baseline -0.021 -34"><span class='ocrx_word' id='word_1_360' title='bbox 1132 3105 1202 3192; x_wconf 84' lang='lat' dir='ltr'>Pius</span> <span class='ocrx_word' id='word_1_361' title='bbox 1219 3103 1275 3159; x_wconf 89' lang='lat' dir='ltr'>PP.</span> <span class='ocrx_word' id='word_1_362' title='bbox 1289 3099 1322 3154; x_wconf 88' lang='lat' dir='ltr'>X.</span> 
     </span>
    </p>
   </div>
   <div class='ocr_carea' id='block_1_14' title="bbox 341 3397 736 3459">
    <p class='ocr_par' dir='ltr' id='par_1_17' title="bbox 341 3397 736 3459">
     <span class='ocr_line' id='line_1_61' title="bbox 341 3397 736 3459; baseline 0 -12"><span class='ocrx_word' id='word_1_363' title='bbox 341 3402 348 3434; x_wconf 88' lang='lat'><strong>¹</strong></span> <span class='ocrx_word' id='word_1_364' title='bbox 364 3397 420 3447; x_wconf 85' lang='lat' dir='ltr'>Cfr.</span> <span class='ocrx_word' id='word_1_365' title='bbox 433 3411 526 3457; x_wconf 86' lang='lat' dir='ltr'>supra,</span> <span class='ocrx_word' id='word_1_366' title='bbox 538 3413 565 3446; x_wconf 89' lang='lat' dir='ltr'>n.</span> <span class='ocrx_word' id='word_1_367' title='bbox 579 3407 615 3457; x_wconf 83' lang='lat'>84,</span> <span class='ocrx_word' id='word_1_368' title='bbox 625 3413 686 3459; x_wconf 84' lang='lat' dir='ltr'>pag.</span> <span class='ocrx_word' id='word_1_369' title='bbox 700 3407 736 3448; x_wconf 81' lang='lat'>30.</span> 
     </span>
    </p>
   </div>
   <div class='ocr_carea' id='block_1_15' title="bbox 0 0 1487 4900">
    <p class='ocr_par' dir='ltr' id='par_1_18' title="bbox 0 0 1487 4900">
     <span class='ocr_line' id='line_1_62' title="bbox 0 0 1487 4900; baseline 0 0"><span class='ocrx_word' id='word_1_370' title='bbox 0 0 1487 4900; x_wconf 95' lang='lat' dir='ltr'> </span> 
     </span>
    </p>
   </div>
  </div>
 </body>
</html>
