2959 4900
89 318 145 396 [85]
284 340 307 374 s.
328 339 354 374 a.
372 339 396 373 c.
416 330 481 383 1905.
498 336 615 372 atraats
630 335 794 372 rottrarttts
811 335 997 374 rttrvtraortrar
1135 315 1175 378 35

88 469 170 526 animi
182 465 334 523 medendis
343 465 389 520 vel
401 463 470 538 ipsis
484 462 610 537 aegrotis
623 463 711 518 morti
720 462 862 589 proximis
874 464 1063 538 disponendis
1074 467 1175 523 Sacro-

89 554 212 597 sanctum
230 539 335 593 Missae
348 533 532 592 Sacrificium
545 533 676 590 conferre
688 551 721 590 so
734 547 796 590 eat:
811 552 827 589 a
841 536 1029 593 Sanctissimo
1043 539 1097 594 D110
1112 540 1175 594 Nt¹0

90 613 136 668 Pio
153 613 210 666 PP.
228 611 254 664 Χ
266 607 370 682 privile
391 608 454 662 ium
462 605 560 661 altaris
575 605 719 678 portatilis
731 623 786 679 pro
799 606 912 663 cunctis
921 607 1012 680 ipsius
1023 609 1176 690 Regularis

89 683 208 739 familiae
232 625 430 735 sacerdotiiius
453 676 619 732 humillime
641 675 803 749 flagitavit:
827 689 869 737 ut.
895 679 1046 746 nimirum,
1072 682 1176 738 iisdem

89 753 200 810 Clericis
215 749 418 823 Regularibus,
432 749 519 804 venia
532 747 632 805 habita
645 765 662 803 a
675 747 835 820 respectivo
847 750 1032 807 Moderatore
1046 752 1091 808 vel
1107 755 1176 809 Pro·

89 826 192 882 vinciae
216 839 287 878 suae
310 821 461 876 Praefecto
486 819 517 874 in
542 818 662 891 privatis
684 819 817 875 fidelium
843 820 980 876 domibus
1005 821 1064 878 sive
1087 841 1177 898 prope

90 896 259 962 cubiculum,
275 893 334 949 sive
353 892 383 946 in
399 891 510 972 aegroti
525 891 661 946 cubiculo
682 890 719 946 ad
732 890 849 947 animae
861 892 992 948 solamen
1005 893 1177 967 bonumque

90 969 159 1023 illius
181 967 306 1022 Sacrum
324 964 407 1019 litare
425 963 532 1018 liceat:
552 962 583 1016 iu
605 961 730 1035 publicis
752 979 821 1018 vero
845 963 1032 1019 Nosocomiis
1055 965 1177 1039 aliisque

90 1040 136 1112 piis
157 1037 229 1093 locis
241 1035 330 1108 vulgo
352 1055 369 1085 <r
381 1033 540 1090 Lazzaretti
554 1055 571 1084 n
591 1033 778 1104 nuncupatis,
794 1049 909 1090 necnon
931 1034 961 1088 in
976 1035 1113 1092 domibus
1134 1038 1177 1093 uti

90 1112 164 1166 aiunt
185 1131 202 1160 «
215 1109 289 1163 Case
310 1106 339 1161 di
359 1105 452 1161 salute
466 1126 492 1171 n,
511 1103 619 1176 singuli
631 1103 719 1159 iidem
741 1104 846 1160 Clerici
861 1105 1020 1178 Regulares
1041 1107 1072 1162 in
1084 1109 1177 1164 Altari

91 1180 211 1253 portatili
228 1179 349 1234 Missam
361 1175 508 1232 celebrare
520 1178 644 1232 valeant.
660 1175 804 1231 Sanctitas
816 1194 905 1249 porro
919 1178 987 1242 Sua,
1008 1177 1177 1236 huiusmodi

91 1251 224 1325 supplicia
237 1260 304 1305 vota
327 1249 364 1304 ab
376 1247 560 1319 infrascripto
579 1246 728 1302 Cardinali
744 1248 900 1302 Sacrorum
915 1248 1037 1305 Rituum
1050 1251 1178 1332 Congre-

91 1323 192 1396 gationi
217 1318 439 1377 Pro-Praefecto
454 1318 544 1373 relata
566 1318 724 1374 clementer
743 1317 898 1390 excipiens,
921 1321 957 1376 de
971 1321 1178 1393 specialissrma

92 1396 173 1466 gratia
194 1409 358 1464 numquam
378 1390 408 1444 in
430 1390 598 1462 exemplum
620 1387 777 1454 afferenda,
800 1391 959 1463 expetitum
981 1392 1176 1466 privilegium,

92 1468 193 1539 absque
216 1464 277 1519 ulla
297 1460 459 1542 Apostolici
482 1460 581 1516 Brevis
599 1459 793 1531 expeditione,
816 1479 870 1533 pro
895 1463 1082 1520 Nosocomiis
1104 1478 1177 1521 cete·

92 1539 180 1610 risque
193 1534 350 1592 enuntiatis
372 1532 446 1588 locis
458 1532 584 1604 benigne
602 1532 731 1586 tribuere
743 1532 861 1604 dignata
880 1546 922 1589 est
936 1533 1057 1606 singulis
1080 1537 1178 1592 Sacer·

93 1609 198 1664 dotibus
211 1606 376 1680 praedictae
390 1603 544 1676 Regularis
562 1602 700 1666 familiae,
713 1604 906 1676 quoadusque
927 1604 1035 1661 ibidem
1047 1623 1178 1663 commo·

93 1694 194 1734 rentur.
220 1680 277 1733 Pro
297 1675 513 1746 aegrotantium
533 1691 603 1730 vero
622 1673 739 1747 privatis
763 1676 900 1731 domibus
922 1687 1094 1746 potestatem
1114 1679 1179 1734 fecit

92 1763 146 1806 tum
169 1764 310 1822 supremo
333 1747 523 1814 Moderatori,
546 1759 610 1800 rum
635 1745 758 1816 singulis
784 1764 838 1819 pro
864 1758 996 1817 ternpore
1024 1749 1179 1806 Praefectis

93 1822 244 1893 unicuique
268 1818 439 1874 Provinciae
453 1818 511 1873 CC.
537 1817 599 1871 Ra.
614 1830 794 1873 memoratae
816 1819 1057 1890 Congregationis
1079 1835 1111 1876 ut
1123 1838 1179 1895 pro

94 1911 136 1948 suo
148 1892 273 1966 quisque
283 1889 419 1963 prudenti
432 1888 552 1945 arbitrio
558 1899 587 1944 et
596 1889 784 1954 conscientia,
796 1890 914 1961 praevio
927 1902 1023 1946 tamen
1031 1891 1179 1948 Ordinarii

93 1964 141 2019 loci
165 1978 324 2026 consensu,
353 1959 500 2033 permittat
526 1959 633 2015 Missae
664 1958 846 2016 Sacrificium
875 1961 905 2016 in
930 1961 1024 2017 Altari
1052 1963 1179 2035 portatili

95 2034 233 2103 celebrari,
256 2031 420 2087 dummodo
438 2031 495 2087 loci
510 2031 668 2096 decentiae,
684 2029 806 2103 meliore
819 2049 879 2104 quo
894 2031 956 2088 fieri
970 2046 1064 2105 potest
1078 2037 1177 2104 modo,

94 2107 281 2177 provideatur.
298 2101 460 2160 Contrariis
473 2119 534 2158 non
546 2102 730 2159 obstantibus
743 2102 989 2176 quibuscumque.

126 2178 175 2233 uie
185 2178 219 2232 26
232 2174 298 2231 iulii
315 2177 393 2248 1905.

461 2243 467 2256 ‘
591 2245 626 2300 A.
642 2244 729 2299 Card.
741 2245 875 2312 Terram,
891 2246 1071 2310 Pro-Praef.

370 2315 410 2370 D.
427 2315 546 2383 Panici,
561 2314 705 2388 Archiep.
720 2315 896 2385 Laodicen„
910 2317 1107 2374 Secretarius

515 2461 743 2515 Annorartouas

130 2602 150 2635 1.
163 2581 266 2638 Verbis
280 2602 296 2632 ι(
308 2580 345 2635 de
360 2578 567 2652 specialissima
587 2579 689 2651 gratia,
704 2595 869 2651 numquam
889 2580 919 2634 in
934 2581 1101 2654 exemplum
1114 2581 1180 2639 affe·

97 2655 199 2708 tenda»
221 2654 440 2709 demonstratur
453 2649 638 2723 privilegium
661 2650 739 2704 istud
761 2666 832 2715 esse,
849 2668 883 2706 ex
900 2652 1051 2709 Pontificis
1072 2668 1179 2721 mente,

97 2722 385 2789 incommunicabile3
414 2738 469 2777 nec
492 2738 573 2794 spem
597 2720 660 2777 sore
684 2721 734 2775 alii
762 2723 899 2777 lnstituto
927 2722 1005 2779 idem
1029 2724 1181 2781 obtinendi

98 2795 193 2850 directa
207 2793 408 2852 concessione.
424 2794 468 2848 Ac
481 2793 550 2847 satis
562 2791 646 2848 facile
659 2792 837 2865 intellegitur
850 2794 966 2866 speciali
981 2796 1182 2853 benevolentia

97 2866 133 2919 uti
143 2867 172 2920 in
183 2868 279 2922 haere
290 2865 419 2920 Clericos
431 2864 482 2937 qui
493 2863 609 2938 speciali
621 2864 775 2920 vocatione
789 2880 840 2919 sua
849 2864 981 2921 iuvandis
994 2867 1182 2939 spiritualiter

98 2936 211 2993 infirmis
225 2939 413 3011 deputantur.

129 3009 319 3065 Observemus
333 3018 431 3063 tamen
441 3023 512 3078 esse,
523 3003 586 3062 sine
600 3005 731 3061 clausula
744 3006 1043 3064 communicationem
1056 3023 1180 3081 vetante,

98 3079 382 3147 aBenedictoXlll,
408 3096 425 3151 9
449 3078 511 3133 dec.
541 3095 617 3149 1729,
638 3089 701 3132 eta
726 3079 884 3133 Benedicto
909 3078 978 3135 XlV
1001 3081 1082 3136 vivae
1103 3084 1182 3139 vocis

99 3151 210 3207 oraculo
238 3152 298 3206 Piis
324 3148 471 3222 Operariis
499 3164 671 3203 concessum
698 3162 731 3203 ut
761 3149 792 3203 in
821 3149 963 3205 cubiculis
994 3151 1182 3210 infirmorum

99 3220 228 3278 diuturno
238 3221 340 3279 morbo
349 3220 547 3276 laborantium
560 3231 678 3291 possent
691 3219 813 3275 Missam
826 3220 929 3276 facere.

130 3312 155 3349 2.
171 3294 246 3349 Usus
268 3295 300 3349 in
328 3292 446 3365 privatis
468 3290 604 3346 domibus
616 3291 763 3346 obnoxius
783 3302 825 3346 est
839 3292 906 3347 huic
920 3292 976 3365 legi
992 3314 998 3349 ε
1022 3315 1038 3345 a
1051 3295 1182 3353 Praevia

100 3373 190 3419 tamen
208 3363 366 3420 Ordinarr'i
379 3363 437 3419 loci
446 3378 586 3417 consensu
601 3382 627 3416 ».
642 3363 772 3418 Debetne
786 3362 838 3418 iste
848 3379 1007 3420 consensus
1017 3365 1048 3421 in
1060 3366 1182 3438 singulis

98 3435 152 3505 peti
164 3436 295 3492 casibus?
310 3435 343 3490 ld
356 3451 415 3490 non
427 3434 603 3489 arbitramur
615 3449 667 3504 per
679 3450 709 3489 se
722 3434 845 3505 requiri;
861 3448 997 3559 putamus
1010 3449 1108 3493 autem
1121 3456 1183 3495 esse

99 3509 127 3559 in
138 3507 252 3564 arbitrio
262 3506 487 3564 Ordinatiorum
498 3504 555 3560 loci
567 3504 697 3576 positum
711 3516 743 3559 ut
756 3522 860 3576 genera
873 3506 882 3560 i
897 3507 986 3563 modo
997 3525 1083 3564 usum
1097 3510 1182 3583 privi-

100 3576 161 3648 legii
173 3579 340 3650 permittant
353 3577 398 3632 vel
411 3576 501 3633 velint
512 3577 548 3631 de
561 3575 682 3647 singulis
695 3575 809 3632 casibus
822 3575 884 3632 fieri
898 3578 1044 3636 certiores.

1270 531 1362 579 Petit.
1434 553 1435 556 ¹

1260 693 1347 740 Allan

1225 751 1340 808 portatile
1364 755 1390 801 t'n

1230 806 1391 870 domt'ltuspri·

1231 870 1349 925 valorum,

1230 926 1321 981 propter
1352 941 1391 973 ae-

1228 985 1322 1038 gratos·

1261 1050 1295 1096 Et
1314 1053 1340 1098 in
1347 1058 1392 1112 pu-

1231 1105 1299 1154 blicis
1321 1124 1392 1159 noso-

1231 1168 1323 1214 comit's.

1260 1331 1298 1376 De
1307 1336 1392 1391 speria·
1437 1345 1438 1354 ¹

1232 1386 1326 1490 {asima
1334 1406 1391 1450 gra·

1282 1537 1390 1580 conee-

1231 1594 1311 1636 tlltttr
1351 1591 1392 1636 sub

1231 1647 1308 1694 modo.
