2959 4900
332 325 477 361 PROFESSIO
492 325 595 361 VALIDA
611 325 666 361 VEL
680 324 824 361 Invitum.
843 324 899 361 DUO
915 323 998 359 CASUS
1168 299 1207 361 93

115 474 173 528 tus
200 481 338 527 census.
370 459 490 527 Hodie
513 474 645 547 contra,
678 460 769 528 tituli
801 459 1036 527 indesinenter
1059 457 1150 525 inter
1172 478 1208 524 se

115 564 391 617 commutantur.

162 638 263 706 Haec
279 659 362 705 cum
377 637 470 705 dicta
485 634 567 722 sint,
586 652 716 704 etcum
740 635 970 704 resolutiones
991 660 1028 725 ¹7
1045 634 1208 703 februarii

119 729 206 817 1906
224 727 294 795 sint
309 727 442 795 formae
458 724 688 816 particularis,
706 746 778 792 non
800 724 937 793 videtur
959 724 1209 814 inquietandus

114 837 190 885 esse
204 817 264 904 qui
279 836 319 883 ex
331 816 513 905 principiis
525 815 569 881 ab
582 814 818 903 interrogante
832 814 1021 904 propositis
1034 813 1210 881 conscien-

113 906 201 973 tiam
217 927 318 973 suam
333 904 503 990 formarit,
521 918 556 971 et
571 904 745 973 actionem
761 903 933 971 direxerit.

161 996 292 1083 Neque
303 994 383 1062 ideo
399 994 540 1062 easdem
553 992 782 1062 resolutiones
793 992 982 1081 praecipuo
995 1012 1060 1060 suo
1073 990 1208 1058 defrau-

113 1083 243 1151 dantur
281 1083 416 1151 effectu.
461 1081 658 1173 Supersunt
696 1082 793 1149 enim
838 1082 923 1149 haec
967 1081 1038 1149 duo
1078 1078 1209 1147 summi

113 1172 301 1258 momenti,
316 1193 406 1260 quae
421 1192 493 1239 non
508 1193 581 1238 uno
598 1192 767 1258 responso
783 1171 844 1237 sed
857 1185 1024 1260 perpetua
1040 1169 1208 1259 iurispru-

113 1261 233 1328 dentia
250 1260 288 1329 S.
309 1260 410 1330 Sedis
422 1261 640 1328 inculcantur
660 1285 667 1328 :

158 1355 193 1433 a)
225 1350 400 1418 Pecuniae
428 1349 677 1417 ecclesiasticae
703 1347 812 1413 modo
843 1360 932 1431 tut0,
963 1360 1008 1432 et,
1038 1362 1210 1434 quantum

111 1438 190 1505 fieri
223 1454 346 1526 potest,
379 1438 508 1524 stabili,
542 1459 615 1506 non
645 1436 753 1504 nimis
783 1435 891 1522 fluxo,
922 1449 1003 1503 sunt
1034 1434 1211 1503 fructuose

113 1529 354 1596 collocandae.
612 1532 637 1557 ·’
1165 1570 1168 1575 -
1206 1541 1209 1548 ’

159 1618 196 1702 b)
216 1617 389 1684 Pecunias
405 1636 495 1705 quae
508 1615 653 1704 capitale
666 1614 883 1683 constituunt
896 1635 970 1680 non
983 1614 1074 1697 licet,
1089 1614 1208 1680 incon·

113 1707 206 1772 sulta
239 1705 276 1773 S.
313 1704 416 1791 Sede,
449 1720 648 1773 convertere
679 1706 716 1771 in
748 1702 905 1771 aedificia
936 1704 990 1769 vel
1018 1704 1084 1769 alia
1115 1703 1210 1769 bona

112 1795 312 1861 immobilia
346 1815 421 1863 non
454 1792 620 1883 frugifera
651 1819 658 1861 :
696 1808 780 1860 tunc
815 1790 937 1858 incidit
972 1813 1072 1858 casus
1109 1810 1210 1877 verae
1284 1849 1286 1851 .

113 1884 346 1969 alienationis,
372 1902 463 1972 quae
486 1882 604 1967 simul,
634 1896 673 1949 ut
696 1895 786 1949 recte
813 1879 886 1966 fiat,
912 1896 1046 1966 praeter
1070 1900 1211 1947 causam

111 1972 326 2040 necessitatis
341 1973 396 2041 vel
412 1971 580 2040 evidentis
595 1971 766 2057 utilitatis,
784 1971 948 2059 postulat,
974 1969 1035 2036 ubi
1061 1990 1114 2035 res
1138 1990 1211 2036 non

112 2074 164 2128 est
181 2060 369 2129 mediocris
384 2061 524 2146 valoris,
542 2060 802 2149 beneplacitum
814 2058 1060 2147 apostolicum.

161 2257 225 2364 lV.
251 2266 309 2329 De
331 2265 573 2349 professione
596 2263 724 2331 valida
737 2264 809 2345 ,vel
832 2262 1008 2340 invalida,
1037 2266 1212 2347 quaesita

110 2366 232 2412 varra.

157 2495 202 2562 A.
230 2493 359 2582 Titius,
384 2495 456 2564 iam
479 2495 654 2583 sacerdos,
674 2494 901 2585 Religionem
924 2494 1031 2562 stricti
1056 2493 1212 2562 nominis

112 2600 165 2650 est
182 2585 374 2672 ingressus,
395 2584 623 2652 Noviciatum
636 2583 770 2674 peregit
784 2596 901 2652 totum
913 2601 1006 2652 extra
1018 2583 1212 2652 noviciatus

112 2672 291 2757 domum,
309 2673 415 2763 longe
441 2675 485 2740 ab
513 2674 591 2762 ipso
629 2675 797 2763 magistro
836 2673 1070 2757 noviciorum,
1103 2693 1212 2762 quem

112 2760 264 2849 perfecte
277 2762 460 2850 ignoravit,
479 2777 512 2830 et
524 2764 599 2831 sine
614 2764 687 2830 ulla
698 2761 949 2830 informatione
964 2762 1126 2830 advitam
1141 2762 1211 2850 spi·

112 2852 287 2917 ritualem.
320 2851 363 2918 ln
391 2853 457 2918 alia
485 2865 602 2918 autem
633 2851 830 2939 Religionis
857 2851 978 2937 dom0,
1008 2850 1212 2919 ministeriis

73 2957 82 2974 ·
112 2938 354 3028 spiritualibus
377 2955 428 3007 est
444 2941 557 3020 valde,
583 2954 657 3009 toto
681 2961 787 3020 anno,
813 2939 995 3008 distentus.
1017 2940 1147 3027 Elapso
1164 2939 1212 3006 sic

113 3027 308 3095 novitiatus
332 3050 437 3108 anno,
464 3029 718 3117 professionem
739 3028 867 3114 emisit,
885 3028 983 3117 prius
1000 3028 1210 3118 simplicem,

113 3117 210 3193 dein,
228 3132 387 3205 tempore
404 3131 545 3204 statuto,
564 3119 785 3186 sollemnem.

158 3212 362 3296 Quaeritur
378 3207 448 3274 iam
463 3208 506 3274 de
524 3207 728 3274 huiusmodi
746 3206 976 3296 professionis
991 3208 1120 3275 valore.
1177 3293 1179 3297 ι

158 3303 280 3368 Casus
293 3302 490 3368 resolutio.
509 3319 538 3364 1.
555 3294 592 3364 Si
609 3295 749 3386 Religio
763 3317 802 3365 ex
818 3296 861 3364 iis
877 3294 980 3363 fuerit
996 3297 1096 3364 cuius
1112 3295 1211 3370 novi·

114 3383 223 3452 cintus
256 3399 308 3452 est
338 3408 358 3452 a
394 3385 432 3454 S.
466 3384 558 3454 Sede
595 3385 848 3474 designandus,
882 3387 935 3453 vel
967 3384 1004 3452 in
1036 3406 1107 3473 qua
1137 3405 1212 3452 non

115 3473 290 3562 quaelibet
305 3474 435 3561 domus
457 3473 645 3543 noviciatui
663 3496 683 3541 a
701 3473 890 3562 Superiore
907 3473 1064 3562 deputari
1084 3487 1209 3562 potest,

114 3564 239 3629 ambae
253 3562 337 3630 Titii
355 3563 589 3652 professiones
606 3563 823 3631 substantiali
837 3563 935 3650 vitio,
951 3583 1064 3652 eoque
1080 3563 1208 3650 perspi·

115 3671 192 3731 cuo,
213 3666 498 3739 corrumpuntur.
522 3653 598 3728 Nec
615 3652 740 3719 virium
757 3651 961 3720 huiusmodi
979 3653 1092 3720 sanari
1111 3661 1218 3738 posse*

115 3741 263 3824 videtur,
282 3740 406 3808 nisiex
430 3742 621 3828 apostolico
641 3741 784 3810 indulto
809 3741 862 3808 vel
886 3741 997 3830 ipsius
1019 3738 1212 3809 noviciatus

115 3828 234 3896 iterata
249 3830 470 3917 probatione,
487 3830 647 3919 legitimo
663 3832 740 3897 loco
756 3844 789 3896 et
802 3829 923 3898 modo.

158 3940 192 3984 2.
224 3916 262 3986 Si
286 3932 403 3986 tamen
427 3920 603 4007 quaelibet
626 3918 754 3985 domus
778 3941 798 3986 a
824 3917 1012 4006 Superiore
1036 3915 1209 4006 designari

116 4008 229 4094 potuit
245 4007 306 4073 ubi
324 4009 517 4076 noviciatus
532 4007 643 4092 fieret,
669 4009 712 4074 de
736 4011 853 4075 valore
876 4020 1042 4074 votorum
1066 4026 1138 4074 non
1163 4007 1210 4074 ita

117 4094 351 4163 dubitandum
373 4097 522 4166 videtur.
549 4095 784 4164 Substantiale
805 4095 949 4184 quidem
966 4108 1071 4163 estut
1087 4112 1209 4163 mutua

118 4183 190 4251 lieri
215 4185 324 4274 possit
347 4186 542 4276 Religionis
565 4199 599 4250 et
620 4186 773 4275 religiosi
795 4185 967 4273 probatio.
994 4184 1063 4254 Sed
1086 4185 1208 4274 religio

119 4272 196 4340 satis
208 4276 372 4362 cognosci
390 4275 502 4364 potuit
514 4296 533 4341 a
546 4274 658 4359 Titio,
673 4276 784 4342 immo
798 4275 924 4341 melius
940 4274 1084 4342 fortasse
1100 4295 1209 4362 quam
