2959 4900
86 439 207 522 [58-60]
227 461 249 497 s.
263 463 286 497 c.
298 459 414 496 runata.
428 459 464 495 nn
474 457 639 495 renarrans.
653 458 676 494 s.
689 458 715 495 n.
728 460 753 494 c.
766 458 859 496 assor..
872 458 938 496 een.
950 455 1081 495 ranrtnn.
1113 439 1172 504 153

120 598 236 653 «Num
255 597 375 669 quando
396 594 491 664 agitur
513 593 548 648 de
567 591 715 649 lucrandis
739 591 875 666 praelatis
904 590 1096 666 Indulgentiis
1117 595 1172 650 sub

85 668 209 724 nomine
232 667 387 724 Ecclesiae
410 664 623 722 Tertiariorum
636 665 755 720 veniant
777 681 838 719 non
852 663 950 720 solum
966 664 1103 721 Oratoria
1121 683 1172 738 pu·

84 741 172 810 blica,
188 741 239 796 sed
253 740 340 796 etiam
350 737 550 812 semipublica‚
566 737 596 792 in
609 737 725 818 quibus,
740 753 776 792 ex
791 737 914 792 Decreto
935 736 1039 792 Sacrae
1051 737 1172 794 Rituum

85 811 341 885 Congregationis‚
368 809 425 867 diei
450 810 482 865 23
510 809 635 864 ianuarii
662 828 670 864 1
731 851 737 876 ‚
773 824 834 862 non
859 807 950 863 modo
969 806 1022 881 qui
1046 821 1115 864 sunt
1139 810 1175 866 de

85 885 317 953 Communitate‚
325 883 375 939 sed
385 881 435 938 alii
445 880 533 937 etiam
543 879 681 936 Christifi
703 881 762 936 eles
772 879 936 944 satisfacere
945 892 1058 953 queunt
1072 880 1176 938 diebus

84 956 165 1013 festis
177 968 337 1030 praecepto
347 951 486 1011 audiendi
499 953 642 1009 Sacruml
653 973 669 1004 >›

1261 587 1386 633 nubtam

1233 642 1260 688 dc
1269 643 1390 688 oratoriis

1231 698 1363 767 semipubli-

1232 771 1277 806 crs.

119 1042 158 1096 Et
172 1040 264 1096 Sacra
277 1037 484 1112 Congregatio,
500 1036 602 1094 audito
622 1036 711 1093 etiarn
729 1036 943 1092 Consultorum
956 1048 1036 1109 voto,
1059 1054 1176 1113 respon·
1230 1095 1245 1128 Ι

84 1112 220 1168 dendum
236 1109 409 1169 mandavit:

118 1217 134 1248 a
151 1195 297 1269 Negative
310 1215 317 1250 :
332 1207 360 1252 et
373 1211 407 1250 su
430 1193 598 1267 plicandum
612 1191 814 1259 sanctissimo,
829 1189 862 1248 ut'
875 1192 1001 1266 benigne
1021 1195 1177 1252 extendere
1196 1244 1200 1252 .

84 1268 225 1341 dignetur
239 1268 329 1324 etiam
346 1267 384 1322 ad
425 1265 536 1322 ratoria
549 1263 742 1337 semipublica
764 1263 977 1321 Tertiariorum
991 1264 1177 1340 privilegium

84 1339 223 1396 lucrandi
257 1337 466 1411 indulgentias,
497 1337 533 1393 de
564 1336 672 1409 quibus
697 1335 728 1390 in
757 1343 838 1406 casu,
865 1337 915 1393 sed
940 1336 1039 1394 favore
1062 1349 1178 1394 tanturn

85 1411 252 1468 eorundem
285 1409 498 1468 Tertiariorum
528 1419 752 1482 ceterarumque
782 1424 976 1481 personarum
1009 1425 1077 1466 curn
1109 1409 1178 1484 ipsis
1260 1449 1261 1454 η

85 1484 114 1539 in
126 1483 353 1540 communitate
369 1481 538 1555 degentium
555 1482 562 1516 ¹
582 1501 608 1537 ».

121 1570 164 1626 De
186 1567 297 1640 quibus
325 1567 399 1623 facta
425 1564 564 1622 relatione
598 1563 787 1621 Sanctissimo
815 1564 943 1621 Domino
977 1563 1090 1622 Nostro
1124 1565 1178 1623 Pio

89 1643 185 1714 Papae
200 1640 238 1705 X,
253 1639 284 1695 in
296 1638 455 1695 Audientia
467 1637 567 1692 habita
589 1636 636 1693 die
659 1655 692 1694 22
716 1634 816 1693 martii
838 1637 916 1710 1905,
938 1637 974 1694 ab
994 1637 1179 1712 infrascripto

85 1712 239 1769 Cardinali
263 1710 422 1779 Praefecto,
450 1709 553 1766 eadem
578 1708 723 1765 Sanctitas
746 1709 807 1764 Sua
831 1707 1046 1765 resolutionem
1072 1709 1178 1766 Sacrae
1217 1755 1221 1762 .

86 1783 332 1865 Congregationis
342 1782 468 1856 benigne
476 1778 671 1849 confirmavit,
687 1780 836 1852 simulque
846 1781 966 1854 petitam
976 1781 1177 1839 extensionem

87 1867 242 1913 concessrt.

121 1942 236 1996 Datum
250 1940 362 1996 Romae
375 1955 410 1996 ex
424 1937 585 1996 secretaria
599 1936 730 1994 eiusdem
744 1938 849 1994 Sacrae
868 1937 1112 2012 Congregationis
1130 1938 1177 1996 die

88 2032 118 2068 22
131 2010 234 2069 martii
251 2013 328 2085 ¹905·

587 2083 622 2137 A.
638 2082 725 2138 Card.
739 2083 873 2152 Tarpam,
885 2082 1069 2151 Pro-Praei.

457 2167 497 2223 D.
513 2167 634 2236 Paniai,
648 2167 790 2241 Archiep.
805 2167 980 2238 Laodicen„
993 2168 1105 2225 Secret.

113 2444 184 2530 60.
206 2492 248 2500 -
271 2453 305 2523 s.
331 2453 477 2524 nuum
501 2449 839 2523 concertationis
855 2453 916 2531 <22
933 2453 1032 2521 mart.
1051 2450 1153 2537 taus)

88 2642 301 2698 INDULTUM
325 2642 380 2697 DE
405 2642 598 2698 FORMULA
625 2640 918 2701 Ansonttt’loms
946 2643 1180 2701 GENERALIS

323 2721 629 2779 raflrtaarotwtt
644 2720 950 2779 RELIGIOSORUM

317 2885 460 2942 Ordinis
479 2885 657 2943 Minornm
676 2886 955 2958 capuccinorum

122 3063 215 3117 SSm
230 3059 375 3115 Dominus
389 3061 497 3117 Noster
512 3062 580 3118 Pius
596 3064 674 3135 Papa
694 3063 730 3132 Χ,
747 3061 904 3119 clementer
916 3060 1049 3117 deferens
1069 3059 1176 3115 humil-

90 3132 163 3190 limis
184 3132 323 3207 precibus
338 3132 392 3187 Rmi
407 3134 500 3189 Patris
516 3133 718 3190 Procuratoris
732 3133 884 3191 Generalis
899 3133 1018 3190 Ordinis
1039 3134 1096 3189 FF.
1122 3132 1176 3189 Mi·

91 3223 193 3262 norum
208 3204 455 3275 capuccinorum,
470 3206 507 3261 ab
520 3205 704 3277 infrascripto
718 3206 867 3262 Cardinali
880 3207 1038 3261 Sacrorum
1055 3204 1177 3261 Rituum

91 3275 336 3351 congregationis
351 3277 573 3334 Pro-Praefecto
593 3278 701 3344 relatis,
716 3278 842 3353 benigne
865 3277 1017 3349 indulgere
1041 3277 1179 3351 dignatus

91 3362 139 3417 est,
159 3362 194 3405 ut
219 3349 250 3404 in
276 3348 465 3407 absolutione
483 3351 612 3422 generali
633 3351 724 3407 modo
746 3350 869 3424 privam,
895 3349 925 3404 id
944 3360 988 3405 est
1009 3347 1178 3405 immediate

91 3432 152 3487 post
165 3420 412 3478 sacramentalem
425 3421 653 3491 absolutionem,
670 3423 865 3493 Regularibus
879 3419 1085 3495 impertienda,
1098 3419 1178 3476 adhi-

92 3491 148 3547 beri
160 3494 259 3551 valeat
271 3490 398 3548 formula
412 3493 528 3550 brevior
549 3512 625 3566 quae
646 3511 700 3567 pro
713 3494 866 3557 Tertiariis
881 3492 1091 3550 Saecularibus
1112 3509 1180 3549 con·

92 3580 166 3621 cessa
191 3564 260 3621 fuit.
297 3564 458 3622 Contrariis
483 3582 546 3620 non
570 3566 756 3621 obstantibus
781 3567 1031 3640 quibuscumque.
1060 3564 1113 3621 Die
1144 3582 1177 3618 22

92 3636 185 3694 martii
206 3638 285 3711 1905.

505 3710 542 3764 A.
555 3708 640 3765 Card.
656 3710 791 3779 Tarpam,
807 3709 1069 3781 Pro-Praefectus,

375 3791 415 3847 N.
430 3791 550 3862 Punici,
565 3792 709 3866 Archiep.
726 3793 891 3848 Laodicen.
905 3788 1105 3850 Secretarius.

120 3990 191 4038 ¹Au.
204 3990 299 4046 Ecce„
311 4002 339 4049 p.
352 3996 404 4044 213,
412 3988 518 4037 addunt
530 4003 536 4038 ι
549 3988 724 4049 Rescriptum
740 3993 832 4037 tamen
844 3987 918 4037 istud
929 3986 1042 4036 minime
1052 3993 1179 4035 censetur

93 4068 139 4112 pro
148 4055 283 4103 Oratoriis
292 4053 481 4115 semipublieis
489 4054 641 4116 suffragari.
651 4056 673 4103 si
684 4056 808 4104 Ecclesia
816 4056 859 4104 vel
869 4053 1026 4104 Oratorium
1035 4052 1178 4113 publicum

95 4120 227 4169 Domibus
237 4120 323 4169 Tertii
336 4120 449 4170 Ordinis
459 4122 603 4183 Regularis
613 4121 720 4179 adnexa
729 4122 884 4182 reperiatur
894 4136 899 4178 ;
923 4126 950 4169 et
964 4120 1008 4169 his
1018 4120 1101 4168 etiam
1113 4120 1179 4169 defr-

95 4186 236 4245 cientibus,
249 4202 299 4247 pro
309 4201 365 4235 uno
380 4187 508 4237 Oratorio
519 4196 626 4237 tantum
636 4203 684 4237 seu
695 4189 844 4248 principali
857 4189 939 4245 lavet,
960 4188 989 4235 in
999 4201 1055 4248 quo
1065 4193 1092 4235 et
1104 4189 1179 4236 solae

94 4253 176 4302 Tertii
187 4255 287 4303 Coetus
296 4254 433 4317 regularis
447 4269 684 4316 quorumcumque
700 4255 837 4304 Ordinum
856 4256 993 4303 Personae
1010 4255 1053 4301 vel
1066 4254 1178 4302 Alumni

95 4327 120 4367 et
129 4319 344 4372 contubernales,
357 4334 392 4369 ne
403 4321 529 4382 religiosa
538 4335 662 4383 unquam
673 4321 821 4381 disciplina
839 4321 970 4373 laedatur,
991 4319 1179 4381 Indulgentias

96 4386 431 4515 gcpleusiarpmrespectivi
442 4390 454 4436 1
466 4401 499 4437 ac
510 4390 537 4437 II
551 4388 664 4438 Ordinis
673 4388 800 4450 proprias
810 4389 903 4439 valent
910 4384 1035 4437 obtinere
1045 4388 1179 4449 (Exactis

117 4466 129 4498 r
146 4487 154 4504 .
196 4469 253 4504 m..

1259 1569 1392 1630 Confirma-

1230 1627 1367 1736 artt·
1417 1706 1419 1710 .

1261 1926 1321 1972 Dies
1332 1927 1371 1984 (22

1220 1989 1304 2053 ‘mara
1314 1984 1392 2044 1905).

1260 3566 1320 3614 Dt'cs
1328 3567 1367 3625 (aa

1232 3625 1389 3684 maritam).
