2959 4900
81 311 140 386 [80]
166 330 190 367 s.
206 331 232 366 c.
248 329 364 366 titania.
376 330 589 367 rununenurtaii
599 331 635 367 ar
645 330 768 367 euriae
778 330 847 367 sein.
860 331 905 367 nr.
918 330 980 367 irin.
993 329 1107 367 carnee.
1133 310 1172 373 19

113 483 144 535 4.
165 463 294 520 Cuilibet
316 464 463 537 Religioso
484 464 515 519 in
537 464 639 521 mortis
651 465 785 535 articulo,
802 466 825 521 si
839 465 882 521 uti
896 482 984 538 supra
1002 464 1169 536 dispositus,

78 536 123 591 vel
139 535 245 591 saltem
259 535 398 613 contritus
413 536 514 592 sgnum
530 538 596 591 lesu
617 554 724 593 nomen
746 553 807 606 ore,
822 538 846 593 si
857 538 995 610 potuerit,
1011 537 1056 593 sin
1074 536 1172 593 minus

80 607 179 673 corde,
196 607 301 664 devote
314 606 490 664 invocaverit
507 608 562 678 (ld.
578 607 673 679 ibid).

115 687 144 765 ξ.
167 685 216 741 llli
243 686 304 811 (pai,
333 686 462 759 legitime
490 687 652 758 ordinatus,
678 688 795 761 praevia
825 688 1016 759 confessione,
1045 688 1172 763 primam

80 757 259 838 Missam-ce
272 757 423 838 ebraverst,
447 770 476 815 et
499 758 563 815 aliis
584 758 728 831 religiosis
749 760 800 832 qui
822 759 946 816 confessi
964 772 993 816 et
1012 762 1042 816 S.
1063 759 1172 832 Synaxi

79 828 181 885 refecti
193 829 289 884 eidem
300 829 407 885 Missae
416 829 600 887 interfuerint
613 831 670 899 (ld.
685 830 781 900 ibid).

116 909 144 963 6.
166 907 207 964 lis
234 907 284 980 qui
305 909 478 982 perdecem
502 910 574 978 dies,
600 911 656 979 vel,
679 910 781 981 aliquo
806 910 1015 968 interveniente
1041 910 1172 983 legitimo

80 978 295 1052 impedimento
313 997 331 1035 a
344 979 550 1053 Superioribus
563 980 772 1054 dignoscendo,
793 983 896 1037 saltem
909 999 960 1055 per
973 994 1029 1038 tres
1048 982 1119 1051 dies,
1135 981 1172 1037 ab

80 1050 210 1106 aliorum
228 1051 449 1108 conversatione
461 1053 595 1125 separati,
619 1054 671 1109 SS.
694 1053 899 1128 spiritualibus
919 1052 1080 1123 Exercitiis,
1095 1052 1172 1108 vide-

81 1121 149 1178 licet
155 1121 215 1248 piis
225 1121 409 1191 lectionibus,
425 1124 664 1182 meditationibus
677 1123 884 1205 mysteriorum
898 1124 976 1189 fidei,
991 1124 1173 1182 orationibus

80 1209 155 1249 voca
166 1193 242 1262 ibus,
265 1193 368 1252 saltem
382 1211 434 1266 per
452 1196 525 1251 duas
543 1195 631 1252 horas
656 1195 762 1253 cotidie
785 1212 905 1269 operam
924 1196 1065 1262 dederint,
1089 1196 1173 1251 dum·

80 1265 173 1321 modo
194 1264 319 1321 confessi
335 1266 365 1321 S.
388 1266 639 1323 Communionem
659 1267 836 1341 sumpserint
856 1268 912 1339 (Id.
936 1267 1027 1337 ibid.;
1046 1266 1116 1323 Pius
1134 1267 1170 1336 X,

83 1337 182 1391 Rescr.
198 1337 228 1391 S.
243 1337 352 1409 Congr.
369 1337 496 1411 Indulg.‚
516 1356 549 1409 14
560 1338 721 1395 decembris
739 1343 830 1412 1904).

116 1434 145 1487 7.
179 1416 219 1471 lis
243 1416 294 1488 qui
317 1416 442 1474 confessi
463 1435 497 1473 ac
520 1419 550 1474 S.
575 1418 684 1491 Synaxi
710 1418 809 1473 refecti
827 1418 954 1474 orationi
973 1417 1174 1491 Quadraginta

83 1486 246 1556 Horarum,
263 1499 323 1542 tem
344 1504 395 1545 ore
406 1488 607 1545 visitationum
627 1488 840 1561 generaliuma
859 1489 1065 1563 Superioribus
1083 1489 1173 1545 collo·

81 1569 174 1621 eatae,
190 1556 286 1632 spatio
298 1576 311 1615 s
341 1572 402 1615 tem
414 1560 540 1617 duarum
553 1560 696 1616 horarum
708 1560 822 1617 diverso
834 1569 965 1632 tempore
978 1559 1172 1630 interfuerint,

81 1640 110 1683 et
130 1627 172 1684 ibi
193 1630 231 1684 ad
253 1640 383 1687 mentem
404 1632 520 1687 Summi
546 1631 707 1701 Pontificis,
734 1648 852 1689 necnon
876 1648 930 1704 pro
953 1630 1123 1705 disciplinae
1145 1644 1174 1687 et

81 1700 285 1757 observantiae
306 1702 447 1774 regularis
467 1715 627 1776 augmento
651 1703 713 1777 pias
736 1703 774 1759 ad
800 1706 895 1759 Deum
923 1720 1021 1774 preces
1045 1701 1173 1759 fuderint

82 1771 207 1837 [Paulus
221 1773 258 1842 V,
273 1772 329 1830 loc.
345 1774 421 1845 cit).-

116 1853 144 1933 β.
162 1852 282 1934 'lisdem
318 1854 369 1934 qui
394 1853 441 1910 die
466 1853 769 1934 commemorationis·
793 1853 928 1933 omnium
960 1852 1173 1932 Defunctorum

81 1941 170 1996 primi
180 1936 211 1979 et
217 1925 337 1980 secundi
347 1924 477 1992 Ordinis,
488 1938 532 1980 uti
542 1942 578 1980 su
599 1943 631 1980 ra
639 1925 781 1997 dispositi,
792 1923 944 1980 ecclesiam
955 1924 1001 1982 vel
1011 1936 1173 1981 oratorium

82 1995 141 2051 sive
177 1994 320 2064 ublicum‚
335 1996 395 2052 sive
407 1997 554 2078 privatum
596 1996 687 2052 rdinis
699 1996 886 2066 visitaverint,
907 2006 936 2052 et
947 1994 1018 2051 inibi
1037 1996 1074 2051 ad
1092 2011 1174 2051 men-

82 2078 141 2121 tem
155 2013 273 2121 gummi
287 2067 437 2123 Pontificis
450 2067 597 2124 oraverint
610 2068 692 2136 (Pius
704 2069 741 2136 X,
759 2069 851 2124 Breve
867 2084 901 2124 10
921 2066 1059 2125 februarii
1081 2066 1172 2140 1905).

115 2166 143 2220 9.
168 2146 286 2214 lisdem,
302 2146 350 2202 die
368 2146 568 2203 anniversaria
584 2147 777 2203 Prosessionis
798 2147 829 2203 S.
847 2149 880 2204 P.
902 2146 1058 2214 Francisci,
1074 2146 1107 2217 si,
1130 2145 1173 2203 uti

83 2234 172 2292 supra
185 2217 329 2291 dispositi,
345 2219 449 2275 eadem
463 2218 577 2292 pietatis
591 2235 681 2292 opera
692 2217 888 2293 praestiterint
902 2218 957 2288 (ld.
972 2216 1066 2288 ibid).

120 2314 166 2353 ιο.
187 2296 317 2353 Cuilibet
332 2298 481 2370 Religioso
493 2298 627 2355 recitanti
641 2300 793 2355 Coronam
815 2298 1049 2366 Franciscanam,
1065 2295 1174 2353 scilicet

83 2382 195 2441 septem
218 2369 394 2440 gaudiorum
413 2371 448 2425 B.
465 2370 507 2425 Μ.
529 2370 567 2425 V.
589 2369 712 2441 (Paulus
733 2371 769 2440 V,
792 2370 895 2426 8iunii
918 2369 1004 2437 16083
1031 2370 1174 2424 Innocen-

82 2440 139 2496 tius
154 2439 209 2508 XI,
227 2440 317 2497 Breve
332 2441 361 2497 15
375 2440 445 2498 maii
462 2442 550 2512 1688).

119 2531 164 2568 11.
198 2511 352 2584 Religiosis
376 2513 427 2585 qui
457 2513 505 2569 die
530 2532 564 2586 29
587 2512 764 2581 novembris
793 2530 852 2585 qua
878 2512 908 2568 S.
938 2514 971 2568 P.
1001 2510 1173 2568 Franciscus

84 2584 113 2638 S.
128 2583 262 2654 Regulae
274 2582 532 2640 confirmationem
543 2584 581 2639 ab
595 2583 733 2640 Honorio
748 2585 791 2640 lll
807 2583 973 2657 reportavit,
998 2581 1122 2638 confessi
1140 2599 1174 2638 ac

83 2655 113 2710 S.
127 2653 350 2711 Communione
368 2655 467 2713 refecti
488 2655 702 2730 professionem
723 2655 928 2711 renovaverint
949 2666 978 2710 et
995 2653 1033 2709 ad
1044 2665 1173 2710 mentem

83 2725 201 2782 Summi
216 2725 376 2795 Pontificls,
391 2743 508 2783 necnon
529 2744 584 2799 pro
605 2743 618 2782 s
639 2726 750 2784 irituali
771 2726 890 2782 Ordinis
904 2725 1036 2800 profectu
1054 2724 1116 2797 pias
1137 2725 1173 2780 ad

85 2798 183 2854 Deum
197 2814 297 2870 preces
309 2796 437 2854 fuderint
446 2798 552 2869 (Clem.
566 2745 638 2866 le3
652 2820 668 2850 ι(
683 2798 759 2854 Cum
770 2798 846 2853 sicut
857 2819 884 2866 »,
899 2817 914 2852 2
927 2796 997 2852 maii
1014 2797 1101 2868 1736).

120 2887 164 2923 ia.
187 2869 304 2933 lisdem,
324 2869 356 2925 in
376 2869 450 2926 festo
473 2868 664 2943 Epiphaniae,
675 2869 723 2925 die
736 2868 936 2932 anniversaria
947 2866 1174 2947 consecrationis

84 2941 175 2997 totius
198 2941 318 2996 Ordinis
341 2941 419 2996 SSm⁰
440 2940 530 2997 Cordi
551 2942 626 3010 lesu,
647 2941 671 2996 si
694 2939 818 2998 confessi
838 2957 872 2996 ac
894 2941 923 2995 S.
948 2940 967 2994 S
989 2938 1057 2993 naxi
1075 2937 1174 2994 refecti

85 3012 258 3068 sollemnem
271 3011 483 3085 professionem
492 3011 697 3069 renovaverint
709 3013 717 3081 l
722 3012 792 3068 Pius
807 3013 857 3081 IX,
898 2956 1026 3067 octoiris
1042 3009 1130 3082 1873).

121 3085 166 3140 13.
188 3083 306 3153 lisdem,
328 3083 418 3140 semel
439 3083 469 3138 in
488 3100 577 3152 anno,
598 3083 645 3139 die
659 3099 720 3156 quo
740 3083 849 3155 cuique
868 3030 995 3148 fibuerit,
1011 3079 1175 3162 dummodo

85 3155 211 3212 confessi
233 3166 261 3212 et
276 3156 306 3211 S.
320 3154 541 3210 Communione
561 3154 659 3211 refecti
673 3155 711 3211 ad
724 3153 919 3210 intentionem
940 3154 1055 3208 Summi
1077 3153 1175 3206 Ponti-

86 3226 147 3284 ficis
173 3227 332 3295 oraverint,
356 3238 490 3299 tempore
515 3243 576 3299 quo
600 3224 784 3300 infrascripta
813 3224 947 3281 exercitia
977 3222 1141 3296 peregerint
1166 3241 1173 3277 z

86 3298 176 3354 eundi
197 3315 252 3371 per
264 3299 425 3354 claustrum
438 3307 549 3370 septeni
562 3296 674 3352 vicibus
686 3308 714 3352 et
729 3296 864 3353 visitandi
878 3295 909 3351 in
928 3295 987 3351 fine
1011 3295 1113 3350 ssmum
1125 3294 1175 3348 Sa·

86 3381 272 3425 eramentum
293 3369 371 3440 (loco
382 3367 518 3424 visitandi
532 3380 643 3440 septem
659 3367 802 3424 Ecclesias
817 3367 935 3438 Urbis);
960 3365 1050 3422 eundi
1069 3378 1113 3422 ter
1125 3380 1176 3437 per

86 3441 249 3498 claustrum
261 3453 291 3496 et
302 3439 438 3496 visitandi
450 3439 541 3496 altare
553 3450 604 3495 aut
616 3439 776 3512 imaginem
789 3440 823 3494 B.
839 3439 881 3498 M.
894 3439 931 3493 V.
952 3438 1028 3507 (loco
1040 3435 1176 3515 visitandi

87 3511 296 3569 Sanctuarium
319 3511 549 3580 Lauretanuml3
572 3511 662 3567 eundi
684 3522 729 3567 ter
749 3527 801 3584 per
813 3509 974 3566 claustrum
992 3519 1021 3564 et
1041 3506 1176 3563 visitandi

86 3585 178 3641 altare
198 3597 252 3640 aut
273 3582 433 3656 imaginem
453 3582 526 3638 SSmi
550 3580 689 3642 Crucifixi
714 3581 793 3653 (loco
816 3580 951 3636 visitandi
971 3579 1177 3635 Sanctuarium

87 3655 199 3712 Montis
222 3654 364 3723 Varalli);
385 3666 413 3710 et
435 3654 556 3712 demum
577 3653 666 3709 eundi
687 3653 821 3709 similiter
834 3662 878 3708 ter
898 3669 949 3724 per
970 3651 1131 3707 claustrum
1149 3659 1178 3729 et

86 3726 225 3783 visitandi
247 3725 339 3782 altare
359 3738 410 3782 aut
431 3725 590 3798 imaginem
611 3725 642 3781 S.
665 3727 698 3781 P.
719 3726 759 3781 N.
774 3722 920 3779 Francisci
943 3722 1021 3790 (loco
1041 3720 1177 3777 visitandi

86 3797 297 3855 Sanctuarium
314 3797 416 3854 Assisii
441 3807 471 3855 et
486 3795 653 3868 Alverniae)
667 3795 750 3865 (Pius
762 3796 830 3864 Vll,
846 3795 877 3851 25
892 3792 1062 3874 septembris
1087 3794 1175 3917 177p).

124 3889 167 3941 14.
189 3870 299 3926 lisdem
315 3868 468 3940 Religiosis
487 3867 549 3940 qui,
568 3866 693 3923 confessi
707 3883 742 3923 ac
754 3867 784 3922 S.
803 3866 912 3946 Synaxi
929 3865 1038 3933 refecti,
1052 3864 1132 3943 Abs-o
1146 3880 1177 3943 a·

87 3944 195 3999 tionem
212 3939 403 4010 Generaiem,
418 3941 473 3995 sub
486 3938 614 3994 formula
635 3959 652 3990 n
665 3938 711 3994 Ne
723 3936 919 3993 reminiscaris
937 3956 963 4005 ii,
979 3954 996 3990 a
1015 3936 1178 4007 Superiori·

86 4016 140 4072 bus
152 4012 276 4070 Ordinis
298 4011 345 4068 vel
357 4012 395 4067 ab
409 4010 474 4066 aliis
496 4009 651 4082 Religiosis
664 4009 701 4066 ab
714 4008 784 4082 ipsis
798 4007 953 4080 deputatis,
970 4018 1007 4076 et,
1032 4006 1122 4062 relate
1142 4005 1178 4060 ad

89 4085 245 4154 MonialeS,
273 4085 310 4139 ab
335 4100 437 4139 earum
463 4081 642 4138 confessario
666 4080 711 4136 vel
732 4080 770 4135 ab
791 4078 850 4135 alio
871 4079 1028 4146 sacerdote,
1053 4077 1121 4132 licet
1141 4075 1178 4132 ad

88 4157 249 4212 audiendas
267 4170 370 4211 earum
388 4153 585 4210 confessiones
597 4169 659 4207 non
672 4151 844 4226 approbato,
858 4151 895 4207 ab
908 4147 1065 4205 Ordinatio
1080 4160 1179 4228 tamen

89 4228 232 4302 delegato,
265 4225 499 4300 impertiendam,
533 4223 697 4297 acceperint
729 4233 758 4278 et
789 4221 870 4277 iuxta
902 4231 1031 4277 mentem
1063 4220 1177 4275 Summi

91 4298 243 4356 Pontificis
257 4297 413 4366 oraverint,
429 4295 618 4369 sequentibus
632 4294 734 4351 diebus
746 4293 826 4351 festis
840 4313 846 4348 :

1254 481 1385 530 Inerticu-

1225 536 1248 584 io
1258 541 1353 588 mortis.

1225 712 1341 820 nitri

1254 931 1379 980 Exrraiiia

1225 989 1370 1047 spiritualia.

1257 1857 1362 1905 Comme·

1226 1918 1330 1962 moraiio
1338 1918 1388 1964 Dc-

1221 1968 1358 2030 sanatorum

1227 2028 1338 2078 Ordinis.

1256 2110 1377 2172 Prosessio

1227 2167 1256 2236 S..
1269 2168 1353 2236 Eran-

1227 2239 1294 2273 sisai.

1256 2308 1352 2355 Corona

1226 2364 1372 2414 Francisca·

1226 2436 1268 2471 aa.

1254 2517 1303 2566 Die
1308 2536 1337 2579 29
1345 2533 1388 2569 no-

1226 2578 1335 2626 vembrr's.

1223 2863 1360 2979 aiiii*

1256 3073 1331 3121 Srmri
1341 3076 1367 3122 in

1229 3144 1293 3179 ariao
1300 3136 1345 3190 pro

1228 3188 1366 3249 quibusdam

1229 3247 1379 3351 pisitationi-

1244 3317 1279 3352 as.

1259 3857 1384 3905 Abroiuiio

1234 3915 1365 3964 Generalis.
