2959 4900
470 293 506 328 nu
521 291 653 329 tumr-ano
671 293 740 329 num
758 298 814 339 1904
1147 270 1182 332 'll

95 430 119 497 si
136 445 257 499 tamen
268 430 387 515 simul
406 452 439 498 v.
458 452 510 519 gr.
529 452 562 496 νι
554 428 706 497 indulti
711 442 984 518 permittantur
999 427 1181 497 lacttcrma

98 519 146 587 Ut
162 519 238 588 aliis
255 519 414 586 dicamus
429 520 557 620 verbis,
575 534 713 620 oportet
737 537 775 586 ut
799 521 916 602 aliqua
943 519 1066 586 saltem
1088 533 1185 606 parte

95 630 182 697 opus
199 608 316 675 istud
308 630 379 675 ram
395 629 466 674 non
485 608 529 674 sit
544 609 809 697 praescriptum.
840 608 972 708 Quare,
998 630 1026 675 si
1018 606 1183 692 alieubi,

94 715 128 765 ut
160 697 384 784 Mechliniae,
417 697 613 786 Episcopus
640 718 747 764 usum
774 697 1029 765 lacticiniorum
1053 717 1188 763 conces·

95 787 174 854 serit
198 786 303 854 etiam
323 786 596 854 ieiunantibus
587 808 625 854 m
648 785 775 854 ordine
796 786 839 855 ad
863 786 1072 854 lucrandum
1098 783 1187 852 iubi-

95 877 222 958 laeum,
248 877 303 943 vel
326 897 400 942 non
415 891 466 942 est
482 875 546 943 hac
561 875 721 944 facultate
737 875 923 961 utendum,
948 875 1004 944 vel
1027 873 1186 963 eligenda

94 965 168 1033 dies
180 987 262 1054 qua
270 986 310 1031 ex
322 986 504 1032 commum
495 965 689 1033 Ecclesiae
702 966 790 1054 lege,
799 986 872 1032 non
884 980 928 1032 stt
940 963 1182 1033 ieiunandum

137 1065 314 1134 Observes
339 1087 420 1132 cum
448 1066 604 1134 minores
631 1066 754 1166 viginti
770 1087 844 1134 uno
861 1066 975 1152 annis,
993 1082 1069 1133 tum
1085 1077 1185 1133 senes

95 1156 183 1222 hoc
175 1155 309 1222 reiunio
326 1176 439 1242 perse
456 1155 612 1246 astringi,
630 1156 698 1223 nisi
716 1155 871 1243 legitime
887 1177 978 1242 opus
993 1154 1079 1244 ipsis
1090 1174 1184 1220 com·

97 1259 249 1312 mutetur
266 1243 303 1310 in
319 1243 427 1312 aliud.

135 1369 171 1433 4.
189 1347 338 1414 Peccata
354 1345 458 1433 confit
458 1347 512 1413 eri
527 1363 560 1413 et
575 1368 680 1415 sacru
696 1345 794 1434 refici
808 1347 907 1436 dape.

139 1449 275 1515 Eadem
302 1449 474 1518 confessio
498 1449 620 1536 nequit
644 1448 686 1516 ad
704 1447 961 1550 indulgentiam
988 1447 1129 1516 iubilaei
1154 1461 1187 1514 et

96 1538 178 1605 alias
194 1536 430 1626 indulgentias
446 1538 630 1605 lucrandas
653 1558 729 1604 esse
755 1539 863 1605 utilis.
894 1537 1013 1624 Quare
1040 1537 1187 1605 suaden-

97 1625 179 1694 dum
209 1642 323 1694 estut
351 1625 411 1693 fiat
442 1626 615 1694 confessio
643 1625 804 1694 distincta
831 1626 874 1693 ab
900 1625 1183 1694 hebdomadaria.

98 1714 188 1784 Cum
207 1733 334 1816 tamen,
365 1715 407 1782 ad
436 1715 621 1783 lucrandas
645 1715 880 1804 indulgentias
904 1716 1087 1804 plenariae,
1104 1736 1185 1782 con-

98 1804 198 1873 fessio
215 1805 330 1872 stricte
347 1804 621 1873 hebdomadaria
637 1826 711 1873 non
727 1805 936 1891 requiratur,
962 1807 1022 1873 sed
1046 1804 1127 1872 satis
1142 1805 1186 1871 sit

98 1894 169 1962 eius
185 1893 416 1962 confessionis
433 1893 560 1960 habere
576 1893 1008 1980 consuetudinem,certum
1025 1893 1186 1961 exomis·

98 1984 193 2051 sione
221 2004 295 2050 non
318 1983 454 2050 videtur
478 1982 638 2051 futurum
661 1985 923 2053 detrimentum.
945 1983 1186 2069 Indulgentiae

98 2088 212 2140 tamen
224 2073 325 2141 istius
337 2071 578 2139 hebdomadae
590 2073 811 2159 aliquatenus
824 2072 1034 2141 videbuntur
1046 2071 1185 2139 dubiae.

100 2161 168 2230 Clr.
193 2163 421 2246 Lanarum,
441 2161 492 2244 ll,
512 2160 601 2248 5383
620 2161 807 2247 Genitor,
829 2161 882 2248 ll,
900 2162 979 2248 405.

142 2263 172 2330 5.
194 2263 280 2330 Esse
293 2262 330 2328 in
341 2270 437 2329 statu
446 2262 590 2350 gratiae
603 2283 685 2329 cum
697 2262 866 2329 ultimum
877 2249 1186 2351 completur'opus.

479 2440 523 2503 ΙΙ.
549 2437 593 2508 lla
617 2437 805 2523 Ptlvlloulis

141 2605 390 2671 Notanda-
410 2598 516 2687 Prius
533 2618 643 2685 quam
659 2598 799 2687 singula
815 2599 1027 2698 attingamus
1049 2596 1186 2684 privile·

101 2687 166 2776 gia,
183 2690 265 2757 haec
282 2701 364 2757 sunt
380 2662 591 2755 recolenda:
622 2692 662 2774 a)
683 2687 907 2777 Indulgentia
922 2686 1064 2754 iubilaei
1080 2683 1188 2753 semel

101 2792 231 2845 tantum
258 2778 403 2845 offertur
429 2783 688 2864 consequenda.
700 2784 761 2878 b)
781 2778 858 2844 Hac
882 2790 1093 2863 comparata,
1119 2775 1189 2842 iam

102 2870 215 2935 nullus
242 2881 293 2935 est
316 2866 499 2967 privilegio
526 2867 637 2946 locus,
665 2866 770 2934 etiam
794 2866 822 2933 si
839 2887 942 2934 causa
958 2865 1079 2933 utendi
1097 2879 1188 2953 post·

103 2957 244 3024 modum
274 2970 411 3025 tantum
442 2955 583 3023 oriatur.
622 2961 662 3043 e)
697 2956 833 3043 Donec,
874 2956 1026 3056 perlecto
1065 2954 1189 3020 ultimo

104 3066 214 3133 opere,
247 3046 442 3113 iubilaeum
474 3044 521 3111 sis
553 3045 718 3131 lucratus,
759 3045 850 3130 licet,
883 3065 966 3112 cum
996 3042 1188 3111 intentione

104 3134 252 3202 lucrandi
277 3135 485 3235 iubilaeum,
504 3133 636 3221 pluries
659 3135 709 3200 uti
727 3133 928 3223 privilegiis.
948 3138 990 3234 rl)
1012 3133 1054 3199 ln
1069 3145 1188 3199 utente

105 3224 318 3323 privilegio,'
311 3224 458 3290 intentio
474 3223 632 3290 lucrandi
649 3223 842 3290 iubilaeum
858 3224 1060 3323 requiritur.
1080 3216 1188 3307 Quod

106 3312 131 3377 si
157 3331 271 3400 postea
304 3328 460 3379 mentem
491 3312 688 3399 mutaverit,
721 3312 954 3378 inconstantia
985 3311 1048 3378 ista
1080 3310 1187 3377 valori

107 3400 257 3470 obtentae
272 3402 402 3492 gratiae
416 3422 490 3468 non
506 3400 669 3469 obstabit.
689 3401 766 3467 lam
781 3402 825 3469 de
837 3400 985 3490 singulis
999 3398 1188 3490 privilegiis

107 3510 219 3575 pauca.

153 3600 343 3667 reiectio
359 3602 658 3666 confessariin-
618 3599 709 3678 -al
731 3592 899 3681 Religiosi
917 3591 1033 3659 stricte
1049 3593 1103 3658 vel
1118 3577 1184 3657 late

107 3616 180 3749 dicii
203 3686 351 3752 liberam
372 3684 502 3751 habent
525 3684 704 3770 optionem
734 3680 964 3749 confessarii
956 3695 1046 3781 inter
1068 3700 1188 3780 appro

108 3768 197 3839 batos
212 3776 255 3842 ab
273 3772 472 3841 Ordinariis
489 3772 671 3857 locorum3
690 3785 723 3837 et
737 3784 924 3858 praeterea,
943 3769 971 3837 si
988 3769 1144 3869 exempti
1153 3782 1187 3835 et

109 3859 264 3930 clericalis
283 3862 476 3949 Instituti,
468 3875 557 3928 mter
581 3860 792 3950 approbatos
808 3883 828 3927 a
848 3860 1006 3928 Praelato
1029 3857 1184 3955 proprio.

152 3956 183 4041 b)
207 3959 307 4045 Quae
330 3975 448 4027 tamen
473 3957 656 4043 moniales,
686 3958 801 4024 stricte
828 3958 884 4024 vel
912 3957 980 4025 late
1005 3956 1128 4040 dictae,
1147 3975 1187 4021 ex
1295 4029 1298 4034 ¹

110 4043 179 4132 lege
193 4048 378 4116 universali
398 4046 573 4115 Ecclesiae
597 4048 650 4115 vel
677 4060 803 4114 statuto
827 4046 1033 4114 dioecesano
1049 4007 1188 4112 faculta-

112 4145 176 4201 tem
200 4136 325 4205 habere
356 4158 431 4205 non
457 4137 570 4204 solent
596 4134 791 4204 confitendi
815 4136 882 4202 nisi
899 4136 962 4202 uni
979 4133 1188 4221 confessario

114 4224 181 4310 qui,
197 4226 238 4294 ab
256 4227 432 4317 Episcopo
460 4226 674 4314 designatus,
694 4226 737 4294 ad
755 4246 875 4293 earum
892 4224 1023 4293 accedit
1045 4222 1190 4291 domici·
