2959 4900
271 365 272 370 η
291 316 330 379 66
732 341 935 378 supremum

334 483 519 548 Votorum
540 483 799 549 consideratio
825 485 865 546 in
889 487 1066 549 vovente.
1097 517 1137 527 —
1170 500 1198 544 1.
1232 476 1284 543 Ut
1309 475 1379 542 iam

292 567 494 654 scripsimus
518 567 555 633 in
583 584 681 635 tomo
703 581 746 654 1⁰,
773 590 808 634 n.
826 590 903 654 325,
921 585 1010 648 vota,
1030 564 1192 656 quamvis
1207 581 1378 654 tempora·

291 656 353 743 ria,
387 655 570 744 requirunt
601 656 638 723 in
669 672 817 725 vovente
844 661 1005 725 animum
1036 677 1097 746 per
1124 675 1162 722 se
1192 670 1378 744 perpetuae

292 744 580 813 commorationis
607 745 644 812 in
675 744 852 813 instituto.
886 747 1064 835 Religiosa
1092 743 1189 812 enim
1219 743 1381 811 Instituta

292 855 354 922 per
380 855 416 900 se
443 855 517 901 non
544 849 704 902 constant
731 834 942 922 hospitibus,
969 834 1030 902 sed
1054 832 1214 923 personis
1237 832 1380 920 quaein

292 936 501 1011 perpetuum
514 923 660 1013 cupiunt
677 924 805 992 servire
824 925 902 992 Deo
918 951 925 992 :
941 944 1057 1013 neque
1072 923 1116 991 ad
1133 923 1285 1011 primam
1302 942 1379 1007 pro·

272 1089 276 1095 ,
293 1011 473 1080 barionem
499 1013 738 1080 admitteretur
764 1013 826 1101 qui
843 1014 881 1082 in
898 1026 1032 1082 certum
1047 1028 1187 1101 tempus
1202 1010 1381 1078 dumtaxat

293 1121 497 1190 permanere
524 1102 638 1169 vellet.
666 1102 786 1188 Quare
813 1124 876 1192 per
903 1124 939 1170 se
955 1125 1029 1170 non
1045 1114 1195 1191 possunt
1209 1099 1286 1167 fieri
1302 1117 1381 1167 vota

292 1191 503 1279 temporaria
529 1192 650 1258 animo
677 1208 799 1281 postea
814 1191 1035 1281 digrediendi
1059 1191 1102 1259 ab
1122 1188 1302 1276 instituto,
1321 1188 1381 1256 sed

293 1279 496 1347 huiusmodi
513 1279 660 1348 intentio
677 1280 781 1348 debet
804 1302 865 1369 per
889 1302 925 1348 se
948 1280 1129 1370 Superiori
1153 1277 1380 1346 manifestari.

338 1380 480 1449 Seclusa
507 1397 626 1450 tamen
653 1383 880 1472 stipulatione
904 1381 1056 1470 formali,
1082 1397 1198 1450 reatus
1214 1397 1264 1449 est
1280 1379 1382 1448 aesti-

292 1471 442 1540 mandus
469 1493 509 1538 ex
540 1493 647 1540 onere
678 1488 712 1540 et
743 1473 974 1542 incommodo
1005 1473 1101 1562 quod
1129 1470 1212 1538 inde
1239 1489 1383 1559 passura
1466 1526 1467 1529 ,

293 1559 429 1628 videtur
454 1563 701 1629 communitas.
735 1563 782 1629 Et
808 1563 869 1651 qui
906 1583 1002 1629 mere
1029 1560 1159 1629 dubius
1190 1559 1310 1627 haeret
1341 1557 1383 1624 de

293 1670 356 1716 sua
385 1651 650 1738 perseverantia,
693 1652 904 1739 temporaria
943 1667 1023 1719 vota
1061 1649 1208 1739 experiri
1240 1661 1380 1738 potest:

293 1737 496 1806 huiusmodi
524 1741 620 1807 enim
651 1740 795 1808 facultas
822 1758 874 1808 est
900 1742 1197 1808 eorum'naturae
1224 1737 1383 1826 apprime

292 1846 534 1897 consentanea.

338 1951 368 1996 2.
399 1929 508 2016 Quod
536 1930 579 1997 ad
608 1930 831 2021 paupertatis
853 1931 1089 2019 disciplinam,
1118 1950 1158 1997 ex
1185 1927 1384 1996 recentibus

293 2019 441 2106 normis,
459 2019 660 2087 dominium
684 2020 833 2088 radicale
850 2021 972 2109 nequit
988 2041 1050 2109 per
1066 2034 1163 2087 actus
1179 2018 1269 2085 inter
1284 2016 1384 2084 vivos

295 2124 373 2174 ante
401 2124 478 2177 vota
501 2122 670 2198 perpetua
697 2109 863 2179 abdicari.
884 2148 924 2160 -
945 2111 1043 2177 Dum
1069 2122 1150 2176 vota
1172 2106 1385 2196 temporaria

294 2195 430 2279 durant,
451 2199 616 2265 alumnus
633 2198 868 2288 obligationes
884 2197 1054 2288 simplicis
1075 2198 1147 2266 voti
1171 2194 1385 2284 paupertatis

294 2287 476 2374 participat
492 2290 515 2355 ¹.
535 2325 576 2338 -
596 2287 665 2355 Per
691 2288 874 2356 intervalla
889 2288 979 2355 inter
994 2303 1074 2356 vota
1090 2301 1123 2354 et
1139 2307 1265 2353 eorum
1282 2305 1384 2352 reno·

293 2375 482 2463 vationem,
511 2376 653 2464 plenam
681 2395 861 2467 recuperat
888 2377 1083 2445 libertatem
1105 2374 1316 2465 disponendi
1342 2373 1385 2440 de

296 2466 367 2531 suis
391 2466 506 2549 bonis,
525 2466 598 2533 sive
614 2488 676 2554 per
692 2483 789 2535 actus
805 2467 896 2535 inter
912 2468 1010 2535 vivos
1026 2466 1099 2535 sive
1115 2488 1177 2554 per
1200 2479 1386 2533 testamen·

296 2566 385 2640 tum,
403 2554 512 2622 modo
529 2576 574 2622 ne
590 2555 645 2623 ius
661 2557 752 2624 tertii
770 2556 982 2645 acquisitum
998 2556 1111 2625 laedat
1128 2556 1153 2623 ².

340 2657 371 2723 3.
401 2657 531 2746 Elapso
562 2658 675 2746 spatio
702 2658 924 2748 temporariis
941 2659 1031 2727 votis
1047 2658 1206 2745 definito,
1223 2670 1263 2723 ut
1279 2675 1384 2745 quae·

295 2744 446 2813 stionem
469 2747 703 2823 conscientiae
727 2748 785 2815 hic
801 2748 1018 2831 omittamus,
1037 2747 1186 2838 perfecta
1212 2744 1386 2833 linquitur

294 2835 330 2901 in
357 2834 433 2902 foro
457 2852 598 2902 externo
626 2836 723 2924 optio
752 2838 804 2904 vel
829 2837 1030 2904 discedendi
1053 2838 1108 2905 vel
1132 2834 1280 2903 faciendi
1305 2853 1386 2900 vota

293 2942 469 3013 perpetua.
482 2925 694 2992 Nullatenus
706 2941 823 2993 autem
837 2927 1013 3014 postulare
1026 2941 1139 3016 potest
1151 2924 1336 3013 religiosus
1348 2938 1386 2990 ut

294 3013 369 3080 sine
381 3014 469 3081 votis
482 3027 621 3082 maneat
633 3014 972 3105 inCongregatione.
984 3016 1025 3083 Id
1039 3015 1135 3084 enim
1148 3012 1274 3082 rationi
1286 3012 1387 3079 Insti-

294 3104 357 3169 tuti
375 3102 528 3191 religiosi
542 3102 687 3191 eiusque
704 3104 887 3179 communi
899 3104 995 3173 bono
1012 3105 1162 3172 maxime
1180 3102 1383 3190 refragatur.
1464 3147 1465 3196 p

296 3190 414 3276 Quare
427 3192 462 3258 id
475 3193 713 3261 existimamus
729 3193 894 3261 instituto
910 3194 1100 3263 formaliter
1113 3193 1337 3260 iniuriosum.
1464 3198 1465 3218 ¹

334 3303 520 3370 Votorum
534 3308 851 3390 temporariorum
864 3308 1122 3374 consideratio
1134 3309 1174 3371 in
1185 3304 1383 3371 instituto.

295 3424 334 3437 -
353 3410 380 3454 1.
400 3388 452 3454 De
454 3388 630 3478 facultate
647 3390 848 3458 dimittendi.
871 3390 963 3458 Fieri
981 3405 1093 3478 potest
1104 3405 1143 3457 ut
1159 3388 1386 3458 Constitutio

294 3497 356 3543 nes
367 3478 532 3565 probatae
544 3479 680 3545 nullam
692 3480 776 3546 dent
794 3478 960 3547 instituto
972 3481 1169 3548 facultatem
1185 3474 1384 3545 dimittendi

294 3566 478 3633 alumnum
495 3566 583 3633 votis
596 3568 811 3636 adstrictum.
830 3568 922 3636 Fieri
939 3570 1044 3636 etiam
1057 3583 1169 3658 potest
1181 3582 1221 3635 ut
1232 3566 1386 3633 tribuant

294 3654 489 3723 facultatem
512 3656 559 3723 ita
575 3657 772 3724 dimittendi
789 3671 829 3725 ut
844 3658 950 3725 simul
966 3660 1146 3726 solvantur
1161 3670 1252 3724 vota.
1282 3654 1384 3722 insti-

294 3746 375 3812 tutis
392 3761 508 3811 autem
533 3765 623 3832 quae
650 3764 821 3836 reguntur
845 3748 1042 3817 recentibus
1057 3747 1190 3814 normis
1219 3743 1385 3832 competit

294 3830 434 3901 facultas
461 3832 658 3900 dimittendi
683 3836 858 3922 professos
885 3852 1049 3905 votorum
1076 3834 1382 3923 temporariorum.
1463 3915 1464 3932 χ

322 4098 404 4145 *Has
420 4095 617 4156 explicavimus
636 4103 695 4144 tum
715 4101 789 4144 tomo
809 4101 880 4153 1,'n.
907 4103 977 4159 250,
1000 4101 1068 4153 tum,
1090 4099 1165 4143 tomo
1183 4113 1206 4151 2,
1237 4108 1265 4143 n.
1286 4091 1382 4153 oesq.
1463 4145 1464 4154 p

295 4176 481 4277 '‘alitisiiims
491 4235 583 4277 tamen
595 4226 751 4277 imminutio
761 4226 930 4287 patrimonii,
942 4232 1007 4277 ante
1024 4234 1089 4277 vota
1099 4232 1243 4288 perpetua,
1262 4226 1384 4276 siminus

295 4298 458 4356 paupertati,
468 4295 630 4357 prudentiae
640 4296 736 4344 saltem
748 4300 775 4343 et
786 4294 870 4343 menti
882 4295 911 4345 S.
924 4295 1002 4345 Sedis
1012 4294 1180 4356 repugnarit.
