2959 4900
90 290 178 374 [117]
257 312 351 349 tronus
362 310 515 349 atomus:
526 311 869 351 exeumaumonnmerrnr
880 314 1015 351 rura-ama
1147 291 1187 352 75

90 446 213 520 speciali
224 446 361 506 fruantur
373 446 537 521 privilegio,
557 423 604 501 ad·
610 446 791 521 Episcopum
811 464 972 518 recurrere,
988 448 1039 505 bic
1059 445 1188 504 occurrit

90 534 177 575 casus
191 518 224 574 in
238 536 310 601 quo,
325 520 366 575 ob
379 531 537 646 urgentem
550 518 764 587 necessitatem,
775 520 837 592 ipsa
848 520 914 593 lege
923 518 1099 594 beneplaciti
1109 518 1188 575 vide·

55 644 60 653 ,
89 590 129 646 ris
142 590 310 660 immun1s3
325 591 398 647 etS.
435 589 608 663 ongregatio
620 606 701 646 mere
712 590 840 647 declarat
849 592 973 648 modum
984 608 1044 664 quo
1053 590 1192 661 exceptio<

89 661 144 717 ista
159 673 205 743 est
217 662 376 745 prudenter
393 660 538 743 facienda.
560 682 579 741 f<
593 662 659 718 Non
674 673 717 718 est
729 673 809 732 tunc,
831 675 865 718 ut
877 662 918 745 ait
930 664 1050 744 Wernz,
1066 663 1135 745 (lii,
1155 680 1186 719 n.

92 733 155 804 154)
170 734 367 790 insistendum
385 733 499 791 litterae
511 732 593 804 legis.
608 754 625 785 n
646 734 800 790 Praeterea
815 750 936 791 nomme
949 735 1185 801 Ordinarrorum,

87 820 252 885 possumus
269 805 315 861 his
327 805 498 878 intellegere
517 804 667 860 Praelatos
680 804 730 878 qui
743 804 922 862 ordinariam
934 806 1043 862 babent
1055 805 1187 862 iurisdic-

86 886 215 933 tionem.
701 918 705 923 ·

124 960 179 1016 IV.
196 960 340 1032 Denique,
354 958 419 1085 ipsa
433 956 637 1014 declarationis
646 957 690 1014 vis
699 959 785 1015 nobis
797 959 913 1017 videtur
922 971 989 1035 apte
998 960 1188 1035 temperanda
1262 978 1274 991 .

87 1041 116 1085 et
128 1029 363 1087 circumscriben
384 1030 477 1086 aistis
490 1028 584 1085 titulis
602 1030 633 1085 in
648 1029 758 1103 quibus
777 1047 889 1088 revera
902 1031 976 1089 faeta
991 1041 1034 1089 est
1052 1052 1069 1084 «
1081 1030 1188 1105 capita·

86 1101 122 1157 lis
132 1124 151 1154 >r
168 1101 358 1159 ecclesiastici
372 1099 537 1158 collocatio.

122 1186 165 1241 Et
179 1202 212 1243 re
225 1186 345 1259 quidem
357 1201 435 1255 vera,
449 1196 484 1241 ut
496 1184 585 1241 hodie
598 1198 666 1241 sunt
679 1202 787 1254 mores,
802 1186 932 1259 prudens
941 1198 970 1243 et
980 1181 1083 1243 sollers
1096 1186 1187 1243 admi·

86 1256 230 1312 nistrator
242 1257 301 1314 iam
322 1256 397 1313 solet
415 1256 446 1311 in
454 1272 575 1383 paucos
593 1272 709 1313 menses
729 1257 869 1338 pecunias
884 1257 1040 1328 collocare,
1060 1271 1188 1330 quarum

86 1340 191 1386 temen
205 1328 329 1385 liberam
346 1326 434 1386 habet
473 1326 688 1401 ispositionem.
708 1329 749 1399 Sr,
764 1329 873 1402 itaque,
892 1328 971 1385 tituli
991 1344 1071 1385 mere
1089 1329 1189 1385 huius·

86 1396 174 1455 modi
188 1400 329 1482 pecunias
343 1411 572 1473 repraesentant,
593 1415 687 1473 aeque
701 1401 776 1456 bene
788 1411 929 1473 poterunt
947 1398 1071 1457 alienari
1085 1412 1114 1457 et
1126 1416 1188 1475 per-

86 1484 200 1527 mutari
214 1471 288 1527 sicut
301 1472 380 1554 ipsae
394 1472 546 1545 pecuniae.
559 1472 622 1528 Nec
631 1470 716 1527 aliter
725 1472 965 1545 respondendum
979 1473 1064 1529 nobis
1073 1472 1190 1529 videtur

87 1542 111 1599 si
123 1542 196 1615 quis
216 1559 354 1615 pecun1as
372 1559 517 1616 quaerens
529 1542 618 1599 alicui
630 1542 839 1612 aedificationi,
860 1542 981 1611 interea,
998 1544 1093 1600 donec
1106 1542 1190 1617 perii·

87 1613 186 1670 ciatur
208 1631 333 1684 summa,
357 1613 499 1683 pecunias
520 1612 687 1670 istiusmodi
711 1614 861 1670 fructuose
885 1615 1083 1672 collocaverit.
1112 1616 1190 1671 Cum

86 1685 302 1769 opportunitas
314 1684 512 1743 aedificationi
522 1684 687 1749 habebitur,
697 1686 815 1743 licebiti
837 1684 861 1741 si
869 1687 972 1742 titulos
982 1686 1054 1743 istos
1064 1688 1190 1744 vendere

86 1770 162 1883 {tin
176 1757 292 1883 b⁰¹¹5i¹¹¹
300 1756 454 1814 immobile
461 1767 655 1814 commutare.
667 1758 793 1814 Perinde
827 1757 914 1814 ixeris
927 1757 963 1814 de
971 1758 1058 1815 variis
1071 1758 1189 1815 casibus

108 1844 235 1884 urusmo
256 1847 276 1885 r.

119 1910 164 1968 V.
187 1912 343 1980 Observes,
363 1912 437 1967 dum
455 1911 650 1984 quaerebatur
671 1911 707 1965 de
726 1912 830 1983 poenis
852 1910 941 1967 etiam
959 1910 1140 1968 Tridentinis
1161 1924 1190 1968 et

88 1982 214 2039 Extrav.
241 1982 436 2053 Ambitiosae,
459 2000 477 2037 a
490 1983 521 2042 S.
544 1983 780 2055 congregatione
802 2000 864 2040 esse
883 1983 1050 2040 Tridentini
1071 1983 1190 2040 concilii

87 2054 278 2111 mentionem
303 2054 453 2113 omissam.
482 2054 634 2126 Sapienter
656 2055 803 2126 quidem:
836 2072 951 2128 poenae
977 2056 1059 2111 enim
1086 2054 1190 2129 capitis

88 2116 261 2182 Tridentini
288 2141 350 2182 non
373 2124 537 2207 respiciunt
560 2126 707 2181 bonorum
735 2125 945 2183 alienationem
971 2128 1021 2184 sed
1049 2126 1190 2183 iniustam

90 2195 334 2271 occupationem,
349 2195 446 2271 qualis
459 2195 493 2251 fit
504 2196 541 2252 ab
554 2195 668 2253 intruso
682 2196 883 2255 beneficiario.

481 2371 800 2387 -fl--——-—-——⁴

234 2510 335 2598 117.
355 2561 396 2572 -
419 2524 480 2595 as.
506 2525 542 2592 u.
568 2525 605 2592 rr.
628 2524 676 2594 en
700 2513 780 2593 ott
802 2524 919 2595 eaor.
944 2525 1009 2594 ee.
1031 2525 1057 2592 x

306 2703 438 2762 MOTUS
455 2705 654 2763 PROPRIUS
673 2708 711 2762 19
730 2709 881 2765 MARTII
899 2707 981 2763 1903

90 2869 145 2926 De
167 2866 363 2940 Religionis
389 2838 477 2925 ante
499 2866 728 2925 collationem
750 2866 922 2926 ordinum
943 2835 1192 2926 examinandis

541 3028 612 3084 ems
633 3028 695 3086 ee.
713 3028 742 3084 x
775 2997 794 3020 “’

130 3184 353 3258 Religiosorum
375 3185 523 3241 Ordinum
543 3184 679 3256 familias,
695 3198 799 3314 quote
816 3204 892 3268 quae
911 3188 1064 3260 praeclaro
1079 3204 1194 3261 semper

91 3267 122 3312 et
142 3257 317 3313 adiumento
339 3268 369 3313 et
391 3269 567 3314 ornamento
588 3256 696 3313 fuerint
745 3258 878 3328 eclesiae,
902 3258 1044 3332 peculiari
1064 3260 1194 3331 quadarn

93 3330 161 3384 Nos
186 3327 370 3402 providentia
394 3328 553 3402 studioque
575 3329 799 3403 prosequimur;
825 3329 856 3384 in
882 3328 1045 3402 primisque
1065 3331 1193 3386 dandam

93 3416 220 3472 operam
245 3399 432 3469 arbitramur,
461 3411 495 3455 ut
525 3411 694 3456 constanter
725 3413 858 3474 pergant,
886 3417 940 3473 pro
972 3402 1193 3459 necessitatibus

93 3482 276 3544 temporum,
290 3470 432 3528 salutares
444 3487 508 3527 esse
519 3487 553 3526 ac
571 3470 735 3543 frugiferae.
755 3473 841 3528 Hanc
854 3473 893 3528 ob
905 3488 1036 3542 causam,
1050 3474 1194 3546 quoniam

93 3542 186 3616 ipsae,
201 3554 409 3616 praeterquam
421 3554 589 3598 sanctarum
602 3543 810 3600 exercitatione
821 3543 973 3613 virtutum,
986 3544 1075 3600 etiam
1088 3543 1194 3600 doctri·

92 3631 152 3670 nae
171 3614 260 3670 laude
284 3612 413 3670 floreant
434 3629 552 3670 necesse
573 3625 626 3681 est,
652 3617 716 3671 Nos
743 3632 759 3672 e
780 3631 812 3670 re
833 3631 896 3673 esse
916 3614 995 3670 haud
1018 3615 1058 3671 ita
1079 3616 1193 3689 pridem

93 3685 247 3757 duximus,
263 3682 376 3758 aliquid
388 3684 420 3740 in
433 3685 492 3740 hoc
503 3700 609 3758 genere
620 3696 758 3746 statuere.
781 3687 912 3753 Etenim,
936 3702 1113 3743 noveramus
1131 3685 1193 3759 qui·

95 3757 167 3814 dem
181 3757 302 3813 Sacram
318 3756 595 3828 Congregationem,
618 3757 835 3830 Episcoporum
850 3769 879 3815 et
899 3757 1091 3829 Regularium
1104 3774 1194 3831 nego·

92 3829 144 3884 tiis
166 3841 195 3884 et
210 3827 481 3884 consultationibus
496 3828 705 3900 praepositam,
724 3829 898 3886 auctoritate
917 3827 1077 3886 decessoris
1092 3827 1193 3885 Nostri

94 3898 144 3956 fei.
158 3914 217 3955 rec.
234 3898 342 3956 Leonis
355 3900 439 3968 Xlll,
454 3897 502 3954 die
518 3899 559 3953 lV
571 3899 738 3956 novembris
753 3900 984 3969 MDCCCXClI‚
1005 3899 1193 3974 prudentissi·

93 3987 145 4027 me
159 3969 388 4044 praescripsisse,
411 3982 444 4025 ut
468 3990 484 4021 a
505 3968 632 4097 professi
656 3982 721 4026 tum
745 3983 883 4028 votorum
906 3969 1106 4040 sollemnium,
1129 3982 1195 4026 tum

95 4062 112 4094 α
130 4053 271 4098 votorum
283 4041 464 4114 simplicium
486 4058 504 4096 a
545 4040 710 4098 Ordinariis
733 4042 869 4100 iocorum
893 4046 930 4099 ad
952 4059 1049 4100 sacros
1069 4042 1194 4101 Ordines

94 4133 113 4164 c
131 4128 197 4169 non
218 4113 422 4182 admittantur,
446 4111 514 4180 nisi,
555 4124 649 4169 raeter
667 4112 724 4170 alia
739 4131 756 4168 a
772 4115 839 4170 lure
852 4125 970 4183 statuta,
984 4113 1194 4171 testimoniales

95 4183 246 4240 «litteras
270 4183 437 4255 exhibeant,
462 4201 523 4265 quo
569 4184 673 4240 saltem
697 4202 749 4259 per
773 4203 886 4242 annum
908 4201 1007 4244 sacrae
1030 4185 1195 4260 theologiae

96 4271 258 4328 «operam
282 4255 426 4324 dederint,
453 4272 477 4312 st
501 4266 604 4327 agatur
631 4256 667 4312 de
695 4256 929 4326 subdiaconatu3
958 4257 995 4313 ad
1020 4258 1119 4314 minus
1143 4273 1195 4331 per

1277 3228 1311 3276 Ui
1327 3228 1392 3276 Reli·

1244 3287 1310 3346 giesi
1325 3285 1392 3334 ordi·

1246 3358 1286 3392 nes
1296 3346 1367 3391 etiam

1246 3401 1366 3450 doctrinae
1465 3419 1466 3426 ¹

1245 3459 1313 3507 uude
1321 3458 1370 3518 flo-

1246 3522 1322 3574 nant,

1269 3716 1405 3783 Quaeprae-

1246 3775 1398 3887 ’ἑῗῗὲἷὼθ
1465 3815 1466 3832 ¹
