2959 4900
306 274 366 336 134
757 303 939 340 monuisintrii

304 427 453 485 decretum
473 430 579 486 Auctis
592 432 753 489 admodum
769 436 927 508 respective
948 436 1123 510 praescripta
1134 435 1190 491 rite
1203 434 1382 509 perfecerint;

374 502 400 571 cl
414 512 507 556 cetera
521 504 621 559 omnia
643 520 660 558 a
682 505 771 561 sacris
785 508 949 563 canonibus
961 524 1014 579 pro
1027 506 1205 563 admissione
1216 507 1253 561 ad
1266 506 1383 562 Ordines

303 571 442 655 requisita
469 572 556 640 (circa
582 574 702 631 titulum
735 577 947 646 Ordinationis,
980 579 1089 635 litteras
1119 576 1296 634 dimissorias
1319 583 1381 646 etc.)

303 639 436 711 religiose
449 644 676 702 observaverint.

337 712 382 792 86.
400 715 481 769 Num
506 715 659 773 Pontificia
680 718 795 775 decreta
814 720 896 776 statis
917 720 1098 794 temporibus
1121 720 1238 793 publice
1259 720 1382 791 legenda,

303 799 396 857 reipsa
410 785 484 842 lecta
496 785 615 844 fuerint.

371 921 381 941 ·
408 895 434 965 c)
450 894 497 950 De
510 897 646 969 operibus
658 898 799 954 Instituti.

319 988 381 1067 Ι87.
398 989 477 1057 Quot
488 992 620 1062 personis
642 992 697 1059 {vel
720 993 861 1050 classibus
882 1001 1084 1067 personarum)
1107 994 1250 1052 beneficia
1261 992 1382 1051 contule·

301 1072 359 1185 aiut
381 1060 494 1117 sodales
516 1062 550 1117 iis
572 1063 711 1137 operibus
736 1066 845 1137 quibus
868 1066 950 1122 iuxta
971 1084 1093 1139 scopum
1114 1068 1159 1123 sui
1180 1066 1309 1122 Instituti
1327 1081 1382 1120 sese

322 1143 452 1188 evovent.

332 1202 380 1282 '88.
397 1202 426 1257 Si
447 1220 587 1260 numerus
608 1205 732 1261 istarum
777 1223 949 1263 ersonarum
972 1222 1037 1281 post
1058 1210 1193 1265 ultimam
1218 1208 1383 1265 relationem

301 1273 408 1327 alicubi
421 1274 594 1331 imminutus
606 1276 702 1347 fuerit,
718 1224 885 1333 indicentur
897 1280 1033 1337 rationes

336 1345 381 1417 89.
396 1345 470 1415 (Pro
483 1347 622 1403 institutis
637 1365 714 1421 quae
726 1349 830 1422 stipem
846 1351 976 1407 ostiatim
989 1350 1156 1426 colligunt).

371 1419 402 1487 a)
415 1418 463 1473 Ari
476 1434 510 1473 ex
525 1419 784 1476 constitutionibus
795 1421 873 1478 clare
882 1435 910 1477 et
922 1436 1001 1479 certo
1014 1436 1126 1479 constet
1139 1422 1175 1477 de
1187 1421 1251 1478 iure
1262 1436 1313 1476 seu
1325 1416 1383 1475 offi-

300 1487 346 1542 cio
359 1487 464 1560 stipem
478 1488 608 1544 ostiatim
620 1490 777 1563 colligendi
789 1512 796 1559 ;

313 1629 319 1639 .
366 1559 398 1638 ¹b)
416 1561 497 1615 Num
511 1561 661 1617 decretum
670 1563 833 1637 Singulari
843 1564 871 1619 d.
889 1564 917 1622 d.
933 1578 968 1633 ²7
980 1577 1065 1620 mart.
1084 1564 1151 1636 1896
1163 1563 1234 1637 ipsis
1243 1560 1382 1619 Constitu-

299 1631 429 1687 tionibus
442 1632 584 1688 insertum
600 1632 635 1687 sit
646 1654 653 1703 ;

370 1704 396 1773 c)
414 1704 494 1759 Num
507 1702 579 1758 illud
593 1705 741 1761 decretum
756 1706 787 1761 in
801 1705 939 1761 omnibus
951 1706 1085 1778 religiose
1097 1707 1278 1763 observetur.

334 1790 381 1846 90.
399 1775 480 1829 Num
493 1775 530 1830 ab
545 1775 688 1831 Institutis
702 1776 847 1833 Sororum
860 1777 1024 1832 habeantur
1037 1778 1067 1832 in
1081 1777 1140 1832 suis
1149 1777 1288 1833 domibus
1297 1776 1381 1831 diver·

299 1844 375 1899 soria
396 1859 447 1901 aut
467 1846 677 1902 valetudinaria
696 1865 750 1921 pro
772 1848 905 1922 personis
917 1848 1161 1921 quibuscumque,
1180 1849 1269 1904 etiam
1283 1846 1381 1902 diversi

299 1932 383 1971 sexus
395 1938 402 1981 ;
417 1930 444 1972 et
456 1931 600 1989 quatenus
614 1917 794 1981 affirmative.
809 1919 892 1975 cuius
907 1920 1023 1975 licentia
1036 1930 1064 1975 et
1076 1919 1184 1992 quibus
1199 1919 1328 1975 cautelis.

334 2006 379 2067 91.
395 1990 475 2043 Num
499 2003 527 2044 et
550 1990 702 2060 quomodo
728 1992 851 2046 Sorores
876 1992 905 2045 iri
934 1991 1096 2047 seminariis
1120 1991 1166 2047 vel
1189 1989 1318 2063 collegiis
1339 1988 1379 2042 vel

299 2060 534 2132 quibuscumque
546 2059 809 2117 ecclesiasticorum
821 2062 953 2130 virorum
967 2062 1104 2118 domibus
1117 2079 1179 2118 rem
1195 2060 1379 2117 domesticam

298 2133 456 2202 gerendam
468 2132 690 2204 assumpserint.

330 2220 377 2329 92.
394 2204 476 2257 Num
498 2204 621 2259 Sorores
642 2219 730 2276 opera
749 2206 894 2277 quaedam
916 2203 1042 2259 caritatis
1061 2216 1214 2260 exerceant
1226 2207 1265 2273 (v.
1278 2221 1304 2284 g.
1316 2217 1380 2282 erga

298 2274 328 2329 in
341 2285 422 2329 antes
435 2286 485 2329 aut
498 2274 692 2346 parturientes
711 2288 761 2330 aut
780 2275 908 2348 chirurgi
928 2276 1022 2330 cultro
1044 2275 1160 2345 incisos)
1174 2292 1251 2349 quae
1261 2288 1378 2345 virgines

300 2347 362 2403 Deo
375 2345 484 2400 dicatas
497 2358 524 2400 et
538 2346 640 2400 habitu
653 2346 791 2418 religioso
805 2348 921 2402 indutas
937 2346 1077 2402 dedecere
1090 2347 1238 2405 videntur.

371 2461 377 2472 .
395 2418 476 2472 Num
491 2416 623 2485 Sorores
642 2433 723 2543 (quae
737 2416 864 2474 infirmis
882 2418 913 2473 in
937 2416 1117 2490 privatorum
1129 2416 1285 2475 domiciliis
1296 2415 1379 2471 inser-

1447 2323 1449 2422 l

297 2419 598 2614 vi313it,lpraescriptas
610 2507 626 2543 a
666 2489 909 2546 onstitutionibus
931 2491 1058 2545 cautelas
1080 2507 1196 2565 semper
1218 2488 1376 2545 adhibeant.
1446 2488 1447 2545 l

333 2579 377 2633 94.

423 2577 475 2615 uin
495 2561 666 2631 Superiores
690 2562 875 2632 permiserint
899 2560 1163 2618 commorationem
1184 2560 1326 2617 sodalium
1349 2557 1377 2610 in

297 2631 435 2687 domibus
447 2631 652 2713 saecularium,
667 2644 695 2687 et
708 2645 822 2757 quanto
834 2645 977 2706 tempore.
1092 2704 1098 2714 .
1279 2701 1285 2711 .

332 2703 378 2776 95.
393 2705 467 2772 (Pro
494 2702 637 2758 Institutzs
667 2703 712 2758 Re
726 2708 917 2778 igiosorum).
950 2703 1030 2756 Num
1061 2704 1183 2777 aliquod
1217 2705 1375 2759 [nstitutum

298 2775 440 2830 Sororum
459 2775 542 2855 quasi
557 2774 592 2829 ab
606 2774 675 2847 ipsis
688 2774 865 2846 dependens,
880 2774 994 2846 sibique
1006 2787 1205 2856 aggregatum,
1219 2776 1322 2829 directe
1332 2767 1373 2823 vel
1444 2842 1445 2853 ἵ

297 2845 445 2908 indirecte,
460 2858 603 2903 retineant
617 2847 661 2902 vel
676 2845 803 2918 dirigant
812 2859 841 2902 et
855 2861 984 2919 quanam
996 2857 1177 2902 auctoritate.

332 2920 376 2998 96.
394 2919 475 2972 Num
496 2918 722 2998 post-ultimam
749 2919 922 2975 relationem
948 2914 1068 2986 aliquod
1095 2934 1207 2973 novum
1228 2930 1309 2987 opus,
1332 2910 1372 2966 vel

296 3001 394 3062 potius
412 3006 487 3044 nova
503 3006 611 3069 species
624 3006 748 3062 operum
771 2989 834 3047 aliis
849 2990 908 3045 iam
920 2985 1124 3047 exsistentibus
1138 2988 1273 3043 adiuncta
1285 2982 1371 3049 suerit,
1443 2992 1445 3009 ’

296 3073 324 3116 et
338 3077 466 3133 quanam
478 3073 663 3117 auctorltate.

332 3151 377 3205 97.
388 3133 474 3213 ,Num
487 3132 518 3185 in
533 3131 669 3187 Instituto
681 3131 726 3187 vel
739 3131 770 3186 in
783 3131 932 3204 aliquibus
941 3133 1078 3189 domibus
1091 3130 1258 3205 irrepserint
1276 3127 1372 3182 abusus
1441 3142 1444 3207 .'

406 3205 415 3242 i

295 3214 473 3347 etqssiullum
496 3273 631 3345 querelae
655 3274 699 3329 vel
722 3272 907 3331 difficultates
932 3274 1069 3330 exsistant
1092 3276 1123 3343 a)
1136 3290 1203 3329 cum
1223 3265 1372 3327 Ordinariis

296 3345 440 3412 locorum,
455 3345 482 3414 b)
496 3361 564 3399 cum
577 3344 769 3412 confessariis‚
783 3350 811 3416 c)
827 3362 895 3400 cum
908 3345 1096 3419 cappellanis.

334 3492 482 3564 Responsa
495 3500 594 3545 autem
608 3490 644 3544 ad
657 3489 866 3615 suprascriptas
876 3489 1063 3563 quaestiones
1075 3505 1136 3544 non
1145 3488 1243 3544 solum
1256 3484 1372 3566 amodc

295 3574 392 3618 satore
411 3578 462 3617 seu
483 3561 676 3616 moderatrice
698 3577 805 3633 genera
818 3562 837 3629 i,
863 3563 913 3617 sed
931 3561 1048 3617 etiamn
1068 3560 1189 3632 singulis
1211 3558 1370 3614 consiliariis

296 3633 494 3689 assistentibus
507 3631 700 3703 generalibus
716 3633 834 3705 praevio
847 3644 962 3688 maturo
975 3631 1117 3698 examine,
1134 3630 1275 3703 signanda
1284 3638 1369 3705 erunt.

332 3705 421 3772 Quod
444 3703 467 3759 si
492 3702 559 3775 quis
590 3720 625 3759 ex
650 3704 754 3758 iisdem
780 3704 953 3759 consiliariis
976 3720 1028 3759 seu
1049 3702 1248 3758 assistentibus
1270 3694 1370 3780 aliquid

295 3777 394 3848 magni
409 3773 551 3830 momenti
575 3786 723 3846 praeterea
744 3775 773 3829 S.
790 3775 857 3830 Sedi
870 3773 1094 3847 significandum
1108 3789 1170 3829 esse
1184 3782 1332 3846 putaverit,
1346 3765 1372 3821 id

295 3849 383 3903 etiam
395 3864 446 3921 per
459 3846 584 3918 privatas
596 3859 684 3918 atque
698 3859 821 3901 secretas
843 3846 951 3901 litteras
969 3857 1114 3919 praestare
1132 3844 1248 3917 poterit.
1262 3844 1373 3898 Verum·

294 3932 394 3974 tamen
406 3933 522 3973 memor
534 3916 596 3988 ipse
611 3917 647 3972 sit
660 3917 843 3973 condicionis
857 3933 926 3973 suae
947 3929 975 3973 et
990 3917 1061 3972 sciat
1078 3914 1287 3972 conscientiam
1298 3925 1371 3986 suam

329 3990 418 4046 aviter
430 4000 584 4044 oneratum
599 3988 643 4054 iri,
662 3988 770 4060 siquid
792 4007 809 4043 a
831 3991 950 4044 veritate
962 3988 1091 4044 alienum
1105 3986 1221 4043 secretis
1239 3979 1370 4043 eiusmodi

294 4008 396 4117 filteris
411 4075 554 4133 exponere
568 4060 683 4115 audeat.

806 4158 840 4211 D.
858 4155 944 4211 Card.
960 4157 1110 4224 Fanum,
1124 4155 1308 4227 Praefectus.

334 4230 367 4283 L·
380 4229 399 4289 †
412 4228 441 4282 S·
919 4226 976 4282 Pii.
992 4226 1132 4295 Giustini,
1148 4224 1339 4281 Secretarius.
