2959 4900
108 314 181 391 [157]
259 335 365 373 runtcm
381 336 402 371 s.
420 334 444 371 c.
462 333 486 369 c.
505 330 690 369 resonemus.
708 316 1003 369 conseeranmrarutr
1116 301 1175 369 169

139 486 158 522 1.
174 468 245 524 Sele
259 469 404 543 risposte1
417 469 444 525 al
459 468 574 542 quesito
594 468 620 521 X
634 478 645 505 ²
659 467 704 523 del
724 468 841 523 decreto
855 474 992 523 emanato
1005 464 1044 545 da
1060 462 1177 544 codesta

108 537 235 611 (idithum)
264 542 294 599 S.
318 541 351 595 C.
376 540 492 596 indata
518 559 548 595 12
572 540 697 612 gennaio
725 557 804 619 1904,
828 540 946 595 intorno
965 536 1107 613 aindrrtttt
1131 534 1179 614 det

107 610 220 681 parrocci
242 626 258 667 e
279 612 355 667 delle
375 611 590 678 confraternite‚
616 611 745 685 riguardt
769 611 896 667 soltanto
917 609 944 666 le
962 624 1056 684 messe
1068 616 1177 685 parate,

107 680 191 751 quelle
204 681 259 739 cioi
272 683 327 739 che
340 684 363 739 si
376 684 533 740 celebrano·
544 700 601 739 con
615 682 789 739 l'assistenza
804 682 851 738 dei
864 680 1000 749 ministri,
1014 695 1099 756 conte
1111 693 1180 751 pare

106 752 204 809 doversi
219 754 343 811 dedurre
355 755 422 811 dall'
436 755 580 828 aggettivo
593 752 713 827 solenne
727 754 868 835 aggiunto
889 768 1023 824 amessa,
1034 768 1065 808 .0
1087 749 1180 807 anche

107 840 187 880 messe
199 836 312 882 cantate
326 826 468 901 semplici,
483 842 566 883 come
576 826 758 899 pretendono
771 845 781 881 1
793 824 930 899 parrocil
1098 883 1100 888 Α
1121 892 1127 904 ⁸

136 914 158 951 2.
172 896 205 953 Se
219 898 246 953 la
258 897 382 970 risposta
400 899 410 937 ³
423 899 450 953 al
464 898 579 972 quesito
592 898 647 953 XX
665 908 675 946 4
689 898 767 954 dello
780 910 871 965 stesso
884 898 1001 953 d'ecreto
1014 895 1038 951 si
1050 893 1179 975 rifertsca

106 965 356 1027 indistinctamente
375 971 476 1027 a·tutti
495 970 504 1024 i
518 969 626 1026 sudditi
644 969 691 1025 del
704 986 839 1043 parroco,
855 986 874 1025 o
886 968 1046 1025 solamente
1057 984 1076 1023 a
1088 965 1179 1040 quellt

105 1037 150 1093 che
161 1055 229 1096 sono
241 1041 349 1097 ascritti
361 1041 417 1097 alle
431 1039 636 1099 confraternite
650 1042 660 1095 l

135 1110 157 1165 3.
171 1112 228 1167 Sei
242 1112 404 1185 cappellani
417 1113 565 1186 ⁵possono
575 1111 765 1169 liberamente
774 1113 921 1170 celebrate
933 1110 1024 1168 tridui
1036 1127 1052 1166 e
1067 1125 1182 1189 noveno

105 1180 170 1261 nelle
181 1182 276 1239 chiese
294 1183 370 1241 delle
388 1184 604 1253 confraternite,
627 1184 720 1241 anche
737 1184 785 1241 nei
804 1184 901 1257 giomi
915 1200 976 1240 non
991 1180 1182 1254 contemplatr

93 1268 144 1307 -net
158 1255 274 1313 statuti?
318 1284 322 1289 -
1099 1280 1101 1282 ·

135 1324 195 1381 Hoc
209 1326 298 1383 modo
311 1328 460 1401 respondit
474 1348 480 1383 :

133 1396 175 1451 Ad
198 1416 221 1452 1.
249 1399 304 1453 Per
325 1415 356 1455 se
378 1411 407 1456 et
428 1400 588 1472 generatim
612 1400 772 1473 loquendo,
799 1398 970 1455 affirmative
986 1398 1031 1453 ad
1054 1397 1181 1471 primam

106 1479 213 1538 partem,
226 1469 357 1541 negative
370 1471 408 1526 ad
417 1471 588 1541 secundam;
601 1482 630 1528 et
643 1472 680 1527 ad
692 1484 831 1540 mentem,
846 1487 922 1544 quae
934 1480 986 1538 est,
997 1479 1031 1524 ut
1044 1469 1181 1549 quotiens

106 1536 180 1595 missa
194 1541 346 1597 sollemnis
367 1559 434 1597 curn
456 1542 596 1609 ministris
615 1544 645 1599 in
669 1542 771 1615 aliquo
792 1543 856 1599 loco
876 1540 1062 1599 habitualiter
1081 1540 1180 1597 haben

105 1624 155 1665 non
167 1612 257 1683 possit
269 1613 309 1669 ob
330 1612 399 1669 cleti
421 1614 577 1683 delectum,
601 1627 632 1671 et·
650 1614 738 1671 missa
759 1632 829 1671 cum
852 1626 939 1671 cantu
958 1612 1021 1669 sine'
1042 1612 1182 1668 ministris

104 1682 241 1740 ordinario
265 1694 319 1740 ster
341 1684 406 1741 loco
429 1685 534 1744 missae
556 1687 715 1755 sollemnis,
743 1685 987 1761 Archiepiscopus
1008 1683 1183 1811 opportunis

104 1752 326 1811 ordinationibus
350 1770 449 1813 caveat
469 1774 506 1815 ne
532 1774 567 1814 ex
590 1758 648 1814 hoc
669 1775 769 1815 rerum
794 1770 871 1814 statu
892 1757 1011 1833 spiritus
1045 1754 1105 1828 egis
1130 1772 1182 1811 seu
1219 1779 1222 1785 ¹

103 1822 197 1881 decreti
209 1827 281 1883 anni
296 1829 363 1900 1703
379 1828 533 1887 frustretur
545 1841 574 1886 et
587 1830 695 1886 abusus
710 1831 878 1903 subrepant.

132 1897 175 1951 Ad
186 1916 212 1953 2.
228 1897 408 1955 Affirmative
422 1900 459 1955 ad
473 1900 598 1973 primam
651 1915 734 1966 rtem,
750 1901 882 1974 negative
895 1900 931 1956 ad
946 1900 1115 1957 secundam.

133 1968 174 2023 Ad
188 1970 214 2025 3.
230 1968 422 2039 Affirmative,
439 1974 494 2028 sub
508 1974 600 2047 depen
623 1973 701 2030 entia
716 1973 861 2054 Episcopi.

115 2057 155 2118 ·t.
183 2042 351 2099 Praedictae
374 2043 567 2101 resolutiones
587 2045 610 2082 ⁶s
623 2044 744 2101 indubia
769 2055 888 2101 veritate
913 2042 1047 2100 nituntur
1070 2057 1183 2114 suaque

102 2111 180 2166 stmul
199 2114 445 2171 commendantur
467 2116 622 2189 aequitate.
647 2118 694 2172 Ut
708 2116 791 2171 utilia
814 2115 884 2171 hinc
907 2114 1080 2187 colligamus
1095 2113 1183 2169 docu-

104 2194 210 2243 menta:
1160 2214 1163 2217 ⁴

134 2255 164 2309 ln
177 2255 274 2330 prima
286 2257 465 2315 resolutione
486 2276 586 2315 rursus
607 2258 781 2334 perspicitur
803 2256 965 2332 quamlibet
984 2256 1104 2313 missam
1117 2273 1183 2312 can-

102 2332 192 2403 tatam,
214 2328 365 2385 sollemnis
387 2330 492 2386 missae
513 2330 633 2387 nomine
655 2330 752 2387 stricte
771 2347 832 2386 non
844 2328 953 2388 venire.
968 2328 1072 2385 Stricte
1084 2340 1182 2385 autern

102 2411 128 2474 tn
141 2411 293 2470 praesente
313 2417 383 2458 casu
405 2402 578 2460 sumendam
601 2419 662 2460 esse
675 2402 902 2477 appellationem
922 2399 1130 2475 facilevetuitur
1148 2416 1184 2458 ex

102 2484 156 2549 ipsa
177 2471 294 2529 ratione
318 2491 376 2546 qua
399 2473 430 2529 in
456 2474 572 2531 decreto
599 2475 741 2547 descripta
763 2487 805 2530 est
827 2474 979 2546 responsio
998 2473 1090 2528 ad·X·.
1117 2473 1184 2529 lure

101 2554 171 2596 emm
194 2561 230 2600 ac
254 2545 359 2600 merito
382 2546 539 2603 sollemnes
561 2546 667 2603 missae
689 2546 720 2603 in
744 2545 962 2619 parochialibus
984 2544 1185 2601 functionibus

100 2615 247 2682 ponendae
280 2631 341 2685 esse
366 2629 519 2690 negantur,
548 2617 834 2675 confraternitatibus
861 2629 961 2673 tamen
992 2616 1185 2689 prohibentur

101 2682 149 2738 nisi
169 2685 199 2741 in
221 2686 398 2760 quibusdam
424 2688 637 2746 festivitatibus.
665 2688 845 2745 Huiusmodi
866 2687 1105 2764 prohibitionem,
1127 2705 1186 2759 qua

102 2765 205 2882 tegatur
212 2759 301 2832 quod
315 2776 366 2832 per
385 2776 415 2818 se
434 2759 510 2841 licet,
534 2761 648 2818 strictae
671 2777 732 2818 esse
745 2759 992 2843 interpretationis
1011 2777 1070 2816 non
1094 2759 1186 2816 ambi·

102 2842 124 2895 gt
157 2847 179 2884 r.

126 3003 183 3052 lid
204 3011 247 3054 est
264 3006 368 3056 latine:
392 3009 492 3056 Utrum
512 3005 652 3067 responsio
672 3005 708 3054 ad
728 3006 753 3054 Χ
773 3004 802 3053 in
820 3004 929 3052 decreto
949 3002 1187 3065 huiusiRituum)

102 3067 124 3115 S.
135 3070 231 3132 Congr.
252 3071 306 3120 diei
323 3091 350 3122 12
361 3073 479 3122 ianuarii
499 3091 555 3132 1904
571 3072 606 3121 de
624 3071 732 3120 iuribus
743 3069 928 3132 parochorum
940 3075 967 3118 et
978 3069 1187 3119 confraternita-

102 3141 160 3193 tum,
171 3144 277 3199 spectat
287 3146 394 3189 tantum
405 3140 505 3189 Missas
515 3153 579 3188 cum
589 3145 734 3199 apparatu,
747 3139 765 3187 i.
776 3136 912 3198 equibus
924 3137 1059 3185 intersunt
1068 3138 1186 3186 ministri

101 3203 171 3262 sacri,
188 3204 261 3254 sicut
281 3206 388 3255 videtur
398 3206 549 3255 eruendum
559 3220 591 3254 ex
602 3219 669 3253 voce
688 3205 807 3252 sollemnis
823 3217 878 3264 qua
899 3203 985 3252 Missa
1001 3201 1139 3262 definitur,
1152 3217 1188 3252 an

101 3265 174 3318 etiarn
184 3272 288 3320 Missae
295 3272 454 3332 simpliciter
464 3277 599 3330 cantatae,
611 3271 683 3319 sicut
693 3270 808 3332 parochi
820 3268 998 3318 contendunt.
1114 3306 1118 3310 .

125 3335 135 3369 2
144 3336 185 3384 En
195 3337 297 3386 decreti
305 3336 399 3387 verba.
409 3357 418 3385 t
427 3341 461 3388 X.
470 3341 514 3388 An
521 3337 670 3387 celebratio
679 3337 824 3386 missarum
834 3335 1007 3386 sollemnium
1019 3351 1068 3397 per
1074 3351 1187 3395 unum,

101 3399 208 3462 sivepro
219 3403 290 3452 vivis
297 3403 354 3453 sive
362 3418 411 3464 pro
422 3405 558 3454 defunctis
568 3405 604 3453 sit
615 3403 648 3452 de
660 3403 740 3453 dictis
752 3402 859 3452 iuribus
868 3402 1126 3464 parochialibus.R.
1134 3406 1189 3454 Ne·
1216 3459 1222 3467 ,
1238 3434 1240 3437 -

101 3466 183 3524 gative
202 3475 286 3529 prout
306 3469 392 3527 iacet;
409 3471 457 3520 sed
477 3471 560 3520 licere
576 3468 770 3520 Confratribus
791 3470 933 3519 dumtaxat
949 3469 978 3518 in
994 3469 1190 3520 festivitatibus

101 3533 314 3584 sollemnioribus
324 3535 446 3585 eiusdem
456 3537 587 3586 ecclesiae
598 3539 641 3586 vel
651 3536 774 3588 oratorii.
793 3554 802 3581 ι
1042 3575 1045 3582 .

124 3600 247 3650 ³Latine
264 3601 321 3650 sic:
342 3603 451 3659 Utrum,
474 3603 503 3652 in
519 3602 616 3652 eodem
627 3603 748 3660 decreto,
761 3603 904 3662 responsio
923 3602 959 3651 ad
979 3604 1028 3652 XX
1047 3604 1083 3653 ad
1097 3617 1191 3653 omnes

101 3665 207 3721 parochi
226 3667 352 3717 subditos
370 3668 612 3718 indiscriminatim
630 3669 774 3726 referatur,
791 3683 827 3718 an
839 3670 875 3718 ad
886 3683 933 3718 eos
943 3671 1015 3718 solos
1026 3669 1073 3730 qui
1084 3670 1192 3720 confra-

104 3734 193 3782 ternati
204 3748 305 3784 nomen
316 3733 459 3798 dederunt.

125 3800 312 3862 *Quaesitum
330 3801 380 3849 XX
390 3807 417 3850 et
434 3801 575 3863 responsio
595 3802 635 3851 sic
646 3801 765 3852 habent:
786 3821 795 3847 ι
812 3806 856 3851 An
873 3802 909 3851 ad
920 3802 1072 3863 parochum
1089 3809 1192 3865 spectet

102 3863 185 3914 facere
196 3865 324 3915 Officium
340 3865 455 3916 funebre
465 3883 546 3929 super
558 3868 741 3918 cadaveribus
755 3869 920 3928 sepeliendis
938 3869 967 3918 in
978 3868 1059 3918 dictis
1069 3870 1191 3921 ecclesiis

100 3933 123 3976 et
132 3933 258 3982 oratoriis
272 3931 393 3998 publicis
403 3935 659 3984 confraternitatum
670 3936 679 3983 ?
691 3963 719 3971 —
731 3937 765 3984 R.
779 3934 959 3993 Affirmative‚
979 3935 1090 3996 quando
1100 3942 1192 3985 tumu-

63 3996 74 4057 l
103 3996 195 4047 landus
203 4005 245 4048 est
251 3997 392 4048 subiectus
403 4000 524 4060 parocho
534 4001 607 4050 intra
615 4000 695 4050 cuius
705 4002 774 4051 fines
784 4009 825 4050 est
835 4001 951 4051 ecclesia
960 4003 1003 4050 vel
1012 4003 1171 4051 oratorium.
1181 4021 1190 4047 ι

125 4065 135 4098 ⁵
149 4065 232 4125 Quod
249 4065 289 4114 sic
299 4065 457 4118 reddimus:
472 4069 627 4118 Possunfne
645 4068 800 4128 cappellani
820 4066 1023 4117 adarbitrium
1041 4068 1070 4117 in
1085 4069 1193 4118 confra-

100 4131 256 4179 ternitatum
272 4131 395 4180 ecclesiis
411 4132 551 4184 triduanas
567 4140 593 4183 et
608 4134 786 4183 novendiales
804 4132 946 4182 celebrare
961 4133 1126 4193 functiones,
1139 4149 1193 4184 ‘eas

101 4195 181 4244 etiam
191 4197 227 4246 de
237 4195 339 4258 quibus
349 4200 424 4248 nulla
435 4200 463 4248 in
473 4201 583 4252 statutis
594 4201 730 4261 reperitur
742 4199 844 4249 mentio
854 4200 863 4248 ?

126 4262 136 4296 ὓ
150 4265 318 4325 Argumenta
334 4278 385 4325 pro
394 4273 421 4314 et
436 4274 532 4316 contra
547 4269 602 4316 late
619 4273 810 4328 proponuntur
823 4266 882 4316 sive
893 4269 971 4316 Acca
983 4269 1009 4318 S.
1024 4269 1114 4325 Senta
1132 4272 1151 4317 t.
1166 4277 1193 4327 39

100 4329 182 4389 (tono),
196 4345 226 4390 p.
239 4347 280 4380 212
291 4345 350 4391 sqq.
360 4333 403 4379 vel
415 4334 575 4382 Cattorttsrn
586 4347 815 4389 consenserant,
826 4340 846 4381 t.
859 4351 886 4392 29
896 4337 983 4394 (1906),
997 4349 1025 4394 p.
1039 4342 1083 4382 330
1092 4350 1134 4394 sq.
