2959 4900
71 476 127 581 quiri
141 476 230 527 doloris

92 571 97 581 .
117 535 174 582 Sidi
191 541 230 583 at-

71 591 184 641 tulissent.

99 720 134 767 Et
167 720 229 769 alla-

71 778 194 827 boratvros
203 785 228 826 ut

97 1033 228 1081 Petttrsua

68 1091 192 1137 Sanctitas
202 1096 227 1138 ut

69 1148 227 1206 Inquisitores

68 1206 164 1257 eosdem.
205 1209 228 1253 si

67 1267 157 1310 starent
170 1269 228 1323 pro-

67 1322 156 1375 missis,
191 1322 228 1369 br·

67 1379 138 1437 aigne
159 1380 228 1427 itabe-

67 1441 126 1483 rint.

90 1565 225 1620 Attontra,

67 1621 130 1669 brevi
153 1622 228 1669 retre-

68 1685 123 1726 runt
139 1680 171 1727 ad
186 1694 227 1728 vo-

66 1740 157 1786 mitum.

95 1820 152 1867 Non
176 1819 225 1877 fus-

67 1879 225 1925 runtsuhmis·

66 1936 89 1980 si
127 1936 225 1983 Vitatis

68 1992 169 2049 Christi,
191 1996 226 2040 si·

66 2049 156 2107 quidem
164 2052 225 2111 Epi-

66 2111 140 2166 scopis
153 2110 221 2155 obsti·

68 2168 150 2213 inunt.

79 3289 223 3349 0E0rumqut

63 3347 177 3393 mandata

63 3404 191 3452 violarunt.

85 3572 221 3632 Quarrcon·

58 3627 171 3688 firmatur

62 3691 202 3747 suppressio-

62 3747 101 3790 nis
147 3746 221 3793 derre-

63 3813 118 3849 rum.

90 3916 125 3964 Et
146 3931 219 3964 acass-

61 3986 100 4020 sus
117 3974 148 4020 ad
170 3974 220 4022 dit·

63 4035 111 4077 tam
140 4031 220 4078 mulie-

62 4091 221 4190 pampinatio-

71 4159 108 4196 ur.

90 4228 120 4275 Si
137 4242 218 4274 erran·

63 4287 94 4330 tes
112 4284 217 4332 sacerdo·

285 302 345 363 124
738 324 920 363 uouutrxnrn

283 482 299 511 n
318 476 443 532 rumque
459 475 591 515 amorem
610 470 745 515 nostrum
764 471 792 515 et
809 461 1026 518 oboedientiam
1037 478 1105 533 erga
1118 462 1257 516 Sanctam
1275 458 1375 516 Sedem

283 554 299 583 a
318 543 346 586 et
374 530 581 611 specialissimo
613 532 703 587 modo
729 548 797 604 erga
819 533 953 589 Vestram
980 532 1169 590 Sanctitatem
1199 530 1373 605 profitentes,

283 601 482 658 «humillime
505 601 621 659 veniam
645 602 782 675 petimus,
805 604 829 659 si
856 604 927 677 quid
954 624 971 661 a
1003 604 1086 662 nobis
1111 604 1157 660 vel
1182 614 1303 677 propter
1324 617 1376 656 nos

283 695 299 726 α
318 684 440 745 paterno
455 674 537 729 cordi
552 674 655 729 Vestro
677 674 810 730 dolorem
822 676 960 733 attulerit.
976 676 1110 748 Denique
1122 675 1307 731 declaramus
1324 688 1375 727 nos

282 768 299 797 a
318 744 415 801 statim
427 744 564 800 omnibus
578 745 688 800 viribus
700 745 914 803 allaboraturos
933 760 966 804 ut
988 766 1045 819 pax
1057 746 1159 820 populi
1177 762 1247 802 cum
1261 745 1375 818 Episco

282 838 299 868 ι(
318 815 362 890 pis
381 816 602 888 quamprimum
624 816 804 873 restituatur.
830 820 925 875 lmmo
946 818 1092 875 affirmare
1115 817 1204 873 etiam
1223 830 1376 889 possumus

282 909 298 939 a
317 904 419 959 pacem
433 887 509 943 hanc
520 904 552 944 re
570 904 637 943 vera
648 888 728 943 brevi
744 901 951 945 secuturam».
1289 927 1292 931 -

318 969 504 1041 Quapropter
519 966 734 1038 periucundum
748 968 843 1023 Nobis
857 980 918 1025 erat
932 986 1048 1043 sperare
1060 969 1150 1025 hosce
1162 966 1240 1023 filios
1254 967 1375 1021 Nostros

282 1040 406 1111 benigne
419 1038 611 1103 condonatos,
632 1038 678 1093 vix
693 1038 723 1093 in
739 1039 894 1095 Poloniam
909 1057 1049 1109 reversos,
1069 1056 1189 1114 operam
1202 1039 1334 1102 daturos,
1347 1047 1377 1090 ut

283 1128 316 1165 ea
335 1126 411 1182 quae
429 1108 634 1181 promiserant,
655 1127 686 1165 re
704 1111 924 1183 quamprimum
945 1122 1133 1185 praestarent.
1153 1111 1251 1181 Atque
1269 1107 1376 1163 idcirco

281 1182 351 1247 Vos,
374 1180 562 1237 Venerabiles
578 1182 702 1247 Fratres,
726 1180 828 1237 festine
843 1182 992 1238 voluimus
1013 1182 1189 1242 admonitos.
1212 1192 1246 1235 ut
1260 1180 1376 1235 eosdem

282 1268 445 1325 eorumque
466 1252 570 1317 socios,
593 1252 711 1323 plenam
731 1253 895 1309 auctoritati
920 1265 1031 1309 vestrae
1053 1252 1265 1309 subiectionem
1291 1247 1375 1322 profi·

281 1336 384 1391 tentes,
397 1322 461 1403 pari
473 1322 671 1379 misericordia
681 1324 850 1397 exciperetis
858 1338 887 1382 et
899 1325 928 1380 in
937 1324 1100 1399 pristinam,
1110 1325 1133 1380 si
1143 1323 1218 1379 facta
1227 1320 1376 1399 promissis

281 1406 480 1462 convenirent,
495 1394 702 1449 condicionem
714 1412 769 1467 pro
782 1396 954 1452 muneribus
967 1394 1196 1452 sacerdotalibus
1209 1392 1375 1450 exercendis

281 1467 317 1521 ad
331 1466 402 1521 iuris
415 1465 571 1528 tramitem,
590 1465 788 1522 restitueretis.

317 1547 355 1601 At
374 1562 455 1619 spem
478 1544 578 1601 fefellit
596 1558 738 1614 eventus;
762 1546 882 1618 nuperis
901 1546 980 1603 enim
1004 1545 1187 1602 documentis
1208 1542 1375 1622 rescivimus

281 1632 331 1672 eos
343 1628 472 1672 mentem
485 1633 568 1671 suam
581 1617 771 1673 mendacibus
781 1616 1007 1674 revelationibus
1018 1634 1120 1673 rursus
1132 1615 1289 1689 aperuisse,
1305 1625 1334 1669 et
1347 1629 1375 1667 rn

283 1687 440 1743 Poloniam
451 1701 583 1759 receptos
596 1705 658 1743 non
672 1688 770 1743 solum
784 1689 855 1743 obse
876 1688 918 1744 uii
931 1706 966 1745 ac
977 1687 1165 1744 subiectionis
1174 1685 1376 1763 testimonium

281 1760 360 1830 quod
383 1758 505 1831 polliciti
519 1758 643 1827 fuerant,
667 1760 802 1814 nondum
817 1706 918 1827 Vohis,
943 1759 1130 1816 Venerabiles
1151 1758 1275 1826 Fratres,
1300 1756 1375 1813 exhr·

280 1830 386 1897 baisse,
401 1830 452 1886 sed
465 1829 553 1885 etiam
566 1830 603 1885 ad
618 1829 714 1886 socios
732 1842 762 1886 et
773 1830 890 1903 plebem
914 1832 1064 1903 quandam
1083 1828 1195 1886 dedisse
1210 1827 1372 1901 epistulam,

280 1901 390 1956 veritati
403 1918 437 1956 ac
449 1901 594 1973 genuinae
608 1901 812 1957 oboedientiae
826 1901 947 1959 minime
960 1913 1197 1959 consentaneam.

316 1982 525 2037 Verumtamen
546 1980 642 2037 inanis
663 1993 706 2037 est
720 1981 893 2036 asseveratio
912 1980 1060 2038 fidelitatis
1079 1998 1146 2051 erga
1166 1977 1273 2035 Christi
1292 1977 1373 2056 Vica-

278 2052 355 2106 rium
370 2052 406 2107 ab
420 2052 454 2106 iis
467 2051 553 2119 edita,
577 2052 629 2123 qui
643 2069 675 2108 re
689 2068 751 2107 non
766 2051 909 2107 desistunt
924 2070 1046 2107 suorum
1060 2051 1232 2106 Antistitum
1250 2060 1371 2104 aucton-

279 2133 368 2178 tatem
394 2122 561 2195 infringere.
591 2123 708 2178 Etenim
735 2139 800 2178 «ex
823 2123 974 2195 Episcopis
998 2134 1111 2180 constat
1135 2139 1202 2194 pars
1229 2119 1371 2177 Ecclesiae

279 2214 295 2244 tt
314 2193 401 2267 longe
410 2193 615 2263 augustissima
627 2196 725 2265 (prout
735 2195 841 2265 legitur
853 2195 883 2249 in
896 2195 1019 2268 epistula
1028 2194 1085 2250 diei
1099 2213 1130 2265 17
1144 2191 1253 2248 mensis
1261 2193 1370 2246 decem-

278 2286 295 2315 ι(
314 2264 373 2320 bris
395 2266 462 2321 1888
476 2283 498 2320 s.
513 2283 554 2320 m.
575 2266 686 2323 Leonis
701 2264 787 2323 Xlll.
811 2266 977 2322 Decessoris
991 2264 1101 2333 Nostri,
1117 2265 1154 2320 ad
1172 2265 1370 2319 Turonensem

278 2356 295 2386 a
314 2336 583 2409 Archiepiscopum)
610 2353 686 2409 quae
715 2337 857 2392 nimirum
880 2338 965 2392 docet
988 2354 1022 2392 ac
1045 2337 1119 2408 regit
1148 2335 1282 2390 homines
1311 2332 1370 2387 iure

278 2427 295 2458 «
313 2407 413 2463 divino
427 2429 434 2474 ;
451 2408 489 2463 ob
504 2423 626 2484 eamque
640 2425 702 2464 rem
715 2407 895 2479 quicumque
907 2408 942 2464 iis
961 2408 1083 2474 resistat,
1099 2408 1145 2464 vel
1159 2406 1238 2462 dicto
1251 2404 1369 2460 audieus

278 2500 294 2530 «
313 2496 375 2534 esse
390 2479 573 2550 pertinaciter
583 2491 704 2545 recuset,
717 2479 766 2535 ille
781 2482 818 2536 ab
832 2480 960 2536 Ecclesia
972 2479 1089 2551 longius
1100 2479 1241 2537 recedit...
1252 2478 1367 2540 Contra,

277 2550 460 2630 «inquirere
482 2550 595 2605 inacta
615 2551 840 2624 Episcoporum‚
861 2568 953 2623 eaque
972 2552 1154 2623 redarguere,
1180 2551 1264 2605 nullo
1283 2547 1368 2626 modo

277 2642 293 2672 a
313 2633 414 2676 attinet
433 2622 470 2675 ad
483 2621 631 2693 privatos;
655 2638 757 2677 verum
770 2623 807 2677 ad
821 2640 872 2678 eos
885 2623 1034 2678 dumtaxat
1053 2622 1155 2679 attinet
1198 2621 1228 2675 ui
1241 2636 1320 2676 sacro
1339 2634 1369 2671 m
1452 2638 1453 2659 t

277 2713 293 2742 <t
312 2693 415 2748 ordine
427 2692 485 2747 illis
498 2704 639 2764 potestate
658 2695 845 2758 antecedunt,
861 2694 1015 2767 praecipue
1039 2693 1076 2749 ad
1093 2639 1266 2750 Pontificem
1281 2688 1367 2745 Maxi-

277 2784 294 2814 «
312 2781 395 2818 mum
417 2763 526 2836 quippe
544 2763 592 2818 cui
608 2765 741 2820 Christus
763 2782 825 2820 non
846 2782 938 2845 agnos
952 2766 1042 2820 modo
1062 2765 1113 2821 sed
1128 2781 1206 2832 oves,
1229 2770 1367 2844 quotquot
1451 2802 1452 2811 ,

276 2856 293 2885 «
312 2834 423 2906 ubique
442 2848 520 2902 sunt,
544 2836 579 2890 ad
592 2837 773 2906 pascendum
794 2835 981 2891 commiserit.
1005 2837 1047 2892 Ut
1065 2852 1226 2904 summum,
1249 2851 1279 2888 tn
1292 2848 1366 2910 gravi
1451 2872 1453 2879 .

276 2927 293 2957 «
312 2905 409 2976 aliqua
422 2907 621 2979 conquerendi
636 2908 766 2974 materia,
787 2923 960 2963 concessum
974 2920 1017 2963 est
1030 2924 1094 2962 rem
1107 2919 1202 2962 totam
1223 2906 1260 2960 ad
1273 2905 1366 2958 Ponti·

277 2999 292 3028 t<
312 2975 398 3032 ficem
412 2978 580 3032 Romanum
595 2977 705 3034 deferre
720 3003 727 3049 ;
743 2979 772 3032 id
785 2993 882 3033 tamen
898 2991 982 3033 caute
994 2980 1213 3050 moderateque,
1234 2973 1365 3048 quemad-

277 3071 292 3100 «
311 3049 435 3102 modum
459 3049 590 3104 studium
615 3049 716 3104 suadet
743 3049 909 3105 communis
933 3050 1003 3105 boni
1029 3066 1090 3104 non
1117 3048 1295 3104 clamitando
1318 3055 1365 3098 aut

276 3141 292 3171 tt
311 3119 504 3189 obiurgando,
520 3120 627 3192 quibus
640 3119 735 3176 modis
749 3120 866 3175 dissidia
884 3121 979 3176 verius
993 3120 1230 3193 offensionesque
1248 3119 1364 3191 gignun-

277 3213 293 3242 tt
311 3202 369 3258 tur,
384 3202 436 3244 aut
450 3202 526 3246 certe
539 3203 693 3262 augentur.
1322 3255 1328 3265 ,

313 3261 410 3316 inanis
425 3261 531 3332 pariter
553 3273 581 3316 et
593 3262 717 3317 subdola
736 3262 894 3318 sacerdotis
917 3263 1036 3320 loannis
1057 3262 1205 3319 Kowalski
1225 3261 1261 3316 ad
1274 3271 1362 3319 socios

276 3333 381 3390 erroris
394 3331 559 3387 adhortatio
578 3333 613 3387 de
628 3350 697 3404 pace
720 3332 908 3400 restituenda,
923 3335 947 3390 si
959 3346 1060 3391 contra
1075 3334 1220 3406 legitimos
1240 3342 1361 3405 pastores

276 3404 480 3459 blaterationes
509 3421 543 3459 ac
571 3403 765 3459 rebellionum
792 3404 922 3461 fomenta
948 3408 1106 3480 perdurent
1133 3417 1221 3477 atque
1245 3401 1361 3456 audaces

275 3475 483 3530 mandatorum
495 3475 704 3549 episcopalium
715 3475 897 3532 violationes

311 3555 520 3622 Quamobrem,
531 3571 568 3610 ne
576 3553 786 3610 Christifideles
798 3568 826 3610 et
838 3567 987 3628 quotquot
1000 3574 1034 3613 ex
1045 3556 1086 3612 sic
1100 3555 1183 3611 dictis
1193 3548 1359 3610 Mas-invitis

274 3625 473 3681 sacerdotibus
486 3625 516 3680 in
530 3627 607 3681 bona
626 3625 683 3681 fide
696 3626 893 3699 perstiterunt,
916 3627 1168 3683 ludificationibus
1191 3632 1358 3682 memoratae

275 3696 404 3751 mulieris
418 3714 451 3751 ac
465 3697 620 3752 sacerdotis
635 3698 754 3752 loannis
776 3698 921 3754 Kowalski
937 3699 1047 3755 diutius
1060 3698 1251 3779 decipiantur,
1272 3695 1357 3749 decre

275 3781 338 3822 tum
353 3768 459 3822 iterum
469 3767 689 3834 confirmamus,
701 3786 761 3839 quo
770 3769 1009 3824 Mariavitarum
1018 3770 1207 3835 consocratio,
1217 3764 1356 3838 illegitimo
1444 3812 1445 3831 ,

274 3839 415 3910 irritoque
439 3838 562 3894 consilio
576 3839 657 3909 inita,
681 3841 805 3894 omnino
824 3841 1025 3912 supprimitur,
1038 3857 1164 3912 eamque
1184 3850 1357 3912 suppressam

275 3911 519 3982 reprobatamque
539 3911 730 3977 declaramus,
746 3909 830 3965 firma
855 3925 991 3968 manente
1005 3911 1211 3986 prohibitione,
1235 3926 1271 3965 ne
1284 3905 1355 3978 quie
1443 3940 1444 3953 2

274 3981 481 4048 sacerdotibus,
495 3998 531 4036 eo
543 3994 658 4036 tantum
668 3993 788 4054 excepto
804 3999 893 4054 quem
906 3984 1053 4040 Plocensis
1067 3983 1238 4057 Episcopus,
1251 3996 1301 4062 pro
1310 3992 1356 4031 sua

274 4052 437 4124 prudentia,
452 4051 661 4108 confessarium
681 4054 871 4125 deputaverit,
895 4055 931 4108 ad
951 4055 1105 4111 mulierem
1127 4071 1215 4127 quam
1230 4050 1353 4111 diximus,

274 4123 377 4195 quovis
391 4136 542 4195 praetextu
554 4125 691 4180 accedere
705 4137 755 4179 aut
770 4141 834 4180 eam
847 4125 979 4198 excipere
993 4127 1130 4181 audeant.

309 4203 369 4256 Vos
382 4214 489 4267 autem,
504 4203 690 4259 Venerabiles
704 4209 830 4273 Fratres,
845 4205 1031 4260 vehementer
1049 4205 1214 4275 hortamur,
1229 4217 1260 4260 ut
1274 4216 1354 4258 sacer·

274 4273 355 4326 dotes
383 4285 519 4340 errantes,
549 4273 645 4328 statim
678 4291 711 4329 ac
743 4275 853 4331 sincere
884 4275 1067 4347 resipuerint,
1100 4287 1221 4350 paterna
1248 4275 1354 4332 caritate
