2959 4900
123 1496 222 1556 Orator,

90 1559 219 1617 propositis

93 1617 190 1662 statutis
198 1629 250 1663 cor·

94 1674 221 1721 thusimst'·

95 1731 146 1785 bus,

121 1788 202 1834 rotat

123 2294 156 2342 Ut
164 2296 210 2341 sim
225 2293 252 2340 li·

93 2356 196 2412 ciurpro
208 2352 254 2398 essi

94 2408 253 2473 suffragioru-

94 2474 161 2516 reant
175 2471 202 2517 in
217 2482 253 2514 re-

93 2528 241 2587 captionibus.

120 2587 226 2629 neere-

94 2641 155 2684 tunt

132 2715 253 2779 Suffragia

94 2780 183 2824 carent.
205 2774 254 2821 Sa-

93 2837 253 2892 nantarprae·

94 2894 175 2939 teriia.

122 3261 181 3308 Dies
191 3261 230 3316 (eo

93 3321 144 3367 arai
154 3321 230 3376 1904).

308 277 348 342 94
760 299 941 340 nonnarum

308 450 445 495 votorum
459 435 646 512 simplicium,
662 436 701 493 ita
712 450 744 492 ut
757 437 794 493 ab
807 455 842 494 eo
854 438 1044 494 excludantur
1058 437 1112 512 ipsi
1125 433 1247 514 prolessi
1260 445 1386 496 votorum

308 509 503 580 simplicium
522 509 702 584 Responderi
716 508 867 566 mandavit
883 528 889 564 :
906 511 930 565 A
930 509 1106 585 ffirmatt've.

345 596 467 662 Romae,
483 594 585 651 datum
597 611 633 650 ex
645 593 805 650 Secretaria
825 594 854 648 S.
876 594 909 650 C.
931 610 1017 668 super
1037 594 1120 650 Statu
1135 594 1324 667 Regularium
1343 595 1387 649 hac

309 665 354 721 die
372 686 381 722 r
398 665 568 740 septembris
582 665 658 739 1875.

769 737 801 792 S.
816 736 958 810 Archiep.
974 737 1150 806 Seleuciam,
1163 739 1357 795 Secretarius.

404 1002 474 1089 34.
497 1056 536 1065 -
560 1016 594 1087 s.
618 1017 653 1088 c.
676 1015 946 1088 tristaretur
970 1018 1022 1087 ετ
1046 1013 1293 1086 resumatur

588 1188 835 1245 RESPONSUM
853 1190 899 1244 20
915 1191 1012 1283 MAI!
1028 1189 1110 1243 1904

635 1336 689 1397 De
707 1342 835 1398 eodem
854 1344 1066 1415 argumento

345 1488 430 1548 Prior
444 1486 615 1546 Carthasiae
628 1507 662 1546 ac
676 1490 810 1548 Minister
826 1491 975 1547 Generalis
988 1489 1107 1546 Ordinis
1121 1487 1344 1555 Carthusiensis,
1358 1485 1387 1540 ad

307 1565 395 1637 pedes
411 1559 578 1618 Sanctitatis
591 1562 712 1617 Vestrae
727 1561 877 1618 humiliter
889 1563 1073 1636 provolutus
1091 1560 1209 1634 exponit
1223 1559 1304 1634 quod
1317 1560 1387 1614 iuxta

307 1646 413 1692 statuta
434 1632 554 1708 praefati
573 1632 702 1702 Ordinis,
722 1634 870 1702 monachi,
892 1635 994 1690 saltem
1013 1636 1049 1690 ad
1069 1632 1312 1689 subdiaconatum
1329 1647 1387 1712 pro-

306 1708 390 1777 moti,
400 1705 497 1762 statim
506 1721 541 1760 ac
573 1703 766 1761 rofessionem
780 1706 938 1774 emiserint,
948 1723 1018 1762 voce
1031 1707 1158 1780 gaudent
1169 1720 1222 1777 pro
1231 1714 1386 1777 receptrone

307 1795 410 1836 eorum
430 1777 482 1850 qui
501 1777 532 1832 in
551 1722 695 1833 Erdinem
715 1777 829 1832 admitti
851 1777 1010 1851 postulant.
1033 1778 1089 1833 Sed
1111 1777 1189 1849 quia,
1211 1793 1245 1832 ex
1265 1773 1386 1853 terminis

307 1851 537 1907 declarationum
560 1867 576 1904 a
599 1849 628 1904 S.
654 1848 889 1921 Congregatione
914 1866 1001 1922 super
1029 1851 1111 1905 Statu
1138 1847 1327 1920 Regularium
1347 1845 1386 1898 dre

311 1942 341 1977 12
363 1922 437 1978 iunii
461 1921 526 1977 1858
545 1920 698 1987 editarum,
726 1921 847 1993 prolessi
873 1934 1010 1976 votorum
1029 1919 1206 1995 simplicium
1225 1917 1387 1990 suffragium

307 1995 414 2050 habent
427 1993 458 2049 in
471 1991 541 2048 actis
555 1991 772 2065 capitularibus
795 1993 839 2047 sui
854 2005 1015 2048 conventus
1028 2005 1172 2066 quatenus
1187 2003 1214 2046 et
1227 2003 1315 2065 prout
1328 1999 1386 2043 sunt

307 2064 488 2122 sollemniter
508 2063 642 2144 professi,
659 2063 792 2135 sequitur
814 2063 845 2119 in
864 2080 896 2119 re
915 2064 988 2119 tanti
1013 2064 1156 2120 momenti
1182 2079 1252 2118 voce
1271 2061 1386 2134 gaudere

307 2136 395 2192 etiam
417 2134 586 2210 simpliciter
607 2135 763 2207 professos,
784 2152 819 2191 ex
838 2153 898 2209 quo
923 2136 1001 2191 haud
1022 2135 1096 2192 levia
1115 2134 1186 2191 oriri
1209 2131 1386 2190 incommoda
1457 2143 1458 2204 ζ

308 2207 492 2281 exploratum
505 2219 556 2262 est.

346 2290 473 2347 Proinde
485 2289 569 2345 enixe
581 2288 653 2362 petit
668 2303 767 2344 orator
779 2301 821 2357 ut,
835 2306 894 2345 non
908 2290 1091 2346 obstantibus
1105 2287 1258 2363 praedictis
1271 2288 1385 2344 declara·

308 2362 438 2418 tionibus
453 2375 481 2418 et
495 2361 731 2434 quibuscumque
746 2360 908 2430 contrariis,
924 2361 1045 2435 professi
1060 2375 1198 2418 votorum
1207 2358 1386 2436 sollemnium

308 2433 362 2491 soli
376 2450 479 2491 vocem
491 2432 617 2489 habeant
630 2449 683 2506 pro
699 2431 829 2506 qualibet
839 2433 1004 2507 receptione
1018 2447 1067 2490 aut
1081 2433 1259 2490 admissione
1272 2432 1302 2489 in
1313 2429 1386 2488 Ordi-

309 2524 386 2562 nem.
401 2540 436 2546 —
451 2507 488 2561 Et
504 2506 591 2574 Deus,
606 2516 661 2560 etc.

344 2578 431 2633 Sacra
452 2576 648 2649 Congregatio
675 2576 785 2631 Emorum
811 2594 844 2631 ac
866 2578 975 2631 Rmorum
999 2578 1028 2632 S.
1059 2581 1092 2634 R.
1123 2580 1156 2633 E.
1185 2576 1384 2634 cardinalium.

308 2649 432 2721 negotiis
459 2659 488 2705 et
512 2646 776 2703 consultationibus
802 2650 909 2721 Ep0r11111
931 2660 958 2704 et
982 2650 1113 2721 Regarium
1138 2648 1310 2723 praeposita,
1332 2661 1385 2727 per·

307 2721 405 2794 pensis
428 2719 575 2789 omnibus,
604 2719 821 2775 decernendum
846 2736 908 2777 esse
933 2722 1055 2788 censuit,
1083 2732 1172 2794 prout
1198 2732 1386 2801 praesentium

308 2806 409 2848 tenore
421 2790 560 2860 decernit,
574 2790 720 2863 professos
732 2804 870 2847 votorum
885 2791 1221 2866 simplicium,quamv1s
1235 2792 1265 2846 in
1285 2786 1386 2847 subdia·

307 2876 430 2920 conatus
444 2861 547 2919 ordine
560 2861 745 2931 constitutos,
765 2879 868 2919 rocem
888 2880 949 2919 non
966 2864 1072 2922 habere
1088 2882 1142 2938 pro
1156 2863 1288 2935 qualibet
1300 2875 1386 2930 recep·

306 2935 397 2992 tione.
428 2934 539 2991 Eadem
563 2946 661 2989 tamen
687 2935 717 2989 S.
746 2935 779 2989 C.
807 2951 909 2989 omnes
935 2945 963 2990 et
988 2934 1115 3008 singulas
1144 2935 1324 3008 receptiones
1344 2938 1386 3008 aut

307 3005 498 3062 admissiones
517 3006 554 3060 ad
574 3005 717 3062 Ordinem
735 3005 887 3078 hucusque
907 3018 1046 3078 peractas,
1068 3007 1097 3061 in
1117 3006 1224 3079 quibus
1244 3004 1384 3076 contigerit

307 3078 394 3135 etiam
409 3076 553 3151 professos
566 3090 703 3132 votorum
715 3076 895 3150 simplicium
916 3077 946 3132 in
967 3078 1194 3135 subdiaconatus
1208 3077 1311 3133 ordine
1326 3090 1384 3130 con·

307 3150 422 3205 stitutos
438 3147 610 3221 suffragium
625 3147 734 3217 tulisse,
750 3161 826 3203 ratas
838 3148 926 3204 habet
938 3163 1027 3221 atque
1039 3148 1203 3206 confirmat.

346 3235 453 3289 Datum
475 3234 586 3288 Romae
599 3248 634 3287 ex
646 3230 807 3287 Secretaria
820 3232 950 3304 ejusdem
970 3234 998 3287 S.
1016 3232 1268 3306 Congregationis‚
1282 3232 1334 3286 hac
1345 3225 1384 3281 die
1455 3284 1456 3301 ,

309 3323 343 3360 20
357 3321 426 3360 man
444 3321 520 3377 [9⁰4⁰
799 3376 833 3429 D.
856 3375 942 3431 Card.
964 3374 1115 3446 Fennarrr,
1137 3377 1320 3448 Praefectus.

787 3457 943 3532 Philippus
965 3458 1321 3527 Giustini,'Secretarius.

399 3606 627 3659 Auuomtorres
645 3622 682 3658 AD
702 3621 866 3669 UTRUMQUE
885 3623 1040 3662 DlICRETUlil
1061 3625 1141 3662 MODO
1160 3624 1297 3663 ALLATUM

347 3745 370 3781 r.
387 3726 459 3781 Bina
474 3723 522 3781 bic
535 3724 622 3804 simul
636 3726 844 3798 proposuimus
859 3744 1006 3801 responsa,
1019 3728 1088 3801 quia
1100 3742 1305 3801 argumentum
1314 3726 1382 3802 idem

308 3796 464 3868 perficiunt
476 3809 564 3867 atque
579 3796 735 3853 rllustrant.
758 3800 827 3854 Post
846 3799 994 3855 decretum
1012 3801 1233 3869 Sanctissimas,
1250 3819 1266 3855 a
1282 3798 1331 3855 Pio
1349 3794 1381 3849 ll

307 3886 358 3925 seu
373 3870 403 3923 S.
416 3868 448 3923 C.
462 3884 549 3940 super
563 3867 646 3922 Statu
660 3869 858 3940 Regularium,
874 3890 903 3926 12
916 3871 977 3926 iuni
992 3873 1067 3941 1858,
1080 3872 1115 3927 de
1128 3872 1202 3929 votis
1215 3868 1382 3944 simplicibus

307 3940 454 3995 Ordinum
481 3937 687 4009 religiosorum
712 3940 823 3996 editum
844 3943 860 4012 ¹,
882 3943 1043 3999 necessaria
1057 3944 1111 3999 luit
1124 3944 1255 4018 specialis
1268 3941 1381 3998 declara-

335 4136 507 4182 lDecretum
522 4125 639 4181 habetur
655 4132 725 4183 inter
743 4135 896 4184 Mantineam
915 4142 1016 4195 nostra,
1035 4152 1063 4186 n.
1081 4134 1129 4201 61,
1157 4152 1185 4197 p.
1213 4143 1264 4198 3⁵4·
1280 4135 1380 4192 eiusque
1454 4142 1455 4147 ’

306 4200 472 4257 sanctiones,
498 4198 553 4248 huc
578 4205 741 4260 spectantes,
769 4210 953 4251 memorantur
978 4204 1007 4252 in
1033 4205 1150 4264 supplici
1177 4204 1270 4254 libello
1294 4197 1380 4263 prioris
1454 4260 1455 4263 Ἴ

306 4265 438 4324 responsi,
452 4284 461 4312 1
474 4264 634 4324 septembris
646 4272 719 4326 1855).
