2959 4900
125 1005 218 1049 Dubia

107 1069 145 1116 Dc
151 1068 257 1129 junctio-

97 1128 167 1174 nitus
174 1130 257 1188 ponii-

92 1184 214 1244 ficaliius.

108 1414 255 1475 Deinst'gnt'-

48 1537 52 1546 1
97 1474 146 1522 buc.

127 1658 164 1704 De
174 1659 239 1705 bene-

99 1715 208 1765 dictione.

125 1847 254 1900 stanpen-

98 1909 171 1943 eum.

311 322 370 384 1⁶28
548 312 551 316 λ
763 346 944 384 mouumenti

337 494 407 583 47.
430 549 469 560 -
493 509 529 580 s.
553 509 700 580 910000
723 509 1065 581 contererimus
1088 510 1142 594 (14
1164 511 1225 578 tie
1262 508 1361 592 0904)

310 681 536 740 RESCRIPTA
549 681 604 735 DE
618 681 883 737 TITULARIBUS
894 682 1005 736 ABBA
1011 682 1106 736 ΤΙΑΕ
1118 679 1370 737 exstruerat:
1381 681 1386 714 ¹

757 833 952 889 Dubiorum

347 992 572 1066 Expostulatum
585 1001 627 1048 est
639 1009 656 1047 a
670 992 758 1048 Sacra
775 991 1161 1065 RituumCongregatione:

324 1090 370 1169 ,1,
391 1089 438 1144 An
454 1087 657 1157 Ecclesiastici,
672 1087 780 1169 quibus
801 1106 818 1143 a
843 1105 1030 1169 quacumque
1052 1098 1194 1169 potestate
1213 1086 1302 1168 etiam
1318 1085 1387 1168 regia

310 1159 413 1214 titulus
427 1159 593 1214 conteratur
606 1159 730 1215 alicuius
753 1159 895 1216 Abbattae
914 1159 959 1216 vel
983 1161 1205 1232 Praepositurae
1226 1157 1387 1285 iampridem

311 1231 483 1344 destructvae,
498 1242 549 1286 aut
563 1230 679 1303 penitus
693 1231 860 1300 exstinctae,
877 1230 1042 1287 functiones
1056 1229 1238 1304 pontificales
1251 1247 1285 1286 ce
1298 1229 1386 1284 ebrare

311 1314 424 1374 possint
437 1346 442 1356 .

348 1402 387 1455 ll.
407 1401 455 1455 An
477 1399 580 1455 saltem
602 1401 691 1457 iidem
709 1400 839 1456 Abbates
863 1401 907 1457 vel
930 1399 1092 1527 Praepositi
1112 1399 1253 1465 titulares‚
1275 1397 1387 1471 insignia

311 1473 418 1545 quibus
432 1483 556 1526 utuntur
568 1473 696 1529 Abbates
710 1471 829 1541 mitrati,
844 1472 903 1529 sive
916 1473 998 1546 ponti
1023 1471 1131 1528 calium
1143 1487 1231 1526 usum
1245 1471 1385 1533 habentes,

311 1543 354 1599 uti
368 1558 436 1599 sunt
451 1560 521 1598 crux
534 1544 698 1617 pectoralis,
711 1543 796 1598 mitra
810 1556 838 1600 et
849 1544 981 1613 baculuS,
994 1555 1105 1616 gestare
1119 1559 1252 1614 unquam
1266 1541 1386 1616 possint?

349 1641 403 1697 111.
423 1641 470 1694 An
483 1638 581 1708 iidem,
602 1658 662 1712 qua
673 1639 756 1709 tales,
772 1640 1005 1697 benedictionem
1024 1640 1117 1695 ullam
1128 1639 1255 1714 recipere
1275 1639 1385 1712 possint,

312 1724 339 1767 et
351 1710 520 1785 praesertim
534 1711 615 1767 illam
627 1729 703 1785 quae
715 1711 863 1768 invenitur
877 1713 907 1767 in
924 1711 1089 1768 Pontificali
1106 1714 1240 1768 Romano
1251 1713 1264 1767 ‘i

348 1808 385 1863 Et
403 1824 484 1862 sacra
497 1808 600 1864 eadem
619 1807 825 1880 Congregatio,
841 1807 871 1862 in
890 1807 1054 1863 Ordinariis
1069 1806 1205 1864 Comitiis
1225 1805 1272 1860 die
1294 1823 1326 1878 ²9
1344 1819 1387 1857 no·

311 1878 436 1934 vembris
458 1879 513 1935 hoc
535 1880 650 1935 labente
672 1897 750 1935 anno
770 1879 806 1935 ad
826 1878 1000 1936 Vaticanum
1021 1879 1139 1947 coactis,
1155 1875 1298 1950 exquisita
1317 1874 1387 1949 prius

311 1950 453 2006 sententia
476 1949 699 2007 Commissionis
721 1950 895 2024 Liturgicae,
913 1969 943 2007 re
961 1964 1076 2007 maturo
1090 1949 1225 2006 examine
1246 1963 1385 2022 perpensa,

311 2022 531 2078 rescribendum
544 2021 658 2078 censuit
671 2043 677 2079 :

347 2106 497 2180 Negatiue
511 2106 541 2160 in
554 2106 697 2162 omnibus.

346 2194 444 2263 Atque
456 2190 497 2246 ita
509 2191 664 2263 rescripsit.

348 2275 401 2330 Die
420 2293 451 2344 14
463 2269 624 2330 decembris
643 2276 719 2348 ¹904·

760 2359 796 2414 Α.
812 2358 898 2414 Card.
913 2360 1048 2429 Tamari,
1064 2355 1324 2431 Pro-Praefectus.

719 2455 760 2511 D.
774 2454 894 2524 Panici,
910 2456 1053 2530 Archiep.
1069 2434 1234 2512 Laodicen.
1249 2454 1356 2510 Secret.

767 2577 942 2631 eunomio

348 2683 427 2739 Solet
447 2684 476 2738 S.
502 2684 590 2739 Sedes
614 2684 763 2739 Praelatos
785 2684 973 2755 quorundam
996 2684 1144 2741 Ordinum
1167 2683 1387 2759 monasticorum

311 2754 397 2809 titulo
411 2755 560 2810 Abbatum
573 2755 721 2819 decorare,
737 2755 881 2811 concessis
901 2754 1065 2827 insignibus
1084 2768 1112 2811 et
1135 2756 1260 2812 externis
1279 2755 1386 2810 honori-

312 2827 365 2883 bus
378 2844 447 2881 cum
461 2826 673 2882 benedictione.
696 2828 737 2881 De
751 2826 786 2882 iis
799 2826 848 2882 hic
861 2844 921 2881 non
933 2826 1038 2899 agitur,
1055 2845 1157 2883 verum
1172 2828 1208 2884 de
1222 2826 1280 2883 alio
1293 2839 1387 2899 genere

311 2899 392 2978 quod
414 2896 514 2970 aliquo
534 2899 624 2953 modo
646 2897 777 2953 imitatur
790 2916 882 2970 genus
908 2900 1124 2972 Episcoporum
1142 2898 1313 2965 titularium,
1327 2910 1387 2951 cum

312 2969 430 3023 titulum
440 2968 534 3024 ferant
546 2969 703 3024 exstinctae
712 2970 864 3037 Abbatiae,
875 2969 949 3025 sicut
963 2972 987 3025 E
1010 2970 1101 3045 iscopi
1115 2970 1246 3027 titulares
1260 2970 1295 3025 ab
1308 2965 1386 3023 eccle-

312 3041 355 3095 sia
373 3058 448 3113 quae
462 3051 505 3095 est
518 3040 547 3094 in
560 3052 703 3113 potestate
725 3040 891 3096 infidelium
915 3059 966 3096 seu
987 2988 1203 3099 iiaereticorum
1227 3049 1387 3097 mutuantur

312 3129 431 3167 nornen.
455 3112 566 3166 Verum
586 3112 658 3166 dum
682 3112 820 3185 Episcopi
846 3112 976 3169 titulares
1003 3132 1020 3168 a
1045 3114 1074 3171 S.
1099 3115 1173 3170 Sede
1196 3112 1383 3173 nominantur,

313 3183 439 3238 Abbates
452 3183 488 3237 de
503 3183 609 3255 quibus
631 3183 679 3238 hic
697 3196 740 3238 est
760 3201 856 3239 sermo
879 3202 895 3239 a
917 3196 1059 3258 potestate
1079 3185 1156 3242 civili
1169 3184 1213 3242 vel
1228 3203 1245 3239 a
1259 3181 1386 3256 qualitate

312 3252 445 3309 beneficii
459 3272 568 3309 nomen
581 3254 741 3328 accipiunt.

482 3505 539 3587 48
575 3558 615 3565 -
638 3520 673 3588 S.
698 3519 1038 3591 contemnimus
1062 3518 1226 3590 ΟὓΝῧΙΗΙ

433 3680 640 3735 Responsa
660 3682 803 3735 1910110.
826 3682 908 3735 1904
925 3683 980 3735 er
997 3682 1038 3735 27
1057 3683 1175 3737 reae.
1197 3683 1279 3736 1905

466 3818 519 3872 De
538 3820 690 3876 Decreta
710 3844 726 3871 «
747 3820 796 3877 Ut
814 3822 934 3878 debita
954 3845 980 3893 »,
1000 3834 1034 3877 11
1054 3823 1139 3877 maii
1159 3834 1241 3893 1904

348 3966 385 4019 N.
404 3967 437 4020 B.
455 3966 568 4021 Decreti
588 3967 634 4023 De
655 3967 856 4023 Observandis
871 3979 899 4025 et
911 3970 1040 4026 vitandis
1055 3970 1085 4025 in
1100 3969 1259 4025 missarum
1274 3977 1383 4023 manua·

312 4035 384 4091 lium
406 4037 609 4103 satisfactione
622 4040 730 4112 (supra.
754 4058 783 4108 p.
799 4043 844 4112 44)
858 4040 882 4096 is
897 4055 938 4096 est
952 4059 1022 4097 usus
1041 4041 1130 4114 idque
1152 4050 1341 4106 momentum,
1356 4042 1384 4111 ut

312 4107 375 4163 fieri
388 4126 449 4164 non
464 4109 591 4181 potuerit
604 4111 676 4182 quin
696 4112 725 4167 S.
741 4113 968 4185 Congregationi
982 4113 1079 4186 plures
1100 4112 1299 4175 subicerentur
1312 4107 1382 4163 dubi-

341 4307 347 4342 ¹
362 4309 438 4356 ACTA
450 4308 477 4356 S.
491 4309 579 4364 Senis,
592 4315 611 4357 t.
626 4318 652 4367 37
664 4312 822 4370 (tomi-1905),
834 4325 861 4371 p.
876 4320 927 4369 389.
