2959 4900
326 343 388 404 tlt
770 367 974 404 surrentinum

362 502 510 575 Obligatio
524 503 589 574 ista,
603 505 688 561 cuius
702 506 801 562 minus
814 520 914 580 aperta
933 519 975 563 est
997 506 1039 562 vis
1058 517 1086 562 et
1099 504 1283 578 significarim
1298 504 1402 559 videtur

327 575 428 646 paucis
441 591 502 632 esse
517 578 700 649 exponenda.

360 661 389 729 a]
406 659 482 715 Cum
494 660 685 732 provincialia
704 662 837 734 respiciat
850 661 985 734 capitula,
1001 663 1046 718 lex
1055 662 1226 737 praeterire
1236 661 1346 717 videtur
1359 677 1403 714 eas

327 730 490 805 religiones
499 749 575 804 quae
587 733 758 790 huiusmodi
771 734 905 808 capitulis
915 748 1024 803 carent,
1036 747 1069 790 ut
1079 733 1255 802 monacales,
1268 748 1340 804 quae
1348 749 1403 805 per-

326 815 432 878 petuos
444 803 552 860 habent
563 804 727 878 superiores
740 806 869 862 abbates.

362 886 392 956 b)
406 886 465 942 Res
478 888 612 944 testanda
632 902 675 945 est
687 890 868 965 adimpleti0‚
890 888 1046 946 moraliter
1059 891 1119 945 inte
1143 907 1189 958 rn,
1205 905 1329 944 onerum
1345 886 1403 942 mis·

287 996 292 1005 «
325 975 443 1023 sarum,
464 957 562 1031 idque,
582 971 615 1014 ut
627 961 777 1017 decretum
791 974 833 1018 est
846 961 1041 1018 communiter
1063 907 1253 1022 intellectum,
1268 971 1404 1033 quatenus

326 1028 482 1085 satisfactio
504 1031 647 1103 dependet
668 1050 685 1087 a
706 1032 830 1106 singulis
844 1034 996 1109 religiosis
1020 1045 1048 1089 et
1067 1031 1211 1106 quatenus
1234 1031 1374 1106 dependet
1392 1049 1403 1084 a

325 1101 496 1174 Superiora.
514 1103 554 1158 Ut
566 1103 631 1158 aliis
645 1116 764 1160 utamur
777 1106 891 1162 verbis:

327 1257 333 1265 ι
364 1187 441 1240 Dum
466 1185 591 1242 iuratam
616 1187 691 1244 hanc
715 1189 902 1246 subscribunt
924 1189 1023 1257 fidem,
1051 1189 1159 1262 singuli
1182 1187 1307 1260 religiosi
1330 1186 1405 1244 tacite

326 1269 424 1336 rurant
441 1275 471 1312 se
486 1258 588 1314 missas
600 1260 638 1314 ad
652 1261 844 1335 praescriptas
863 1261 1039 1318 intentiones
1052 1279 1082 1317 re
1097 1278 1162 1317 vera
1176 1260 1347 1328 celebrasse,
1361 1275 1405 1313 nec

326 1346 357 1383 m
370 1328 424 1383 hac
438 1346 469 1384 re
482 1347 544 1386 esse
559 1330 696 1388 mentitos
710 1353 717 1400 3

364 1414 400 1468 Et
413 1412 500 1468 simul
514 1413 691 1471 confirmant
704 1417 949 1472 communitatem
962 1415 1137 1490 praestitisse
1153 1415 1232 1487 quod
1245 1414 1376 1470 debebat.

362 1500 387 1567 c)
402 1496 546 1553 Demade
560 1515 620 1571 quo
635 1499 664 1554 id
683 1513 817 1556 constare
836 1501 920 1556 debet
933 1511 965 1556 ut
988 1500 1186 1555 iuramentum
1206 1497 1300 1553 emitti
1313 1496 1404 1570 possit.

329 1568 468 1652 Propriae
487 1567 635 1626 fidelitatis
653 1571 733 1628 testis
753 1571 806 1628 erit
825 1589 877 1628 sua
897 1573 1003 1645 cuique
1016 1570 1203 1627 conscientia.
1219 1568 1299 1638 Quid
1318 1581 1406 1624 autem

327 1639 361 1695 de
382 1640 520 1697 fidelitate
539 1644 691 1698 communi
710 1657 738 1700 et
759 1643 945 1718 Superiorisl
965 1644 1118 1711 observes,
1140 1642 1284 1698 inconst.
1299 1642 1404 1714 Nuper,

234 1741 238 1749 ι
326 1712 442 1767 nullum
455 1711 518 1768 fieri
534 1713 740 1788 Superioribus
753 1733 856 1788 praece
878 1729 940 1770 tum
961 1715 1164 1789 suppeditandi
1178 1712 1301 1769 subditis
1314 1713 1406 1785 plenae

326 1782 557 1857 investigationis
570 1786 684 1854 media;
706 1803 781 1860 quae
800 1732 906 1854 mealia
921 1799 1059 1854 ceterum,
1075 1803 1111 1842 ne
1124 1785 1194 1858 ipsis
1213 1784 1337 1857 quidem
1350 1796 1406 1840 sunt

326 1856 433 1929 pervia,
448 1875 517 1912 cum
532 1855 616 1913 fictae
629 1858 839 1915 celebrationes
860 1859 996 1930 cognosci
1019 1869 1176 1930 nequeant.
1200 1857 1295 1912 Simul
1319 1869 1406 1911 tamen

327 1928 401 1984 aliae
422 1929 552 1984 eiusdem
574 1930 681 1985 decreti
703 1930 918 2003 dispositiones,
943 1948 993 1986 eae
1014 1929 1168 2003 praecipue
1191 1945 1268 2002 quae
1291 1942 1360 1983 sunt
1378 1928 1405 1981 de

327 2000 439 2056 tabellis
452 2012 480 2057 et
493 1999 583 2069 libris,
598 2001 656 2057 iam
666 2002 734 2058 satis
747 2020 797 2075 per
808 2019 837 2058 se
853 2003 1040 2059 commodam
1055 2001 1194 2057 omnibus
1207 1999 1320 2056 faciunt
1332 1999 1406 2056 ratio·

327 2071 455 2128 nabilem
480 2071 708 2145 indagationem.
729 2074 871 2130 Observes
897 2074 1034 2145 denique,
1062 2089 1098 2128 eo
1126 2071 1224 2129 minus
1249 2090 1265 2126 a
1295 2070 1405 2144 singulis

326 2144 501 2216 exquisitam
523 2144 665 2216 postulari
688 2145 869 2218 diligentiam
893 2163 952 2217 quo
972 2144 1071 2226 plures
1096 2143 1186 2200 fidem
1206 2144 1276 2199 dare
1298 2144 1404 2199 debent.

327 2217 425 2282 Quare
435 2214 507 2271 fides
520 2228 561 2270 est
573 2215 676 2272 tacitae
695 2218 862 2273 condicioni
876 2219 1014 2280 obnoxia,
1031 2227 1172 2290 quantum
1186 2215 1293 2271 seiam.
1307 2217 1403 2296 Atque,

326 2299 359 2340 ut
379 2303 445 2343 earn
459 2298 521 2342 tuto
545 2288 612 2343 dare
635 2288 757 2360 possint,
773 2289 841 2344 satis
863 2290 917 2344 erit
936 2301 968 2344 ut
991 2289 1026 2344 de
1046 2287 1256 2361 praetermissis
1276 2289 1405 2342 oneribus

327 2357 409 2413 nulla
427 2359 504 2414 fama
518 2359 554 2413 sit
577 2359 607 2414 in
622 2361 801 2416 monasterio
823 2360 867 2417 vel
883 2360 1009 2442 suspicio
1034 2359 1166 2440 positiva,
1184 2371 1212 2414 et
1233 2358 1303 2414 libri
1317 2358 1405 2414 sacris·
1456 2381 1457 2386 ¹

290 2460 293 2466 ·
327 2429 383 2485 tiae
410 2430 563 2487 videantur·
598 2429 752 2505 diligenter
788 2433 956 2508 conscripti.
984 2431 1063 2501 Quid
1091 2443 1189 2487 autem
1215 2429 1238 2486 si
1261 2429 1352 2487 libros
1382 2429 1405 2484 in

327 2502 456 2559 sacristia
483 2503 653 2576 inspiciendi
680 2504 802 2577 singulis
834 2521 893 2560 non
920 2506 1005 2561 detur
1026 2503 1131 2577 copial
1159 2502 1233 2558 Fieri
1257 2514 1354 2576 potest
1379 2513 1406 2556 ut

327 2574 450 2648 positiva
473 2576 630 2631 occultatio
644 2576 823 2632 infidelitatis
842 2576 942 2632 iniciat
954 2575 1162 2649 suspicionem,
1179 2592 1255 2647 quae
1268 2589 1340 2629 tunc
1361 2574 1404 2629 erit

327 2647 465 2702 diluenda
490 2660 647 2718 antequam
674 2647 745 2703 tides
769 2648 977 2717 subscribatur,
999 2648 1037 2702 ita
1067 2646 1169 2702 saltem
1191 2658 1222 2701 ut
1242 2644 1405 2728 suspicionis

327 2736 415 2774 causa
428 2719 457 2773 in
471 2718 597 2773 formula
610 2719 764 2776 indicetur.
781 2720 889 2776 sivero
903 2720 932 2774 id
946 2722 1018 2775 ferat
1031 2735 1111 2783 usus,
1129 2735 1182 2774 nec
1195 2718 1275 2773 ullus
1290 2718 1356 2773 tnde
1376 2716 1405 2771 sit

327 2790 485 2860 suspicioni
508 2791 599 2857 locus,
616 2791 751 2847 videntur
773 2792 858 2848 nobis
877 2791 1003 2865 religiosi
1023 2790 1222 2846 iuramentum
1249 2790 1319 2846 dare
1332 2804 1405 2863 posse

326 2872 468 2935 quantum
487 2864 593 2917 sciant.
612 2864 676 2917 Hae
698 2863 808 2936 duplici
831 2881 984 2920 movemur
1003 2860 1126 2917 ratione.
1142 2864 1169 2931 a)
1190 2860 1406 2934 Opportunitate

328 2950 389 2990 non
401 2945 479 2995 caret
492 2934 548 2989 tale
562 2935 771 3003 iuramentum,
788 2953 847 3007 quo
859 2936 978 3008 propria
997 2931 1182 3005 singulorum
1198 2934 1406 2989 demonstretur

328 3004 461 3071 fidelitas,
477 3018 505 3060 et
516 3006 604 3061 simul
626 3019 736 3063 constet
753 3006 869 3061 nullum
883 3006 912 3061 in
928 3003 1106 3061 monasterio
1127 3022 1278 3062 rumorem
1302 3020 1406 3078 serpere

327 3076 516 3133 infidelitatis.
532 3079 560 3146 b)
585 3077 705 3132 Nullam
721 3077 911 3134 Innocentius
933 3080 989 3134 Xll
1002 3075 1129 3133 iniunxit
1145 3077 1301 3149 specialem
1324 3094 1405 3133 sacer·

326 3149 445 3204 dotibus
457 3148 649 3221 diligentiam,
665 3150 778 3205 aecius
797 3150 899 3205 tribuit
912 3147 1045 3223 exigendi
1065 3149 1202 3205 rationes
1220 3151 1331 3221 ltaque,
1347 3166 1405 3204 curn

328 3220 409 3276 nulla
432 3233 474 3275 est
486 3221 632 3277 contraria
651 3221 788 3301 suspicio,
803 3222 917 3278 videtur
936 3240 970 3277 ea
991 3231 1107 3276 tantum
1120 3220 1229 3294 requiri
1254 3220 1404 3293 diligentia,

328 3310 404 3366 quae
416 3309 504 3349 onere
518 3292 709 3365 investigandi
723 3292 781 3349 fere
797 3306 902 3349 careat.

364 3379 393 3442 d)
408 3378 486 3446 Quid
509 3389 551 3433 est
562 3378 650 3433 breve
664 3388 776 3451 tempus
789 3377 865 3433 intra
878 3380 959 3451 quod
974 3379 1113 3434 omnibus
1127 3376 1266 3433 oneribus
1282 3374 1405 3433 satisfieri

327 3450 419 3524 possit
432 3450 472 3504 ita
484 3462 517 3504 ut
527 3448 665 3505 affirmari
677 3450 768 3523 possit
782 3450 933 3506 moraliter
943 3451 1054 3524 integra
1068 3448 1238 3523 adimpletio
1251 3452 1261 3503 l

365 3535 416 3589 Est
437 3533 568 3616 profecto
592 3550 680 3588 omne
702 3547 818 3659 tempus
844 3533 1000 3615 implendis
1025 3534 1164 3589 oneribus
1179 3532 1251 3587 utile
1271 3548 1305 3587 ex
1330 3534 1404 3609 Decn

333 3607 373 3661 Ut
383 3605 490 3662 debita.
506 3606 592 3660 Tunc
614 3605 693 3660 enim
706 3606 756 3659 nul
772 3622 822 3660 um
835 3623 978 3662 omissum
999 3620 1041 3662 est
1061 3604 1202 3661 officium.
1219 3604 1275 3659 Sed
1290 3602 1371 3659 etiam
1385 3618 1405 3656 st

328 3678 473 3749 quaedam
485 3694 569 3733 mora
582 3676 668 3731 fuerit
681 3676 710 3731 in
722 3676 899 3750 quibusdam
912 3678 1051 3734 oneribus
1060 3675 1234 3751 ,implendis
1252 3673 1405 3730 dummodo

328 3749 403 3804 infra
423 3764 553 3804 mensem
584 3748 684 3803 omnia
705 3749 844 3822 praestari
869 3764 987 3823 queant,
1013 3748 1211 3805 existimamus
1237 3746 1326 3803 fidem
1350 3762 1404 3799 non

329 3838 391 3877 esse
406 3820 568 3892 negandam
583 3819 743 3893 Superiori.

365 3907 403 4032 lgl.
421 3906 454 3961 B.
471 3906 513 3961 De
527 3904 620 3959 iurata
644 3905 695 3960 ista
712 3907 896 3963 attestatione
907 3907 990 3980 plura
1002 3906 1088 3962 refert
1108 3906 1332 3973 Rarrsausruau,
1346 3901 1364 3957 l.
1380 3902 1402 3968 5,

329 3991 350 4034 t.
384 3994 435 4042 ,n.
453 3992 514 4047 214.

376 4064 406 4130 5.
429 4062 471 4128 ln
499 4060 569 4128 fine
596 4061 775 4148 regiminis
800 4063 926 4130 debent
957 4062 1206 4146 ProvincialeS,
1226 4058 1347 4129 Vicarii
1374 4069 1403 4155 et

329 4152 533 4219 Visitatores
550 4151 809 4239 provinciarum
825 4173 887 4220 seu
904 4152 1230 4242 congregationum,
1250 4145 1401 4219 Generalt

334 4270 347 4306 u
367 4243 404 4310 in
427 4242 538 4311 forma
555 4240 723 4329 probante
739 4239 920 4309 ostendere
940 4266 953 4303 »
973 4242 1059 4309 sein
1076 4241 1139 4308 hac
1156 4255 1251 4330 parte
1268 4255 1402 4308 munere

331 4355 396 4402 suo
412 4352 485 4401 esse
502 4332 650 4400 functos.
669 4330 726 4417 (C.
746 4332 885 4422 Nuper,
904 4352 939 4400 n.
959 4331 1030 4415 68.)
