2959 4900
93 304 179 387 [109]
221 327 244 363 s.
257 328 282 363 c.
296 328 321 363 c.
333 327 488 363 necxxruu
498 332 525 365 aa
535 328 598 364 nnc.
612 320 952 373 1905,nxsxur1uax10xuu
962 326 1087 364 auuuuts
1141 304 1181 369 65

128 457 184 513 His
199 458 299 531 itaque
320 459 356 515 de
377 458 474 515 causis
486 458 699 534 nonnullarum
714 458 932 531 provinciarum
954 458 1183 532 Episcopiinterf

91 545 120 585 se
139 540 341 585 convenerunt
362 529 521 590 statuentes
543 530 573 585 in
596 547 649 586 sua
672 530 835 587 Seminaria
856 528 1007 586 neminem
1029 529 1182 591 admittere

92 599 142 673 qui
154 612 225 657 ante
238 601 326 656 luerit
341 619 358 657 a
374 602 493 675 propria
507 600 653 657 dimissus.

126 680 187 736 Sed
198 698 267 736 cum
287 680 470 754 particularis
486 680 559 736 haec
572 680 729 737 conventio
743 698 804 736 non
819 681 905 753 plene
919 680 1053 754 undique
1070 678 1183 736 suffice·

91 765 144 819 ret,
161 751 327 825 complures
340 751 489 810 ordinarii
508 753 538 808 S.
552 751 659 809 Sedem
672 764 851 824 rogaverunt
863 763 897 809 ut
908 752 1075 825 generalem
1088 752 1184 824 legem

92 821 190 889 ferret,
204 841 265 895 qua
276 823 389 878 malum
403 822 542 880 radicitus
555 823 717 879 tolleretur.

130 900 187 957 His
205 902 305 974 itaque
317 902 433 958 attentis
445 914 476 959 et
489 903 629 959 omnibus
648 903 686 958 ad
698 920 764 958 rem
783 912 899 958 mature
917 902 1077 976 perpensis,
1094 902 1184 958 SSmffl

95 973 131 1028 D.
155 974 194 1031 N.
225 974 295 1029 Pius
320 976 372 1047 Pp.
394 974 430 1043 X,
454 974 505 1030 cui
529 974 609 1030 cordi
633 992 723 1046 quam
744 973 871 1029 maxime
892 985 936 1029 est
960 972 1184 1031 ecclesiasticam

93 1044 282 1117 disciplinam
305 1044 449 1117 integram
473 1062 654 1112 conservare,
676 1058 704 1101 et
726 1063 744 1100 a
762 1046 850 1101 sacris
868 1056 997 1111 avertere
1043 1045 1184 1109 uemlibet

94 1115 145 1187 qui
158 1116 382 1188 probatissimus
394 1133 456 1172 non
469 1116 515 1185 sit,
530 1116 685 1173 accedente
697 1115 787 1172 etiarn
801 1129 872 1173 voto
887 1118 953 1171 Em.
970 1118 1000 1173 S'.
1015 1062 1041 1173 ἕ

1265 468 1348 527 Legem

1236 530 1318 573 contra
1355 526 1396 572 troc

1236 582 1323 631 matum
1366 583 1394 629 S.

1236 638 1395 699 SedamEpts-

1236 700 1288 757 copi
1326 711 1397 759 roga·

1237 760 1301 804 runt.

1265 912 1317 959 Sua
1349 914 1397 958 ita·

1238 984 1279 1028 qur
1301 970 1396 1016 Sancti·

1240 1033 1278 1074 tas
1288 1028 1391 1075 statuit:

1042 1114 1184 1175 .Concilii
1249 1126 1306 1135 ’
1344 1113 1347 1125 '

95 1189 219 1242 Parrum
242 1187 273 1242 in
297 1187 532 1261 Congregatione
553 1187 611 1245 diei
636 1189 667 1244 16
680 1189 788 1243 mensis
807 1188 968 1244 decembris
985 1188 1051 1263 1905
1067 1187 1182 1255 emisso,
1237 1188 1239 1209 ²
1268 1253 1272 1262 Ι

93 1258 296 1331 praesentibus
309 1259 416 1315 litteris
430 1259 532 1315 statuit
545 1271 633 1333 atque
647 1259 776 1315 decernit
791 1280 797 1315 ε

133 1350 171 1392 1⁰.
197 1338 239 1392 Ut
262 1338 292 1392 in
318 1349 469 1411 posterum
493 1338 593 1395 nullus
618 1339 675 1395 loci
703 1338 877 1397 Ordinarius
900 1338 1021 1395 alterius
1045 1338 1186 1395 dioecesis

94 1407 248 1464 subditum
260 1410 319 1464 sive
330 1408 471 1465 clericum
483 1410 543 1466 sive
555 1409 665 1466 laicum
677 1409 708 1464 in
720 1427 816 1479 ‘suum
829 1410 1026 1465 Seminarium
1040 1410 1184 1477 admittat,

94 1480 152 1534 nisi
166 1480 248 1552 prius
263 1480 378 1537 secretis
392 1481 495 1537 litteris
509 1483 546 1537 ab
570 1482 717 1563 Episcopo
737 1481 872 1537 Oratoris
890 1481 1011 1554 proprio
1035 1480 1187 1555 expetierit

94 1563 123 1605 et
141 1552 322 1623 cognoverit,
347 1566 449 1607 utrum
469 1551 518 1608 hic
540 1552 627 1609 fuerit
647 1553 718 1610 olnn
737 1570 753 1609 e
775 1570 829 1609 suo
852 1552 1015 1609 Seminario
1037 1553 1185 1610 dimissus.

95 1624 186 1689 Quod
201 1622 225 1677 si
238 1623 409 1692 constiterit,
429 1624 569 1679 omittens
589 1625 716 1680 iudicare
731 1626 768 1679 de
790 1624 896 1690 causis,
920 1636 972 1679 aut
993 1623 1187 1681 determinare

1268 1337 1305 1383 De
1324 1321 1399 1383 aium·

1240 1396 1279 1461 nis
1315 1392 1400 1442 dimis-

1239 1466 1283 1509 sss,

94 1705 198 1748 utrum
224 1693 298 1751 iuste
316 1712 354 1750 an
375 1694 482 1750 iniuste
508 1695 583 1751 alius
606 1692 769 1769 Episcopus
788 1694 887 1767 egerit,
911 1695 1025 1751 aditum
1046 1696 1077 1750 in
1099 1712 1188 1751 suum

94 1765 296 1821 Seminarium
309 1766 471 1838 postulanti
483 1768 664 1839 praecludat.

129 1860 173 1903 2⁰.
189 1848 248 1917 Qui
260 1866 329 1905 vero
342 1851 420 1905 bona
432 1850 491 1905 fide
503 1850 622 1907 admissi
640 1862 718 1920 sunt,
732 1867 769 1907 eo
782 1852 863 1925 quod
875 1850 1045 1907 reticuerint
1057 1867 1089 1907 se
1101 1863 1187 1907 antea

96 1920 128 1974 in
144 1920 209 1977 alio
229 1920 393 1976 Seminario
411 1935 539 1977 versatos
553 1938 616 1978 esse
628 1936 656 1978 et
669 1923 706 1978 ab
718 1939 753 1979 eo
765 1922 869 1977 deinde
883 1922 1028 1991 dimissos,
1044 1922 1141 1977 statim
1154 1931 1188 1977 ut

93 1993 170 2047 baec
183 2009 288 2048 eorum
307 1992 441 2048 condicio
459 2008 662 2065 cognoscatur,
682 1993 861 2049 admonendi
883 2005 952 2051 sunt
971 2007 1003 2050 ut
1026 1993 1186 2049 discedant.

95 2063 213 2131 Quodsi
231 2080 406 2144 permanere
428 2066 529 2128 velint,
550 2077 578 2120 et
602 2066 638 2121 ab
660 2065 818 2121 Ordinatio
842 2065 871 2120 id
886 2064 921 2121 iis
942 2066 1136 2138 permittatur,
1152 2082 1188 2120 eo

94 2135 160 2208 ipso
186 2136 257 2189 huic
279 2134 406 2192 dioecesi
436 2136 573 2208 adscripti
596 2149 745 2205 maneant,
771 2136 890 2193 servatis
914 2150 1014 2193 tamen
1039 2136 1188 2192 canonicis

93 2206 207 2279 regulis
229 2223 283 2279 pro
307 2223 411 2262 eorum
434 2208 668 2263 incardinatione
681 2222 710 2264 et
723 2208 909 2264 ordinatione
920 2230 927 2278 3
944 2210 995 2265 sed
1008 2210 1085 2264 aucti
1097 2208 1188 2264 sacer-

95 2278 181 2333 dotio
209 2277 240 2331 in
266 2278 432 2343 dioecesim,
452 2295 473 2335 ·e
498 2280 583 2334 cuius
607 2279 770 2335 Seminario
794 2280 906 2337 dimissi
931 2280 1050 2351 fuerint,
1075 2276 1189 2353 regredi

94 2349 198 2421 ibique
211 2350 314 2405 stabile
327 2350 513 2405 domicilium
528 2351 634 2407 habere
647 2352 853 2423 prohibentur.

131 2430 175 2485 30.
191 2428 303 2486 Pariter
315 2445 384 2486 cum
396 2429 499 2486 similis
518 2429 608 2486 ferme
630 2430 705 2486 ratio
728 2431 833 2504 vigeat,
857 2429 908 2504 qui
923 2431 1033 2488 dimissi
1047 2429 1188 2496 exsemi-

96 2501 189 2557 nariis
201 2501 324 2574 aliquod
338 2502 508 2573 religiosum
530 2503 700 2558 Institutum
713 2502 926 2576 ingrediuntur,
950 2503 974 2559 si
999 2504 1067 2560 inde
1086 2516 1189 2560 exeant

95 2584 257 2645 postquam
272 2572 360 2628 sacris
374 2573 480 2628 initiati
494 2587 572 2643 sunt,
586 2585 721 2629 vetantur
734 2574 766 2629 in
779 2574 939 2631 dioecesim
952 2575 1058 2644 redire,
1075 2592 1091 2630 e
1105 2575 1189 2651 cuius

97 2645 266 2700 Seminario
279 2644 391 2699 dimissi
405 2644 525 2703 fuerint.
538 2700 542 2708 ,

131 2737 175 2794 40.
193 2724 314 2779 Dimissi
326 2741 396 2779 vero
410 2742 445 2780 ex
459 2724 560 2797 aliquo
574 2723 713 2796 religioso
736 2725 874 2780 lnstituto
889 2725 919 2781 in
940 2726 1137 2782 Seminarium
1152 2743 1189 2782 ne

97 2795 303 2863 admittantur,
318 2795 374 2852 nisi
388 2796 470 2871 prius
483 2796 645 2869 Episcopus
658 2797 775 2852 secretis
794 2797 896 2852 litteris
917 2815 935 2853 a
957 2799 1189 2854 moderatoribus

98 2867 233 2923 eiusdem
247 2868 375 2922 Instituti
387 2868 505 2923 notitias
520 2868 684 2941 requisierit
695 2869 731 2922 de
750 2869 892 2936 moribus,
917 2868 1016 2925 indole
1028 2882 1057 2925 et
1070 2868 1189 2942 ingenio

98 2939 300 3019 dimissorum,
324 2953 353 3020 et
373 2939 536 2996 constiterit
556 2941 599 2995 nil
620 2940 651 2994 in
672 2939 707 2994 iis
731 2956 793 2996 esse
817 2940 898 3012 quod
916 2939 1085 2996 sacerdotali
1103 2939 1191 2996 statui

98 3027 197 3066 murus
213 3021 376 3066 oonvemat.

135 3089 275 3162 Denique
287 3089 476 3146 meminerint
490 3090 628 3164 Episcopi
641 3089 685 3161 fas
698 3089 753 3145 sibi
767 3108 828 3146 non
842 3107 914 3160 esse,
936 3091 1057 3148 nomine
1069 3108 1125 3166 pro
1146 3091 1190 3149 rio

99 3178 207 3216 manus
232 3159 371 3242 cuiquam
394 3161 546 3242 imponere
569 3161 621 3234 qui
638 3160 772 3218 subditus
791 3161 846 3217 sibi
866 3179 928 3217 non
951 3163 987 3218 sit
1005 3179 1041 3219 eo
1060 3181 1110 3218 mo
1131 3175 1193 3220 oet

99 3250 161 3288 uno
176 3249 214 3287 ex
227 3231 262 3287 iis
274 3232 375 3300 trtulis,
391 3251 445 3306 qur
456 3233 486 3288 in
500 3233 717 3290 Constitutione
731 3233 939 3306 Speculatores
955 3234 1120 3290 Innocentii
1134 3235 1190 3290 Xll

100 3304 173 3359 etin
187 3306 306 3360 decreto
322 3306 351 3362 S.
368 3305 401 3360 C.
416 3303 542 3360 Consilii
555 3305 636 3378 quod
650 3305 751 3376 incipit
771 3305 797 3358 A
838 3305 924 3360 rimis
938 3304 985 3362 die
1004 3306 1059 3362 XX
1071 3324 1112 3365 m.
1128 3305 1192 3364 iulii

97 3375 172 3455 ¹1898
195 3386 376 3432 statuuntur.
400 3377 444 3432 Ac
467 3375 574 3449 pariter
594 3376 744 3432 neminem
765 3393 798 3431 or
821 3376 894 3431 inari
916 3393 1000 3449 posse
1018 3377 1144 3450 quinon
1157 3377 1194 3433 sit

100 3446 181 3502 utrlis
196 3459 249 3502 aut
261 3446 440 3513 necessarius
454 3463 508 3514 pro
522 3446 643 3503 ecclesia
661 3460 712 3502 aut
731 3446 781 3521 pio
803 3448 870 3504 loco
892 3465 946 3520 pro
962 3465 1022 3520 quo
1035 3447 1193 3505 assumitur

1237 1834 1244 1845 .
1270 1846 1400 1897 Deadmts·

1241 1904 1397 1965 sisbo'uafide.

1271 2430 1399 2498 DeReiigt‘·

1242 2503 1399 2604 iiiiii?

1239 2721 1251 2741 '¹
1272 2723 1401 2770 Dc'demt's·

1243 2790 1278 2828 sis
1287 2781 1403 2840 irreligi-

1244 2853 1283 2943 ppo
1300 2839 1403 2886 institu-

1278 3095 1380 3161 Quinam

1246 3160 1359 3216 ordinari

1245 3224 1293 3258 non
1302 3213 1402 3270 possint·

100 3517 182 3574 iuxta
195 3519 376 3592 praescripta
396 3537 414 3574 a
435 3519 465 3574 S.
480 3519 654 3575 Tridentino
669 3516 803 3575 Concilio
824 3520 854 3574 in
869 3537 934 3593 cap.
954 3521 1194 3589 16,Sess.ane
1238 3521 1240 3528 ‘
1276 3599 1279 3606 .

95 3590 228 3653 reform.

136 3670 213 3732 Vult
225 3684 325 3726 autern
343 3669 487 3726 Sanctitas
511 3669 571 3725 Sua
591 3683 624 3725 ut
648 3656 754 3726 statuta
777 3659 849 3726 haec
870 3684 898 3726 et
917 3672 1045 3727 cautelae
1060 3689 1195 3730 omnesa

102 3740 193 3796 sacris
206 3742 370 3797 canonibus
384 3743 415 3797 in
434 3757 465 3795 re
483 3751 543 3796 tarn
562 3741 642 3821 gravi
656 3743 795 3813 adiectae,
811 3743 848 3798 ab
869 3743 1008 3799 omnibus
1031 3743 1194 3800 Ordinariis

102 3813 140 3866 ad
150 3829 286 3885 unguem
301 3825 452 3869 serventur
461 3833 469 3883 ;
494 3811 583 3885 idque
605 3830 736 3885 ipsorum
755 3813 949 3871 conscientiae
961 3826 991 3870 et
1003 3815 1195 3872 sollicitudini

103 3899 197 3956 quam
212 3885 342 3940 maxime
354 3884 553 3943 commendat.

1280 3655 1381 3727 Urgetur

1249 3725 1387 3774 obseruatio.

140 3963 349 4020 Praesentibus
377 3963 517 4033 valituris,
545 3964 699 4020 contrariis
726 3965 904 4038 quibuslibet
932 3966 1054 4024 minime
1079 3967 1196 4024 obstan·
1270 4027 1272 4032 ,
1353 3973 1355 3976 ’

103 4035 252 4170 tlbilisarium
268 4116 390 4184 Romae,
406 4114 454 4171 die
469 4133 502 4169 22
517 4131 559 4172 m.
574 4114 734 4175 decembris
751 4117 827 4188 1905.

468 4194 650 4251 Vrucrurrus
665 4196 752 4251 Card.
771 4198 825 4266 Ep.
844 4198 994 4269 Praenest.
1009 4199 1195 4266 Praefectus.
1247 4223 1263 4245 v

1182 4115 1183 4120 ¹
1237 4075 1240 4082 Ι
1279 4102 1397 4161 Dies(22.

1251 4160 1297 4209 dec.
1309 4165 1385 4220 1905).

611 4275 772 4334 Caietauus
784 4275 832 4331 De
843 4277 913 4346 Lai,
927 4276 1125 4340 Secretariun
1183 4306 1185 4312 ·
1239 4291 1258 4324 1³
