2959 4900
748 291 928 327 MONUMENTA

725 425 953 479 Axxorxrtouxs

328 545 354 598 Α
367 555 468 599 nostro
488 543 638 616 proposito
658 543 789 599 alienum
808 555 851 598 est
871 553 1099 598 monumentum
1118 543 1205 610 istud,
1220 544 1384 617 gravissimi

292 614 444 676 momenti.
469 614 686 672 commentariis
699 613 854 670 illustrare.
870 615 968 682 Quare
986 614 1055 670 satis
1069 616 1122 671 erit
1142 616 1166 671 si
1181 615 1253 672 haec
1270 617 1388 690 paucis-

292 686 366 742 sima
378 687 592 742 tradiderimus,

332 791 354 828 1.
378 772 418 827 Ut
442 771 504 844 ipse
528 773 557 828 S.
583 771 715 826 Pontifex
734 769 888 826 nuntiabat
908 769 939 824 in
962 769 1152 842 praefatione,
1178 782 1206 826 et
1228 771 1388 828 confirmat

294 844 323 898 S.
339 842 457 898 Rituum
466 843 559 923 Cong.
571 843 731 908 decretum,
748 841 906 922 Instructio
919 841 983 909 ista,
998 859 1057 914 qua
1071 855 1185 915 recepta
1200 843 1342 916 principia
1357 857 1390 900 et

292 931 415 970 normae
436 931 618 970 musicorum
645 931 797 970 sacrorum
818 930 848 967 m
873 930 967 967 unum
996 925 1151 986 coguntur,
1172 914 1232 968 vim
1253 916 1388 972 continet

292 985 463 1042 universalis
476 985 559 1058 legis,
573 1002 632 1058 qua
647 985 750 1040 omnia
767 985 866 1040 denuo
889 985 1115 1058 promulgantur
1133 999 1164 1043 et
1180 987 1217 1041 ab
1239 985 1293 1041 ista
1315 1005 1386 1058 pro

293 1057 473 1130 mulgatione
499 1056 648 1130 propriam
675 1068 850 1111 mutuantur
874 1055 1033 1112 efficaciam
1060 1057 1220 1129 obligandi.
1249 1059 1290 1113 Ut
1317 1058 1384 1114 aliis

293 1130 388 1184 dicam
398 1128 502 1195 verbiS,
518 1128 656 1184 Codiccm
669 1127 812 1183 habemus
820 1127 1020 1182 authenticum
1029 1128 1211 1184 musicorum
1221 1145 1385 1199 sacrorum,

293 1201 376 1256 cuius
389 1217 471 1255 omes
484 1199 649 1255 sanctiones
663 1217 716 1272 pro
736 1197 892 1254 universali
905 1198 969 1271 lege
982 1212 1051 1254 sunt
1064 1199 1215 1256 habendae
1228 1213 1257 1256 et
1270 1217 1306 1257 ex
1317 1201 1384 1275 ipso

293 1285 487 1328 monumento
498 1270 581 1326 cuius
594 1282 661 1326 sunt
674 1283 770 1344 partes
784 1281 853 1325 sunt
865 1270 1051 1342 potissimum
1066 1271 1311 1346 interpretandae.

329 1375 354 1410 2.
377 1357 415 1410 N.
436 1355 465 1409 13
486 1353 680 1425 prohibentur
701 1352 839 1408 mulieres
862 1365 974 1424 partem
999 1354 1107 1410 habere
1126 1355 1156 1409 in
1175 1355 1267 1411 choro
1296 1355 1387 1411 eccle-

293 1426 412 1482 siarum.
428 1426 494 1493 Qua
506 1425 657 1481 sanctione
669 1436 769 1480 tamen
784 1442 844 1479 non
857 1424 971 1479 videtur
984 1426 1106 1481 vetitum
1119 1429 1201 1499 quod
1213 1425 1275 1498 ipsa
1288 1444 1389 1482 neces·

293 1498 361 1553 sitas
380 1497 559 1569 quandoque
578 1496 692 1552 induxit
707 1508 735 1552 et
757 1497 945 1552 commendat
959 1499 1088 1570 prudens
1101 1499 1253 1566 modestia,
1277 1498 1297 1554 i.
1311 1516 1338 1554 e.
1352 1509 1388 1554 ut

293 1569 323 1623 in
337 1568 483 1624 sodaliciis
496 1567 672 1641 puellarum,
688 1567 718 1624 in
729 1567 963 1637 conservatoriis,
975 1569 1053 1642 ipsae
1067 1570 1181 1644 puellae
1194 1587 1245 1625 seu
1258 1587 1385 1636 sorores,

294 1639 417 1696 exclusis
430 1640 506 1698 viris,
521 1641 676 1712 requisitos
689 1652 886 1711 exsequantur
897 1653 1008 1696 cantus.
1024 1641 1244 1697 Confirmamur
1257 1653 1388 1696 ceterum

293 1712 428 1784 analogia
450 1711 530 1766 iuris
555 1711 696 1780 Quamvis
720 1711 800 1766 enim
816 1727 874 1783 per
894 1729 999 1768 senon
1018 1713 1131 1786 possint
1153 1713 1209 1768 nisi
1230 1713 1387 1768 masculini

294 1801 377 1838 sexus
398 1783 500 1838 levitae
516 1783 657 1839 sacerdoti
680 1783 774 1837 litanti
797 1785 906 1848 adesse,
929 1783 1071 1840 toleratur
1090 1797 1199 1853 tamen,
1216 1785 1254 1840 ob
1276 1785 1387 1839 iustam

293 1873 421 1922 causam,
431 1855 546 1922 mulier,
557 1855 728 1928 praesertim
741 1854 978 1924 sanctimonialis,
995 1873 1071 1930 quae
1083 1855 1113 1910 in
1124 1857 1230 1912 missae
1239 1855 1388 1928 responsis

293 1925 395 2000 populi
405 1943 562 2000 personam
576 1938 652 1999 agat.

329 2011 356 2066 3.
377 2010 518 2066 Observes
533 2010 643 2065 dictum
657 2027 687 2064 n.
703 2027 746 2076 22,
770 2026 831 2080 quo
851 2009 902 2080 qui
921 2023 1031 2066 canunt
1050 2022 1078 2066 et
1100 2028 1245 2083 organum
1267 2011 1390 2084 pulsant

293 2098 327 2136 ea
341 2082 452 2137 musica
471 2081 598 2155 deligere
612 2095 639 2136 et
659 2080 778 2153 exsequi
792 2081 939 2150 iubentur,
955 2099 1030 2154 quae
1044 2082 1141 2138 sinant
1154 2094 1222 2138 ante
1235 2100 1390 2139 consecra-

292 2153 404 2208 tionem
416 2153 528 2209 absolvi
550 2173 566 2204 κ
580 2154 713 2222 Sanctus,
731 2165 784 2207 etc.
800 2173 827 2219 »,
848 2152 952 2224 etipse
977 2171 1078 2209 rursus
1091 2155 1226 2210 sacerdos
1239 2155 1278 2210 ita
1301 2172 1389 2210 suam

292 2225 439 2280 moderari
452 2225 597 2280 actionem
610 2236 643 2278 ut
656 2240 821 2296 congruum
838 2223 1007 2280 cantoribus
1025 2239 1141 2298 praesto
1157 2226 1193 2281 sit
1206 2239 1332 2299 tempus,

346 2512 410 2595 11.
433 2563 472 2573 -
495 2524 527 2593 s.
552 2524 699 2593 artuum
723 2522 1064 2628 curaverimus
1087 2526 1127 2609 (a
1151 2526 1214 2593 tan.
1238 2524 1342 2609 tout)

292 2708 515 2764 DECRETUM
548 2708 623 2763 QUO
656 2708 971 2763 SUPPRIMUNTUR
1005 2708 1298 2764 EXEMPTIONES
1329 2710 1391 2763 Er

408 2788 645 2843 PRIVILEGIA
676 2788 805 2842 MOTUI
831 2788 1008 2843 PROPRIO
1038 2788 1274 2843 CONTRARIA

693 2939 800 2996 Urbis
820 2941 858 2995 et
876 2938 981 2995 Orbis

106 3128 227 3183 Dalm-,ur
329 3094 534 3151 sanctissimus
567 3095 711 3151 Dominus
740 3098 846 3151 Noster
878 3094 947 3149 Pius
980 3098 1058 3169 Papa
1085 3096 1112 3149 X
1138 3095 1223 3150 Motu
1249 3095 1388 3168 Proprio

77 3188 238 3247 antrorum.
292 3166 350 3221 diei
370 3186 402 3222 22
416 3166 581 3222 novembris
604 3168 669 3240 1903
690 3168 744 3222 sub
763 3167 858 3222 forma
876 3167 1082 3222 instructionis
1099 3167 1135 3221 dc
1155 3166 1268 3221 musica
1292 3183 1388 3223 sacra
1477 3193 1479 3236 ᾗ

73 3247 128 3305 prio
166 3248 239 3293 inesse
291 3238 487 3294 venerabilem
512 3251 630 3293 cantum
657 3239 871 3309 Gregorianum
897 3239 976 3293 iuxta
1001 3238 1137 3293 codicum
1162 3236 1250 3293 fidem
1269 3238 1306 3291 ad
1327 3240 1389 3305 pri·
1479 3254 1480 3285 ³

76 3304 125 3371 vlt?
142 3304 238 3371 wilto·
292 3310 401 3365 stinum
428 3309 625 3365 Ecclesiarum
645 3327 733 3365 usum
759 3309 880 3365 feliciter
900 3308 1033 3374 restituit,
1059 3308 1206 3380 simulque
1225 3310 1388 3383 praescrip

78 3365 119 3408 ¹¹⁶²
130 3360 236 3410 cmm·
291 3380 396 3447 tiones,
406 3381 442 3435 ad
452 3398 602 3436 sacrorum
613 3395 812 3435 concentuum
822 3381 1004 3436 sanctitatem
1012 3394 1040 3435 et
1048 3380 1219 3453 dignitatem
1227 3380 1257 3434 in
1265 3382 1387 3453 templis

292 3452 337 3507 vel
359 3452 589 3523 promovendam
601 3452 647 3507 vel
667 3452 887 3517 restituendam,
902 3452 932 3505 in
947 3468 1043 3505 unum
1062 3469 1168 3524 corpus
1188 3450 1314 3522 collegit,
1335 3454 1386 3508 cui

292 3535 443 3595 tamquam
459 3523 562 3578 Codici
575 3523 703 3578 iuridico
715 3524 846 3578 musicae
856 3540 890 3578 ex
901 3522 1083 3594 plenitudine
1101 3522 1287 3595 Apostolicae
1307 3524 1387 3581 Suae

294 3594 447 3649 Potestatis
454 3594 513 3648 vim
526 3595 597 3665 legis
607 3611 661 3667 pro
674 3594 811 3654 universa
823 3594 951 3650 Ecclesia
961 3595 1068 3649 habere
1082 3594 1184 3649 voluit.
1198 3593 1386 3661 Qdareidem

292 3666 382 3721 SSmus
394 3665 538 3720 Dominus
548 3668 655 3721 Noster
665 3683 717 3739 per
729 3665 806 3720 hanc
815 3667 973 3721 Sacrorum
985 3666 1104 3720 Rituum
1115 3665 1385 3737 Congregationem

104 3773 224 3821 Reman·
291 3737 411 3811 mandat
426 3748 453 3791 et
467 3736 616 3817 praecipit,
630 3748 663 3791 ut
674 3736 834 3791 Instructio
853 3736 1000 3809 praedicta
1019 3737 1055 3791 ab
1068 3737 1207 3792 omnibus
1225 3736 1389 3809 accipiatur

77 3835 114 3876 1„
143 3830 238 3890 pam-1„
293 3806 430 3863 Ecclesiis
441 3807 679 3880 sanctissimeque
692 3820 831 3871 servetur,
847 3826 908 3863 non
923 3808 1106 3863 obstantibus
1125 3808 1282 3881 privilegiis
1295 3821 1387 3880 atque

73 3890 238 3948 giaetenemp-
292 3877 525 3951 exemptionibus
536 3878 780 3951 quibuscumque,
790 3879 878 3934 etiam
892 3878 1009 3950 speciali
1019 3879 1139 3934 nomine
1154 3879 1258 3946 digniS,
1269 3891 1301 3935 ut
1316 3894 1388 3937 sunt

77 3948 149 4013 12'0'125
169 3960 238 4005 luae·
291 3948 440 4023 privilegia
455 3961 483 4004 et
492 3952 692 4023 exemptiones
705 3952 740 4005 ab
755 3950 915 4023 apostolica
924 3950 991 4005 sede
1005 3950 1165 4005 maioribus
1181 3951 1269 4006 Urbis
1282 3952 1387 4007 Basili-

75 4002 146 4056 ²¹⁶³²5
291 4020 341 4087 cis,
367 4021 536 4094 praesertim
550 4039 620 4077 vero
641 4023 848 4077 Sacrosanctae
863 4021 1008 4076 Ecclesiae
1025 4021 1213 4077 Lateranensi
1232 4039 1383 4080 concessa.

103 4132 139 4179 A,
155 4146 180 4177 m
293 4092 442 4148 Revocatis
451 4092 557 4165 pariter
567 4093 627 4148 sive
637 4092 793 4166 privilegiis
804 4092 862 4147 sive
870 4093 1301 4165 commendationibus,quibus
1309 4093 1387 4151 aliae

74 4146 153 4236 „ml
174 4202 236 4235 mm,
269 4238 270 4241 Ἴ
291 4179 496 4244 quaecumque
510 4177 612 4218 cantus
631 4164 758 4235 liturgici
772 4162 946 4218 recentiores
959 4163 1071 4219 formae
1083 4181 1137 4237 pro
1151 4182 1250 4219 rerum
1263 4181 1297 4219 ac
1309 4177 1384 4220 tem-

73 4246 234 4295 mendationes
290 4251 397 4306 porum
410 4234 635 4291 circumstantiis
650 4236 686 4291 ab
694 4234 864 4308 Apostolica
875 4234 949 4289 Sede
959 4246 987 4290 et
1000 4236 1037 4291 ab
1051 4237 1107 4291 hac
1119 4237 1206 4291 Sacra
1217 4236 1383 4309 Congrega-
