2959 4900
72 1662 182 1704 Gratia.

73 1730 132 1775 Dies
143 1733 184 1787 (31

45 1786 87 1833 iul.
99 1792 174 1846 1906),

75 2326 173 2387 Orator,

72 2617 204 2665 Memorato

45 2675 135 2720 indulto
160 2677 202 2723 ln-

44 2735 147 2779 uocantii

50 2791 84 2836 Vl
86 2792 99 2836 I
102 2791 115 2837 l
123 2834 126 2839 .

72 3410 175 3468 Eiusque

44 3470 184 3526 suppressio·

44 3538 80 3574 ue.

29 3716 47 3749 kl.

72 3755 136 3800 Petit
147 3756 184 3800 ia·

43 3809 172 3869 dulgentiaa

43 3871 178 3916 renouatio·

42 3940 102 3974 uem.

72 4127 172 4174 Gratia.

71 4184 130 4230 Dies
140 4189 177 4241 (81

43 4240 84 4287 iul.
97 4246 173 4300 1906).

716 288 896 324 monumenta
947 306 950 312 ·

522 420 619 505 148.
643 474 682 483 —
706 435 768 505 ss.
793 438 827 502 u.
854 438 891 503 u.
917 438 963 505 eu
985 440 1044 524 eo.
1068 443 1090 507 x

584 590 774 647 uacuam
794 592 927 647 311UL.
949 596 1031 649 1906

555 728 609 788 De
626 727 811 786 sociante
828 729 890 787 SS.
911 731 1055 788 Rosarii
1141 750 1146 761 ·

297 873 332 928 Α.
353 871 497 928 Facultas
519 872 682 945 delegandi
699 873 868 930 sacerdotes
891 876 932 930 ud
951 876 1047 931 socios
1065 877 1260 950 recipiendos.

298 945 345 1000 Fr.
375 943 558 1017 Hyacinthus
586 943 679 999 Maria
711 945 854 1006 Cormter.
881 948 1020 1018 Magister
1052 949 1203 1003 Generalis
1234 950 1353 1005 Ordinis

262 1016 397 1071 Fratrum
414 1015 660 1083 Praedicatorum,
677 1016 714 1070 ad
732 1017 820 1088 pedes
837 1018 871 1073 S.'
885 1018 921 1073 V.
943 1019 1124 1089 provolutus,
1145 1022 1182 1075 ab
1196 1022 1239 1075 Ea
1260 1022 1353 1076 humi-

261 1086 326 1143 liter
355 1085 426 1159 petit
448 1086 501 1141 sibi
528 1088 647 1158 suisque
677 1088 892 1143 successoribus
918 1088 982 1143 fieri
1008 1089 1176 1145 facultatem
1200 1092 1354 1164 delegandi

261 1157 371 1230 ubique
384 1157 518 1211 locorum
532 1158 712 1223 Sacerdotes,
726 1158 787 1214 sive
802 1160 970 1231 Regulares,
982 1160 1041 1215 sive
1055 1162 1234 1231 Saeculares,
1249 1164 1355 1219 adhoc

259 1241 293 1287 ut
307 1227 517 1284 christifideles
530 1228 683 1301 utriusque
695 1244 781 1284 sexus
790 1229 821 1284 in
832 1231 1007 1290 Societatem
1015 1232 1066 1288 SS.
1085 1234 1199 1289 Rosarii
1213 1236 1353 1309 reprere,

260 1316 422 1372 eorumque
451 1300 581 1368 Rosaria,
611 1301 699 1356 Rosas
724 1314 752 1356 et
778 1302 914 1357 candelas
938 1303 1108 1360 benedicere
1130 1304 1259 1373 valeant,
1288 1323 1355 1362 cum

260 1389 276 1427 a
298 1370 451 1445 plicatione
466 1371 717 1442 Indulgentiarum
740 1388 758 1426 a
780 1373 910 1428 Summis
925 1373 1116 1430 Pontificibus
1127 1376 1227 1431 eidem
1242 1377 1355 1433 Ro'sarii

285 1442 497 1497 onfraternitati
516 1458 730 1512 concessarum,
743 1441 830 1499 firmo
843 1456 1014 1501 remanente
1026 1462 1115 1502 onere
1129 1448 1278 1515 mittendi,
1291 1450 1356 1503 data

259 1514 486 1594 opportunitate,
497 1513 715 1586 ,adscriptorum
735 1514 858 1570 nomina
875 1516 913 1571 ad
931 1516 1061 1589 aIIquam
1075 1517 1356 1576 confraternitatem

260 1601 400 1641 canonice
414 1597 550 1640 erectam.

297 1657 334 1711 Et
351 1659 438 1711 Deus.

297 1729 380 1783 quta
393 1743 502 1799 preces,
519 1726 606 1783 dieii
622 1726 686 1782 iulii
697 1744 777 1783 anno
795 1729 876 1801 1906.
960 1761 964 1765 Δ

494 1813 497 1817 ·
1091 1801 1182 1858 PIUS
1204 1803 1259 1875 Pp.
1284 1803 1321 1858 X.

717 1871 905 1925 Annorrrto·

254 2036 255 2041 ,
296 1992 436 2047 Observet
449 1991 540 2046 lector
554 1990 723 2046 facultatem
735 1990 798 2046 fieri
813 1991 967 2063 delegandi
982 1991 1089 2065 ubique
1104 1992 1237 2049 Iocorum
1254 2011 1264 2047 :
1288 2010 1357 2067 ergo

261 2064 347 2119 etiam
362 2063 412 2119 ubi
425 2062 483 2117 siat
497 2062 615 2117 Ordinis
628 2073 799 2119 conventus.

297 2189 329 2241 B.
346 2187 503 2242 Restitutio
518 2185 724 2259 indulgentiae
737 2196 852 2241 centum
872 2200 1020 2245 annorum
1042 2196 1071 2240 et
1089 2185 1208 2241 totidem
1222 2187 1358 2259 quadra-

256 2275 416 2333 genarum.

252 2380 255 2388 .
296 2331 342 2385 Fr.
372 2328 556 2401 Hyacinthus
582 2328 675 2384 Maria
696 2327 845 2397 Cormier,
876 2327 1015 2399 Magister
1048 2326 1199 2383 Generalis
1233 2328 1359 2383 Ordinis

261 2402 395 2457 Fratrum
412 2402 659 2464 Praedicatorum‚
674 2400 711 2455 ad
724 2400 812 2472 pedes
832 2400 861 2453 S.
884 2400 918 2454 V.
940 2398 1114 2471 provolutus
1137 2400 1259 2472 exponit
1273 2400 1360 2473 quod

262 2472 450 2530 Innocentius
471 2473 554 2536 VIII,
579 2472 610 2526 in
635 2472 720 2526 Rulla
746 2492 762 2521 a
780 2470 925 2543 Splendor
940 2481 1088 2542 paternae
1105 2471 1229 2545 gloriae
1249 2493 1277 2538 u,
1300 2473 1359 2527 diei

260 2545 294 2598 26
307 2543 363 2599 feb.
382 2561 458 2615 1491,
474 2542 513 2597 ita
527 2543 671 2597 edixerat:

295 2635 311 2664 «
332 2617 395 2668 Nos
407 2614 556 2686 cupientes
570 2626 602 2668 ut
621 2615 675 2681 ipsi
691 2612 860 2667 Confratres
875 2625 903 2668 et
917 2614 1098 2668 Consorores
1118 2613 1250 2668 sedulius
1265 2615 1359 2670 Rosa·

260 2706 276 2736 a
296 2685 372 2740 rium
384 2685 565 2756 praedictum
577 2686 616 2739 ob
626 2683 755 2757 Virginis
769 2684 880 2739 Mariae
895 2683 1091 2740 'reverentiam
1111 2683 1279 2744 deferant...
1320 2701 1359 2740 uo

260 2777 275 2808 u
295 2774 330 2812 ex
342 2757 399 2811 hoc
412 2756 491 2811 dono
512 2756 642 2811 caelestis
654 2755 763 2828 gratiae
775 2756 895 2811 uberius
916 2757 1122 2828 conspexerint
1139 2772 1168 2812 se
1187 2754 1252 2811 fore
1265 2701 1360 2812 reiec-

260 2849 276 2878 ι(
295 2842 349 2891 tos,
373 2827 408 2883 de
431 2827 649 2900 Omnipotentis
670 2827 727 2885 Dei
746 2825 944 2882 misericordia
966 2843 1000 2881 ac
1023 2826 1198 2882 Sanctorum
1225 2828 1309 2883 Petri
1331 2838 1361 2884 et

260 2921 275 2948 «
297 2900 381 2954 Pauli
399 2900 610 2970 Apostolorum
625 2899 686 2954 eius
699 2899 871 2953 auctoritate
892 2897 1006 2964 confisI,
1020 2896 1158 2952 volumus
1177 2910 1205 2953 et
1219 2899 1359 2954 Auctori-

259 2993 274 3015 «
295 2983 352 3026 tate
371 2970 541 3042 Apostolica
554 2971 724 3024 ordinamus
738 2985 768 3024 et
782 2969 980 3037 concedimus,
994 2985 1028 3022 ac
1040 2969 1176 3024 omnibus
1190 2981 1218 3024 et
1232 2969 1359 3042 singulis

260 3065 274 3090 «
294 3040 487 3097 confratribus
505 3054 532 3096 et
545 3042 753 3097 consororibus
764 3040 943 3113 conscriptis,
952 3056 1024 3096 *vere
1036 3040 1263 3110 paenitentibus,
1275 3059 1358 3096 nunc

260 3135 274 3163 κ
295 3126 323 3170 et
346 3129 400 3187 pro
425 3114 557 3184 tempore
585 3111 797 3180 exsistentibus,
826 3111 980 3166 Rosarium
1010 3111 1206 3166 deferentibus
1235 3124 1358 3167 centum

259 3205 275 3234 a
295 3200 388 3239 annos
407 3196 435 3239 et
453 3183 574 3238 totidem
594 3184 796 3255 quadragenas
818 3183 1071 3254 Indulgentiarum
1089 3185 1126 3238 de
1145 3183 1286 3238 iniunctis
1301 3182 1358 3238 sibi

259 3276 275 3306 «
294 3254 488 3328 poenitentiis.
503 3254 727 3309 misericorditer
741 3255 772 3308 in
791 3254 917 3308 Domino
930 3253 1126 3323 indulgemus.

295 3347 311 3376 a
334 3327 537 3381 Praesentibus
551 3326 696 3397 perpetuIs
711 3324 816 3379 futuris
826 3326 1007 3397 temporibus
1020 3323 1176 3379 duraturis.
1194 3346 1213 3376 >r

295 3398 371 3453 Cum
381 3409 479 3451 autem
489 3397 577 3450 buius
589 3397 791 3468 Indulgentiae
800 3407 911 3450 mentio
922 3413 983 3450 non
998 3396 1158 3466 reperiatur
1168 3395 1198 3449 in
1209 3397 1359 3468 Catalogo

262 3468 524 3540 Indulgentiarum,
537 3467 583 3523 die
597 3486 630 3540 29
641 3485 707 3538 aug.
723 3469 800 3539 1899,
814 3485 832 3521 a
844 3465 892 3522 fel.
904 3484 961 3522 rec.
977 3469 1077 3522 Leone
1089 3467 1161 3521 XIII
1177 3469 1356 3540 approbem,

260 3544 320 3666 pue
340 3539 461 3594 edicitur
480 3560 496 3590 u
515 3555 716 3610 quascumque
740 3541 811 3593 alias
834 3537 1033 3610 Indulgentias
1058 3538 1358 3594 Confraternitatibus

213 3645 214 3650 =
281 3610 568 3666 anctissimi'Rosarti
582 3609 714 3671 tributas.
731 3611 894 3680 abrogatas,
915 3627 966 3664 seu
985 3622 1131 3664 revocatas
1153 3625 1215 3664 esse
1235 3626 1359 3668 censen·

260 3684 349 3748 das»,
365 3681 528 3751 praedictus
547 3681 686 3752 Magister
705 3679 940 3746 Generalissuo
962 3695 991 3735 et
1009 3681 1144 3735 omnium
1163 3681 1215 3735 SS.
1240 3679 1357 3736 Rosarii

260 3752 448 3808 Confratrum
461 3765 488 3807 et
502 3754 705 3806 Consororum
718 3751 848 3819 nomme,
860 3751 1010 3806 humiliter
1023 3763 1052 3806 et
1066 3753 1150 3807 cuiue
1163 3751 1357 3807 Sanctitatem

259 3825 392 3879 Vestram
406 3837 490 3894 rogat
504 3834 537 3877 ut
550 3823 728 3895 praedictam
744 3834 862 3878 centum
884 3839 1031 3878 annorum
1044 3836 1073 3878 et
1086 3823 1209 3878 totidem
1229 3823 1356 3895 quadra-

260 3911 402 3967 genarum
414 3895 639 3965 Indulgendum,
651 3893 740 3949 semel
754 3894 845 3955 indie
856 3895 1028 3948 lucrandam
1037 3895 1073 3948 ab
1084 3894 1119 3949 iis
1131 3893 1183 3965 qui
1197 3893 1357 3950 Rosarium

260 3967 337 4038 apud
352 3983 392 4033 se,
407 3967 445 4021 ob
472 3967 580 4020 Beatae
595 3964 723 4036 VirginIs
737 3967 939 4033 reverentiam,
955 3966 1058 4021 devote
1070 3965 1255 4038 gestaverint,
1272 3980 1357 4020 reno

259 4053 336 4107 vare,
353 4047 581 4109 renovatumque
592 4035 742 4091 declararer
752 4036 896 4108 dignetur.
955 4036 957 4039 ’

296 4109 333 4163 Et
345 4113 436 4167 Deus.

297 4181 379 4235 quta
395 4195 494 4252 preces
507 4178 537 4233 ln
554 4177 692 4248 Domina,
708 4177 755 4234 die
769 4179 798 4233 31
815 4178 876 4234 iulii
890 4195 969 4234 anno
987 4181 1067 4252 1906.
1100 4249 1192 4306 1)qu
1208 4250 1232 4305 P
1279 4248 1302 4303 X
