2959 4900
107 319 272 402 [114-116]
301 337 418 378 raausr..
429 342 597 385 ramosum
610 341 647 377 nu
658 318 755 377 caurtr'
763 316 847 376 cauo.
859 340 865 382 ;
878 341 915 376 na
925 338 1115 376 astruarrouu
1163 304 1204 376 ’ἶ3Ι

223 527 441 613 115.-s.
466 539 612 610 auum
636 538 781 609 cauca.
806 539 855 621 (14
877 538 965 609 rear.
992 537 1090 619 tana)
1171 612 1193 625 „.
1259 469 1278 547 ²:
1331 579 1335 590 .

326 709 580 780 “uucnnruu
595 724 674 779 suu
688 723 952 779 DEGLARATIO
975 782 981 792 ,

342 886 395 942 De
422 888 530 944 centn
556 864 723 959 liturgico
752 863 970 959 gregoriano

106 1122 109 1128 ¹
141 1060 170 1114 A
190 1058 344 1115 nonnullis
365 1058 535 1116 Editoribus
553 1058 729 1131 proponitur
753 1059 876 1131 subinde
898 1059 1032 1133 quaestio
1052 1059 1087 1115 de
1111 1058 1204 1115 modo

103 1130 320 1204 interpretandi
334 1131 370 1186 Di
405 1130 547 1200 ositiones
556 1132 619 1189 Art.
637 1131 664 1193 ΙΙ
680 1141 709 1184 et
723 1132 765 1187 IV
779 1132 893 1187 Decreti
906 1149 957 1187 seu
972 1130 1202 1188 instructionum

104 1203 217 1258 Sacrae
239 1202 362 1258 Rituum
405 1201 635 1275 ongregationis,
660 1202 717 1257 diei
738 1205 779 1259 XI
805 1204 921 1277 augusti
945 1204 1074 1265 MCMV.
1097 1202 1105 1242 ¹
1126 1202 1202 1258 circa

103 1274 271 1330 editionem
282 1287 310 1330 et
322 1275 565 1349 approbationem
576 1274 721 1330 librorum
733 1285 856 1331 cantum
868 1274 1037 1347 liturgicum
1051 1273 1202 1347 Gregoria·

103 1362 182 1401 num
194 1344 421 1402 continentium.
437 1347 482 1402 Ad
497 1346 575 1401 hanc
589 1358 688 1402 autern
703 1347 905 1420 quaestionem
918 1347 1088 1403 solvendam
1101 1345 1203 1401 eadem

103 1418 198 1473 Sacra
222 1418 427 1489 congregatio,
455 1418 491 1473 de
515 1418 654 1474 mandato
680 1418 860 1475 Sanctissimi
888 1418 1007 1474 Domini
1031 1416 1131 1474 Nostri
1158 1415 1202 1479 Pii

102 1491 208 1563 Papae
223 1489 259 1558 X,
274 1497 349 1562 quae
363 1502 532 1561 sequuntur,
541 1489 690 1545 declarat:
1117 1524 1118 1528 ,
1145 1516 1150 1529 ·

144 1591 171 1629 1.
189 1572 298 1629 Forma
311 1572 481 1629 notularum
493 1583 597 1629 cantus
613 1574 655 1629 sic
676 1573 763 1630 debet
785 1573 898 1655 integra
916 1574 1033 1645 servari,
1047 1587 1081 1630 ut
1100 1589 1202 1629 omnes

101 1644 139 1701 ex
160 1644 198 1699 iis
218 1660 294 1716 quae
307 1645 431 1699 eandem
443 1645 552 1701 habent
564 1645 709 1701 rationem
721 1645 766 1701 vel
781 1644 1034 1717 significationem,
1058 1663 1091 1701 ac
1124 1645 1203 1701 roias

101 1716 140 1773 de
156 1716 190 1769 in
212 1715 341 1771 editione
353 1716 452 1788 typica
465 1716 608 1772 Vaticana
619 1734 711 1772 unam
723 1717 906 1790 eandemque
919 1718 1045 1790 figuram
1059 1735 1090 1773 re
1103 1728 1199 1785 erunt,

100 1786 218 1862 pariter
232 1786 263 1842 in
276 1786 332 1842 alia
344 1787 484 1852 editione,
500 1804 576 1859 quae
588 1788 625 1843 ab
645 1787 803 1844 Ordinatio
816 1790 907 1861 possit
925 1789 1089 1862 approbari,
1105 1804 1202 1844 neces-

101 1858 186 1915 sario
198 1858 298 1930 quoad
311 1858 436 1915 formam
448 1858 574 1915 omnino
587 1861 662 1915 inter
677 1876 708 1916 se
727 1859 836 1931 similes
850 1872 962 1916 exstent
975 1875 1003 1917 et
1016 1861 1199 1933 coaequales.

103 1933 242 2002 Ideoque
260 1931 343 2003 signa
361 1946 438 2003 quae
458 1930 534 1991 forte
554 1931 673 1994 fuerint,
700 1931 887 2004 permittente
909 1932 1077 2001 Ordinatio,
1102 1948 1202 2005 super·

102 2003 240 2069 inducta,
264 2001 433 2058 nullatenus
457 2002 631 2072 notularum
656 2002 793 2073 formam,
819 2003 864 2060 vel
889 2004 1012 2060 modum
1038 2021 1098 2076 quo
1124 2004 1202 2076 ipsae

102 2073 342 2145 coniunguntur,
356 2072 472 2129 afficere
485 2073 602 2130 debent.

140 2177 171 2212 2.
188 2156 329 2224 Quamvis
351 2154 441 2211 editio
460 2156 559 2228 aliqua
574 2156 662 2213 fuerit
680 2159 839 2232 recognita,
852 2161 897 2216 'ab
918 2158 1076 2215 Ordinatio
1100 2158 1145 2215 vel
1166 2160 1202 2215 ab

102 2228 171 2302 ipsa
195 2229 284 2284 Sacra
305 2228 427 2284 Rituum
447 2228 690 2302 congregatione,
707 2241 860 2303 tamquam
878 2232 914 2287 de
933 2244 1037 2297 cetero,
1066 2230 1202 2288 videlicet

98 2299 236 2373 exceptis
249 2299 348 2372 signis,
362 2316 431 2356 cum
447 2299 544 2371 typica
564 2301 734 2370 conformis,
759 2316 874 2375 oportet
895 2314 994 2358 tamen
1016 2316 1051 2358 ut
1065 2302 1202 2374 deinceps

102 2388 230 2427 normas
244 2388 333 2443 supra
346 2383 467 2427 statutas
480 2385 581 2428 exacte
595 2387 688 2429 servet
702 2394 709 2443 ;
730 2386 886 2445 quatenus,
907 2374 982 2430 inter
996 2375 1116 2431 notulas
1128 2373 1202 2447 typi·

102 2461 153 2500 cas
168 2457 197 2500 et
210 2443 294 2524 signa
305 2461 380 2516 quae
393 2444 611 2516 superveniunt,
623 2444 682 2500 iam
694 2444 821 2520 amplius
834 2445 969 2503 confusio
980 2446 1050 2502 oriri
1065 2457 1201 2520 nequeat.

103 2516 271 2572 Contrariis
285 2531 346 2570 non
359 2514 545 2594 obstantibus
559 2517 809 2590 quibuscumque.
826 2519 878 2574 Die
892 2537 924 2588 14
936 2518 1074 2574 febmarii
1088 2520 1166 2591 1906.
1198 2538 1201 2542 ⁷

317 2647 320 2650 ,
495 2599 533 2654 Α.
548 2601 636 2656 card.
650 2602 784 2670 Turrem,
799 2601 831 2658 S.
845 2602 883 2657 R.
901 2601 935 2662 C,
950 2601 1131 2669 Pro-Praes.
1196 2664 1199 2666 ,

241 2683 414 2773 'Diomedes
425 2683 550 2753 Punici,
564 2684 709 2757 Archiep.
724 2685 836 2755 Laod„
851 2686 883 2748 S.
898 2687 937 2742 R.
954 2685 988 2742 C.
1004 2687 1202 2778 Secretqrius

312 3140 315 3153 ¹
370 3020 469 3132 116„
491 3072 531 3083 -
553 2996 590 3103 s.
613 3033 757 3104 aaran.
783 3034 947 3105 cauetur

272 3220 278 3233 '
354 3221 659 3277 RESOLUTIONHS
678 3221 715 3274 17
733 3221 851 3299 Pena.
873 3221 955 3275 1906

245 3385 375 3447 Romana
396 3391 427 3448 et
447 3385 580 3447 aliarum.
600 3394 756 3454 Dubium
777 3395 822 3453 de
839 3365 1061 3452 alienatione
1128 3417 1130 3421 ·

142 3566 318 3634 Quaesitum
336 3567 508 3639 nuper-fuit
534 3569 667 3625 «1⁰Se2
686 3585 737 3641 per
750 3568 778 3625 le
798 3567 971 3625 alienazioni
996 3566 1154 3632 deivalori
1173 3567 1202 3622 al

94 3658 122 3688 a«
141 3650 295 3710 portatore
319 3655 332 3693 s
353 3638 455 3694 ettanti
480 3639 518 3693 ad
537 3639 598 3696 enti
617 3639 815 3708 ecclesiastici,
837 3641 876 3695 od
895 3658 912 3695 a
928 3642 993 3695 case
1006 3639 1053 3711 pie
1072 3648 1201 3764 sogpette

103 3729 121 3759 «
140 3709 201 3769 alla
212 3709 305 3766 tutela
360 3709 400 3764 lla
414 3710 528 3778 chiesa,
546 3711 589 3766 sia
607 3711 772 3768 necessario
786 3711 806 3767 il
826 3710 1010 3785 beneplacito
1025 3723 1129 3784 aposto
1142 3709 1199 3781 ico,

93 3800 122 3831 ·«
141 3795 229 3836 come
240 3797 293 3853 per
306 3780 334 3837 le
352 3781 525 3841 alienazioni
539 3783 586 3838 dei
599 3783 667 3839 beni
683 3782 830 3839 immobili
851 3800 866 3839 e
879 3782 956 3840 delle
972 3798 1040 3839 cose
1058 3780 1200 3855 preciose.

136 4032 145 4063 ¹
157 4027 215 4076 Cfr.
226 4029 326 4076 Perua.
338 4029 393 4076 vol.
406 4029 429 4085 I,
441 4043 469 4088 p.
483 4044 533 4086 174.

92 4096 97 4100 ’
132 4097 146 4130 ²
157 4093 191 4142 ld
198 4100 249 4151 ast,
258 4094 357 4144 labne:
367 4112 377 4141 r
389 4104 415 4142 1⁰
423 4096 466 4144 Ad
474 4095 635 4144 alienandos
645 4113 654 4141 ι
665 4095 779 4143 titulos»
790 4095 849 4143 sine
857 4093 975 4150 nomine,
984 4091 1032 4154 qui
1041 4092 1077 4140 ad
1087 4092 1201 4154 collegia

102 4159 294 4216 ecelesiastica
304 4165 429 4221 spectant
444 4163 487 4210 vel
497 4161 534 4209 ad
549 4162 645 4210 domos
655 4160 715 4220 pias
731 4160 783 4208 sub
794 4160 982 4209 ecclesiastica
997 4160 1083 4207 tutela
1100 4159 1201 4207 consti·

102 4234 190 4283 tutas,
209 4233 285 4276 estne
296 4230 299 4238 ’
311 4239 390 4288 opus
408 4234 439 4276 ut
458 4220 664 4287 beneplacitum
682 4227 840 4276 obtineatur
859 4226 1052 4287 apostolicum,
1074 4225 1148 4285 quod
1164 4227 1201 4275 ad

102 4293 255 4342 alienanda
262 4292 338 4342 bona
349 4293 503 4342 immobilia
519 4300 548 4342 et
563 4291 678 4342 mobilia
688 4293 809 4354 pretiosa
826 4292 996 4354 requiritur?
1014 4295 1050 4343 20'
1061 4292 1201 4341 Eademne

1360 1074 1393 1121 tt'o

1255 1133 1280 1181 E
1296 1135 1392 1181 iturum.

1282 3573 1374 3617 nabla
1386 3567 1413 3615 de

1255 3625 1395 3674 alienatione

1256 3683 1383 3732 titulorum.
