2959 4900
103 337 138 420 [3.
152 339 183 422 4]
243 363 266 399 a.
279 349 304 398 c.
317 350 361 398 ier.
378 353 414 398 ur
431 353 495 398 aab.
514 345 539 398 1'5
556 352 614 398 rsit.
632 345 697 409 1903.
714 354 869 399 sotuauuts
884 358 1046 398 troumciutt
1150 338 1189 400 15

102 498 138 555 ris
148 500 245 572 quoad
259 498 437 555 Monasteria
451 509 594 573 exempta.
606 498 730 566 Sancitis
744 497 848 571 igitur:
864 497 895 553 in
904 497 999 572 prima
1012 495 1190 568 simplicium

103 582 238 626 votorum
251 570 433 643 professione
446 571 535 626 ritum
551 583 710 644 receptum,
732 569 895 644 suppressis
914 568 1012 625 solum
1028 566 1123 624 verbis
1134 565 1190 622 sol·

102 641 281 698 lemnitatem
298 655 437 699 votorum
448 642 676 716 exprimentibus
694 659 756 698 esse
769 641 979 707 adhibendum,
992 652 1080 713 atque
1090 654 1191 695 secun·

102 715 165 769 dam
178 713 370 770 sollemnium
383 727 520 771 votorum
532 713 745 787 professionem
758 731 844 787 posse
858 713 950 770 emitti
965 711 1110 787 privatim,
1121 710 1193 766 haec

105 785 244 842 dubitatio
258 785 331 842 mihi
345 797 500 843 movetur:
1158 822 1162 827 -

136 871 158 925 l.
180 870 262 926 Sitne
276 869 424 926 Ordin'arii
435 872 490 937 vel,
503 871 601 944 quoad
614 869 793 928 Monasteria
803 880 946 944 exempta,
960 867 1085 923 Praelati
1097 869 1191 940 Regu-

102 940 176 1009 laris,
204 942 305 998 audito
332 942 546 1016 Superiorissae
570 954 650 1009 voto,
682 942 837 998 decernere
861 955 895 996 ut
920 940 1048 997 secunda
1071 956 1192 1013 quoque

103 1015 242 1085 professio
258 1013 376 1088 publice
390 1013 441 1069 fiat
456 1032 554 1070 coram
569 1014 726 1070 Ordinatio
737 1013 782 1069 vel
798 1012 945 1069 Ordinarii
958 1010 1170 1068 commissario.

138 1098 175 1152 ll.
199 1098 287 1165 Quod
308 1096 521 1153 caeremoniale
538 1097 575 1152 sit
593 1097 794 1152 adhibendum
812 1097 841 1152 in
862 1097 989 1152 secunda
1002 1095 1192 1170 professione,

103 1168 125 1222 si
138 1167 274 1241 privatim
288 1186 388 1225 coram
402 1169 592 1242 superiorissa
606 1168 650 1229 fit,
661 1170 800 1241 quodque
815 1168 1024 1238 adhibendum,
1041 1167 1064 1224 si
1079 1167 1195 1239 publice

102 1238 134 1294 fit
145 1257 245 1296 coram
261 1240 418 1298 Ordinatio
432 1241 529 1296 eiusve
543 1239 754 1296 commissario.

136 1324 191 1379 lll.
216 1325 324 1379 Utrum
338 1336 366 1380 et
380 1313 439 1396 quo
454 1324 544 1380 modo
558 1323 588 1378 in
604 1341 671 1380 casu
690 1322 844 1398 posteriori
866 1324 1046 1380 manendum
1061 1322 1091 1378 in
1106 1323 1193 1380 actio·

103 1394 185 1450 nibus
202 1395 389 1468 symbolicis:
415 1394 618 1452 benedictione
632 1413 665 1451 ac
686 1395 843 1451 traditione
865 1395 930 1460 veli,
945 1395 1036 1464 anuli,
1055 1413 1190 1460 coronae,

103 1483 175 1538 quae
197 1466 351 1540 hucusque
373 1467 402 1522 in
424 1467 481 1522 ritu
501 1467 652 1522 sollemnis
671 1467 860 1540 professionis
878 1467 1101 1534 adhibebantur,
1116 1468 1193 1523 etad

103 1550 230 1650 mentepr
257 1539 364 1594 decreti
388 1535 551 1613 Perpensis
571 1549 734 1613 temporum
756 1539 913 1607 adiunctis,
939 1538 1061 1613 posthac
1086 1539 1116 1594 in
1137 1556 1193 1594 usu

102 1621 184 1664 esunt
198 1641 205 1664 s

135 1695 214 1761 Quas
239 1676 437 1750 dubitationes
459 1693 644 1750 resolvendas
665 1694 830 1750 humillime
854 1709 1024 1768 proponens
1047 1693 1083 1748 ad
1106 1694 1194 1766 pedes

104 1764 268 1820 Sanctitatis
281 1766 400 1822 Vestrae
415 1766 552 1822 emorior.

524 1849 718 1906 Humillimus
732 1851 938 1907 devotissimus
951 1867 1050 1906 servus
1063 1849 1141 1906 filius

440 1935 502 1990 Luo
523 1935 609 1990 Card.
633 1937 676 1990 Da:
696 1936 877 2006 Suttuensis,
898 1935 1040 2009 Archiep.
1055 1937 1192 2010 Pragen.

138 2057 225 2113 Sacra
249 2055 443 2129 Conpregatio
470 2057 579 2112 Emorum
591 2072 625 2111 ac
640 2057 738 2112 Revum
753 2056 782 2110 S.
802 2057 836 2110 R.
853 2057 887 2110 E.
910 2054 1120 2123 Cardinalium,
1145 2071 1194 2110 ne·

105 2129 185 2198 gotiis
199 2140 229 2184 et
242 2127 507 2184 consultationibus
532 2127 747 2207 Episcoporum
768 2138 796 2182 et
810 2126 1009 2198 ·Regularium
1030 2125 1195 2200 praeposita

106 2200 197 2256 dubiis
214 2201 455 2273 respondendum
468 2210 590 2262 censuit,
607 2210 696 2272 prout
708 2198 882 2270 respondet:

136 2285 181 2340 Ad
198 2287 221 2342 l.
239 2283 429 2349 Affirmative,
454 2283 618 2338 dummodo
637 2282 827 2410 superiorissa
842 2293 870 2339 et
885 2283 1082 2338 communitas
1096 2294 1195 2356 postu·

104 2354 159 2412 lent
173 2371 206 2412 ut
221 2355 375 2430 professio,
390 2355 426 2411 de
442 2372 499 2428 qua
513 2355 617 2426 agitur,
634 2371 674 2426 pu
696 2353 751 2410 lice
765 2352 825 2410 fiat.

136 2439 181 2495 Ad
196 2441 237 2496 ll.
262 2441 296 2495 ln
312 2452 439 2513 utroque
453 2456 522 2494 casu
537 2438 680 2494 secundae
695 2436 885 2511 professionis
897 2437 1055 2512 requiritur
1068 2448 1195 2494 tantum-

106 2512 202 2581 modo,
217 2523 253 2567 ut
270 2511 403 2567 Professa
416 2509 544 2584 proferat
558 2507 716 2565 formulam
730 2509 930 2582 professionis,
951 2510 1087 2567 adhibitis
1101 2510 1195 2568 verbis

106 2582 333 2639 sollemnitatem
346 2594 483 2638 votorum
497 2580 736 2655 exprimentibus.

137 2668 182 2721 Ad
200 2668 258 2724 lll.
282 2667 436 2723 Provisum
450 2666 481 2721 in
495 2678 534 2721 20.

139 2751 263 2821 Romae,
284 2752 312 2807 15
328 2750 463 2820 ianuarii,
484 2750 559 2823 1903.

679 2824 713 2879 D.
736 2822 824 2879 Card.
848 2824 997 2893 Funnnrs,
1018 2824 1123 2895 Praes.

153 3145 192 3231 4.
217 3198 260 3208 -
285 3159 320 3228 s.
344 3157 482 3230 cauca.
510 3159 786 3231 tristarentur
810 3159 862 3229 er
885 3106 1136 3236 secutarum

363 3344 604 3399 RESPONSUM
620 3345 664 3399 24
681 3344 844 3399 APRILIS
863 3343 946 3398 1903

190 3506 246 3563 De
268 3508 530 3564 consuetudine
548 3507 774 3579 temperante
792 3506 910 3579 legem
928 3506 1115 3564 clausurae

139 3678 203 3735 Mos
217 3693 263 3736 est
278 3678 520 3736 immemorabilis
535 3680 614 3754 apud
627 3696 730 3735 omnes
753 3679 842 3735 huius
858 3678 1004 3736 Dioecesis
1028 3681 1198 3735 Conventus

108 3750 281 3807 monialium
295 3750 495 3807 claustralium
518 3752 548 3806 in
568 3750 709 3824 cuiusque
728 3752 846 3807 illarum
865 3751 1004 3807 cadavere
1017 3751 1195 3823 sepeliend0,

108 3818 198 3888 plures
223 3840 389 3879 convocare
412 3824 594 3892 Sacerdotes,
618 3824 669 3895 qui
693 3822 860 3878 clausuram
882 3823 1085 3895 ingrediuntur
1102 3821 1197 3877 officia

108 3893 271 3964 sepulturae
285 3894 461 3967 praestituri,
478 3894 523 3951 vel
537 3895 633 3951 eidem
645 3894 822 3963 comitaturi,
837 3894 876 3949 ita
888 3907 922 3949 ut
934 3905 1012 3963 oct0‚
1027 3892 1071 3949 vel
1085 3894 1195 3962 decem,

108 3974 134 4017 et
147 3968 329 4038 quandoque
349 3966 505 4025 duodecim
529 3978 789 4034 connumerentur,
806 3977 918 4037 praeter
939 3964 1089 4037 operarios
1110 3966 1198 4020 laicos

109 4036 153 4105 qui
176 4038 330 4093 materiale
352 4037 511 4118 sepeliendi
537 4054 611 4110 opus
633 4036 799 4111 perficiunt.
821 4037 1074 4092 Communitatum
1092 4036 1199 4091 harum

109 4105 274 4180 aliquarum
299 4108 523 4165 constitutiones
545 4108 618 4163 nihil
640 4110 676 4164 de
701 4108 757 4164 hac
774 4125 806 4164 re
832 4108 1050 4180 praescribunt;
1074 4107 1199 4163 aliarum

109 4192 173 4234 vero
184 4178 421 4236 Constitutiones
431 4179 575 4253 plurimos
588 4181 625 4235 ad
636 4180 714 4235 idem
727 4180 902 4252 consignant
916 4180 1086 4235 Sacerdotes
1099 4178 1199 4235 fratres

110 4247 233 4307 eiusdem
247 4250 402 4326 respectivi
414 4250 533 4307 Ordinis
542 4251 681 4323 religiosi,
694 4252 804 4308 scilicet
814 4267 873 4320 seu,
885 4252 929 4306 vel
940 4264 1017 4319 oct⁰‚
1032 4249 1077 4306 vel
1087 4251 1198 4319 decem,

109 4321 147 4375 vel
157 4322 316 4379 duodecim
329 4333 390 4392 aut,
404 4322 434 4378 in
449 4322 557 4379 horum
570 4322 693 4391 defectu,
707 4334 846 4397 quattuor
857 4322 1027 4378 Sacerdotes
1039 4322 1200 4379 saeculares

1321 976 1328 999 Ι

1274 1001 1432 1061 1.th-v

1244 1073 1302 1106 nam
1329 1059 1404 1106 decer·

1244 1121 1290 1165 nat
1302 1118 1381 1176 publi·

1245 1189 1298 1223 cam
1312 1174 1404 1222 sollem-

1244 1235 1286 1280 m's
1307 1232 1405 1294 Profes-

1245 1293 1322 1339 sionis
1331 1294 1404 1339 ratio·

1245 1363 1306 1397 nem.

1275 1449 1289 1479 2
1299 1436 1320 1478 ct
1329 1439 1353 1480 3.

1247 1489 1381 1549 Quodnam,

1242 1552 1287 1606 pro
1298 1562 1362 1603 casu,
1371 1549 1403 1594 sit

1246 1605 1406 1665 usurpandum

1246 1667 1406 1768 {perimenda-

1277 1949 1376 1996 Orator.

1277 2304 1319 2354 Ad
1329 2323 1351 2355 1.

1277 2464 1374 2513 Adaei
1384 2470 1406 2512 3.

1271 3702 1403 3751 Decania-
1458 3716 1460 3718 ’

1252 3764 1291 3807 tur
1300 3775 1355 3807 usus
1366 3764 1412 3807 im·

1251 3817 1411 3867 memorabilis

1252 3882 1272 3923 el
1284 3878 1412 3923 communis

1251 3934 1391 3982 monialium

1251 3992 1369 4039 claustra·

1251 4049 1325 4103 lium
