<?xml version="1.0" encoding="UTF-8"?>
<!DOCTYPE html PUBLIC "-//W3C//DTD XHTML 1.0 Transitional//EN"
    "http://www.w3.org/TR/xhtml1/DTD/xhtml1-transitional.dtd">
<html xmlns="http://www.w3.org/1999/xhtml" xml:lang="en" lang="en">
 <head>
  <title>
</title>
<meta http-equiv="Content-Type" content="text/html;charset=utf-8" />
  <meta name='ocr-system' content='tesseract 3.04.00' />
  <meta name='ocr-capabilities' content='ocr_page ocr_carea ocr_par ocr_line ocrx_word'/>
</head>
<body>
  <div class='ocr_page' id='page_1' title='image "./dereligiosisins01vermgoog_0167.png"; bbox 0 0 2959 4900; ppageno 0'>
   <div class='ocr_carea' id='block_1_1' title="bbox 67 275 1128 358">
    <p class='ocr_par' dir='ltr' id='par_1_1' title="bbox 67 275 1128 358">
     <span class='ocr_line' id='line_1_1' title="bbox 67 275 1128 358; baseline -0.003 -17"><span class='ocrx_word' id='word_1_1' title='bbox 67 275 119 358; x_wconf 80' lang='lat'>[65]</span> <span class='ocrx_word' id='word_1_2' title='bbox 203 301 226 337; x_wconf 88' lang='lat' dir='ltr'>s.</span> <span class='ocrx_word' id='word_1_3' title='bbox 243 301 268 336; x_wconf 88' lang='lat' dir='ltr'>c.</span> <span class='ocrx_word' id='word_1_4' title='bbox 286 301 330 336; x_wconf 76' lang='lat' dir='ltr'>iar.</span> <span class='ocrx_word' id='word_1_5' title='bbox 346 301 383 336; x_wconf 70' lang='grc' dir='ltr'>ιτ</span> <span class='ocrx_word' id='word_1_6' title='bbox 398 301 461 336; x_wconf 77' lang='lat' dir='ltr'>rac.</span> <span class='ocrx_word' id='word_1_7' title='bbox 478 301 516 336; x_wconf 76' lang='lat' dir='ltr'>iis</span> <span class='ocrx_word' id='word_1_8' title='bbox 530 299 678 336; x_wconf 74' lang='lat' dir='ltr'>ansuinus</span> <span class='ocrx_word' id='word_1_9' title='bbox 692 301 722 336; x_wconf 78' lang='lat' dir='ltr'>iii</span> <span class='ocrx_word' id='word_1_10' title='bbox 738 300 823 336; x_wconf 84' lang='lat' dir='ltr'><strong>UNUM</strong></span> <span class='ocrx_word' id='word_1_11' title='bbox 838 301 974 340; x_wconf 78' lang='lat' dir='ltr'>cocanuis</span> <span class='ocrx_word' id='word_1_12' title='bbox 1072 277 1128 339; x_wconf 75' lang='grc'>161</span> 
     </span>
    </p>
   </div>
   <div class='ocr_carea' id='block_1_2' title="bbox 97 433 1134 516">
    <p class='ocr_par' dir='ltr' id='par_1_2' title="bbox 97 433 1134 516">
     <span class='ocr_line' id='line_1_2' title="bbox 97 433 1134 516; baseline 0.002 -31"><span class='ocrx_word' id='word_1_13' title='bbox 97 433 143 486; x_wconf 85' lang='grc' dir='ltr'><strong>ΙΙΙ.</strong></span> <span class='ocrx_word' id='word_1_14' title='bbox 154 435 252 501; x_wconf 83' lang='lat' dir='ltr'>Quam</span> <span class='ocrx_word' id='word_1_15' title='bbox 268 435 424 516; x_wconf 30' lang='lat' dir='ltr'>‘superiore</span> <span class='ocrx_word' id='word_1_16' title='bbox 434 450 558 489; x_wconf 90' lang='lat' dir='ltr'>numero</span> <span class='ocrx_word' id='word_1_17' title='bbox 578 436 604 489; x_wconf 95' lang='lat' dir='ltr'>ll</span> <span class='ocrx_word' id='word_1_18' title='bbox 626 433 794 508; x_wconf 89' lang='lat' dir='ltr'>scripsimus</span> <span class='ocrx_word' id='word_1_19' title='bbox 803 434 1029 491; x_wconf 85' lang='lat' dir='ltr'>declarationem</span> <span class='ocrx_word' id='word_1_20' title='bbox 1036 443 1134 488; x_wconf 91' lang='lat' dir='ltr'>motus</span> 
     </span>
    </p>
   </div>
   <div class='ocr_carea' id='block_1_3' title="bbox 67 503 1135 633">
    <p class='ocr_par' dir='ltr' id='par_1_3' title="bbox 67 503 1135 633">
     <span class='ocr_line' id='line_1_3' title="bbox 67 503 1135 581; baseline 0 -23"><span class='ocrx_word' id='word_1_21' title='bbox 67 503 159 575; x_wconf 89' lang='lat' dir='ltr'>proprii</span> <span class='ocrx_word' id='word_1_22' title='bbox 182 506 199 560; x_wconf 89' lang='lat'><em>8</em></span> <span class='ocrx_word' id='word_1_23' title='bbox 218 523 288 560; x_wconf 90' lang='lat' dir='ltr'>maii</span> <span class='ocrx_word' id='word_1_24' title='bbox 306 506 373 579; x_wconf 82' lang='lat'>1905</span> <span class='ocrx_word' id='word_1_25' title='bbox 389 505 603 561; x_wconf 89' lang='lat' dir='ltr'>confirmarunt</span> <span class='ocrx_word' id='word_1_26' title='bbox 617 507 700 581; x_wconf 89' lang='lat' dir='ltr'>plura</span> <span class='ocrx_word' id='word_1_27' title='bbox 715 519 780 561; x_wconf 92' lang='lat' dir='ltr'>acta</span> <span class='ocrx_word' id='word_1_28' title='bbox 801 505 973 576; x_wconf 88' lang='lat' dir='ltr'>recentiora,</span> <span class='ocrx_word' id='word_1_29' title='bbox 995 521 1070 577; x_wconf 87' lang='lat' dir='ltr'>quae</span> <span class='ocrx_word' id='word_1_30' title='bbox 1086 503 1135 559; x_wconf 89' lang='lat' dir='ltr'>hic</span> 
     </span>
     <span class='ocr_line' id='line_1_4' title="bbox 68 577 556 633; baseline 0.01 -5"><span class='ocrx_word' id='word_1_31' title='bbox 68 577 275 631; x_wconf 88' lang='lat' dir='ltr'>commemorari</span> <span class='ocrx_word' id='word_1_32' title='bbox 287 577 407 632; x_wconf 90' lang='lat' dir='ltr'>iuvabit.</span> <span class='ocrx_word' id='word_1_33' title='bbox 421 577 556 633; x_wconf 88' lang='lat' dir='ltr'>Etenim:</span> 
     </span>
    </p>
   </div>
   <div class='ocr_carea' id='block_1_4' title="bbox 68 652 1137 810">
    <p class='ocr_par' dir='ltr' id='par_1_4' title="bbox 68 652 1137 810">
     <span class='ocr_line' id='line_1_5' title="bbox 69 652 1137 786; baseline 0.004 -76"><span class='ocrx_word' id='word_1_34' title='bbox 69 726 74 735; x_wconf 38' lang='grc' dir='ltr'>Ι</span> <span class='ocrx_word' id='word_1_35' title='bbox 98 676 117 712; x_wconf 86' lang='lat' dir='ltr'>i.</span> <span class='ocrx_word' id='word_1_36' title='bbox 133 659 212 715; x_wconf 87' lang='lat' dir='ltr'>Idem</span> <span class='ocrx_word' id='word_1_37' title='bbox 225 661 258 715; x_wconf 91' lang='lat' dir='ltr'>C.</span> <span class='ocrx_word' id='word_1_38' title='bbox 275 662 370 786; x_wconf 74' lang='lat' dir='ltr'>Kopp,</span> <span class='ocrx_word' id='word_1_39' title='bbox 386 652 454 716; x_wconf 88' lang='lat' dir='ltr'>cum</span> <span class='ocrx_word' id='word_1_40' title='bbox 474 659 574 716; x_wconf 89' lang='lat' dir='ltr'>alteris</span> <span class='ocrx_word' id='word_1_41' title='bbox 595 659 707 727; x_wconf 90' lang='lat' dir='ltr'>litteris,</span> <span class='ocrx_word' id='word_1_42' title='bbox 719 661 736 714; x_wconf 88' lang='lat'><strong>6</strong></span> <span class='ocrx_word' id='word_1_43' title='bbox 747 659 863 732; x_wconf 85' lang='lat' dir='ltr'>augusti</span> <span class='ocrx_word' id='word_1_44' title='bbox 881 660 960 732; x_wconf 84' lang='lat'>1905,</span> <span class='ocrx_word' id='word_1_45' title='bbox 977 659 1084 715; x_wconf 87' lang='lat' dir='ltr'>iterum</span> <span class='ocrx_word' id='word_1_46' title='bbox 1100 658 1137 714; x_wconf 91' lang='lat' dir='ltr'>de</span> 
     </span>
     <span class='ocr_line' id='line_1_6' title="bbox 68 729 1137 810; baseline 0.003 -29"><span class='ocrx_word' id='word_1_47' title='bbox 68 739 110 782; x_wconf 87' lang='lat' dir='ltr'>ista</span> <span class='ocrx_word' id='word_1_48' title='bbox 124 729 240 788; x_wconf 89' lang='lat' dir='ltr'>Unione</span> <span class='ocrx_word' id='word_1_49' title='bbox 263 732 293 787; x_wconf 87' lang='lat' dir='ltr'>S.</span> <span class='ocrx_word' id='word_1_50' title='bbox 339 732 423 787; x_wconf 89' lang='lat' dir='ltr'>edem</span> <span class='ocrx_word' id='word_1_51' title='bbox 446 731 661 803; x_wconf 84' lang='lat' dir='ltr'>interrogasset,</span> <span class='ocrx_word' id='word_1_52' title='bbox 677 730 800 792; x_wconf 83' lang='lat' dir='ltr'>missum</span> <span class='ocrx_word' id='word_1_53' title='bbox 819 732 847 786; x_wconf 81' lang='lat'>13</span> <span class='ocrx_word' id='word_1_54' title='bbox 861 748 943 810; x_wconf 77' lang='lat' dir='ltr'>aug.</span> <span class='ocrx_word' id='word_1_55' title='bbox 956 749 973 786; x_wconf 91' lang='lat' dir='ltr'>a</span> <span class='ocrx_word' id='word_1_56' title='bbox 988 729 1137 786; x_wconf 87' lang='lat' dir='ltr'>Cardinali</span> 
     </span>
    </p>
   </div>
   <div class='ocr_carea' id='block_1_5' title="bbox 67 798 1139 1162">
    <p class='ocr_par' dir='ltr' id='par_1_5' title="bbox 67 798 1139 1162">
     <span class='ocr_line' id='line_1_7' title="bbox 69 798 1136 875; baseline 0.005 -24"><span class='ocrx_word' id='word_1_57' title='bbox 69 798 213 857; x_wconf 77' lang='lat' dir='ltr'>secretario</span> <span class='ocrx_word' id='word_1_58' title='bbox 236 803 333 858; x_wconf 90' lang='lat' dir='ltr'>Status</span> <span class='ocrx_word' id='word_1_59' title='bbox 356 819 529 875; x_wconf 90' lang='lat' dir='ltr'>responsum</span> <span class='ocrx_word' id='word_1_60' title='bbox 554 803 665 874; x_wconf 91' lang='lat' dir='ltr'>accepit</span> <span class='ocrx_word' id='word_1_61' title='bbox 687 801 837 856; x_wconf 84' lang='lat' dir='ltr'>«nullam</span> <span class='ocrx_word' id='word_1_62' title='bbox 860 819 891 856; x_wconf 91' lang='lat' dir='ltr'>in</span> <span class='ocrx_word' id='word_1_63' title='bbox 914 813 997 857; x_wconf 91' lang='lat' dir='ltr'>motu</span> <span class='ocrx_word' id='word_1_64' title='bbox 1016 800 1136 874; x_wconf 91' lang='lat' dir='ltr'>proprio</span> 
     </span>
     <span class='ocr_line' id='line_1_8' title="bbox 68 871 1138 946; baseline 0.004 -22"><span class='ocrx_word' id='word_1_65' title='bbox 68 871 195 928; x_wconf 85' lang='lat' dir='ltr'>contineri</span> <span class='ocrx_word' id='word_1_66' title='bbox 214 873 384 930; x_wconf 90' lang='lat' dir='ltr'>iussionem.</span> <span class='ocrx_word' id='word_1_67' title='bbox 411 875 482 930; x_wconf 93' lang='lat' dir='ltr'>Esse</span> <span class='ocrx_word' id='word_1_68' title='bbox 503 874 602 946; x_wconf 88' lang='lat' dir='ltr'>itaque</span> <span class='ocrx_word' id='word_1_69' title='bbox 621 873 831 930; x_wconf 91' lang='lat' dir='ltr'>Ursulinarum</span> <span class='ocrx_word' id='word_1_70' title='bbox 852 873 970 928; x_wconf 90' lang='lat' dir='ltr'>familiis</span> <span class='ocrx_word' id='word_1_71' title='bbox 990 874 1138 946; x_wconf 88' lang='lat' dir='ltr'>integrum</span> 
     </span>
     <span class='ocr_line' id='line_1_9' title="bbox 68 941 1138 1019; baseline 0.005 -25"><span class='ocrx_word' id='word_1_72' title='bbox 68 941 166 999; x_wconf 88' lang='lat' dir='ltr'>dehac</span> <span class='ocrx_word' id='word_1_73' title='bbox 192 958 225 1000; x_wconf 87' lang='lat' dir='ltr'>re</span> <span class='ocrx_word' id='word_1_74' title='bbox 246 945 334 1001; x_wconf 87' lang='lat' dir='ltr'>libere</span> <span class='ocrx_word' id='word_1_75' title='bbox 360 946 516 1003; x_wconf 87' lang='lat' dir='ltr'>decernere</span> <span class='ocrx_word' id='word_1_76' title='bbox 538 945 610 1018; x_wconf 91' lang='lat' dir='ltr'>quid</span> <span class='ocrx_word' id='word_1_77' title='bbox 629 945 699 1019; x_wconf 90' lang='lat' dir='ltr'>ipsis</span> <span class='ocrx_word' id='word_1_78' title='bbox 719 945 860 999; x_wconf 85' lang='lat' dir='ltr'>videatur.</span> <span class='ocrx_word' id='word_1_79' title='bbox 884 947 981 1012; x_wconf 89' lang='lat' dir='ltr'>Quam</span> <span class='ocrx_word' id='word_1_80' title='bbox 1005 961 1138 1001; x_wconf 88' lang='lat' dir='ltr'>normam</span> 
     </span>
     <span class='ocr_line' id='line_1_10' title="bbox 67 1015 1139 1098; baseline 0.003 -31"><span class='ocrx_word' id='word_1_81' title='bbox 67 1015 176 1094; x_wconf 87' lang='lat' dir='ltr'>proponi</span> <span class='ocrx_word' id='word_1_82' title='bbox 201 1033 286 1098; x_wconf 81' lang='lat' dir='ltr'>posse</span> <span class='ocrx_word' id='word_1_83' title='bbox 307 1016 395 1073; x_wconf 90' lang='lat' dir='ltr'>etiam</span> <span class='ocrx_word' id='word_1_84' title='bbox 409 1017 483 1086; x_wconf 86' lang='lat' dir='ltr'>aliis,</span> <span class='ocrx_word' id='word_1_85' title='bbox 499 1017 582 1089; x_wconf 89' lang='lat' dir='ltr'>quia</span> <span class='ocrx_word' id='word_1_86' title='bbox 603 1016 637 1073; x_wconf 93' lang='lat' dir='ltr'>C.</span> <span class='ocrx_word' id='word_1_87' title='bbox 659 1018 744 1090; x_wconf 90' lang='lat' dir='ltr'>Kopp</span> <span class='ocrx_word' id='word_1_88' title='bbox 763 1015 836 1072; x_wconf 78' lang='lat' dir='ltr'>ssmi</span> <span class='ocrx_word' id='word_1_89' title='bbox 866 1015 987 1072; x_wconf 88' lang='lat' dir='ltr'>Domini</span> <span class='ocrx_word' id='word_1_90' title='bbox 1010 1027 1139 1072; x_wconf 88' lang='lat' dir='ltr'>mentem</span> 
     </span>
     <span class='ocr_line' id='line_1_11' title="bbox 68 1099 350 1162; baseline 0.014 -26"><span class='ocrx_word' id='word_1_91' title='bbox 68 1099 155 1142; x_wconf 82' lang='lat' dir='ltr'>rescire</span> <span class='ocrx_word' id='word_1_92' title='bbox 167 1101 322 1162; x_wconf 84' lang='lat' dir='ltr'>cupierint.</span> <span class='ocrx_word' id='word_1_93' title='bbox 333 1109 350 1140; x_wconf 82' lang='lat'>)&gt;</span> 
     </span>
    </p>
   </div>
   <div class='ocr_carea' id='block_1_6' title="bbox 69 1167 1140 1370">
    <p class='ocr_par' dir='ltr' id='par_1_6' title="bbox 69 1167 1140 1370">
     <span class='ocr_line' id='line_1_12' title="bbox 71 1167 1140 1243; baseline 0.003 -21"><span class='ocrx_word' id='word_1_94' title='bbox 71 1235 75 1243; x_wconf 26' lang='grc' dir='ltr'>ι</span> <span class='ocrx_word' id='word_1_95' title='bbox 97 1167 236 1234; x_wconf 87' lang='lat' dir='ltr'>Quocirca</span> <span class='ocrx_word' id='word_1_96' title='bbox 259 1171 292 1230; x_wconf 89' lang='lat' dir='ltr'>C.</span> <span class='ocrx_word' id='word_1_97' title='bbox 311 1173 396 1243; x_wconf 91' lang='lat' dir='ltr'>Kopp</span> <span class='ocrx_word' id='word_1_98' title='bbox 411 1188 513 1226; x_wconf 91' lang='lat' dir='ltr'>omnes</span> <span class='ocrx_word' id='word_1_99' title='bbox 527 1186 656 1242; x_wconf 89' lang='lat' dir='ltr'>quorum</span> <span class='ocrx_word' id='word_1_100' title='bbox 679 1171 817 1228; x_wconf 87' lang='lat' dir='ltr'>intererat</span> <span class='ocrx_word' id='word_1_101' title='bbox 828 1169 967 1226; x_wconf 88' lang='lat' dir='ltr'>certiores</span> <span class='ocrx_word' id='word_1_102' title='bbox 984 1171 1060 1239; x_wconf 83' lang='lat' dir='ltr'>lecit,</span> <span class='ocrx_word' id='word_1_103' title='bbox 1078 1185 1140 1226; x_wconf 89' lang='lat' dir='ltr'>esse</span> 
     </span>
     <span class='ocr_line' id='line_1_13' title="bbox 69 1239 1140 1314; baseline 0.005 -24"><span class='ocrx_word' id='word_1_104' title='bbox 69 1254 93 1290; x_wconf 91' lang='lat' dir='ltr'>iii</span> <span class='ocrx_word' id='word_1_105' title='bbox 107 1239 310 1298; x_wconf 88' lang='lat' dir='ltr'>Ursulinarum</span> <span class='ocrx_word' id='word_1_106' title='bbox 335 1241 454 1298; x_wconf 89' lang='lat' dir='ltr'>arbitrio</span> <span class='ocrx_word' id='word_1_107' title='bbox 475 1242 604 1314; x_wconf 90' lang='lat' dir='ltr'>positum</span> <span class='ocrx_word' id='word_1_108' title='bbox 625 1255 659 1298; x_wconf 95' lang='lat' dir='ltr'>ut</span> <span class='ocrx_word' id='word_1_109' title='bbox 679 1242 791 1299; x_wconf 91' lang='lat' dir='ltr'>Unioni</span> <span class='ocrx_word' id='word_1_110' title='bbox 813 1256 953 1296; x_wconf 91' lang='lat' dir='ltr'>romanae</span> <span class='ocrx_word' id='word_1_111' title='bbox 974 1242 1077 1311; x_wconf 86' lang='lat' dir='ltr'>darent</span> <span class='ocrx_word' id='word_1_112' title='bbox 1094 1241 1140 1296; x_wconf 95' lang='lat' dir='ltr'>vel</span> 
     </span>
     <span class='ocr_line' id='line_1_14' title="bbox 69 1307 805 1370; baseline 0.014 -9"><span class='ocrx_word' id='word_1_113' title='bbox 69 1307 233 1368; x_wconf 88' lang='lat' dir='ltr'>declinarent</span> <span class='ocrx_word' id='word_1_114' title='bbox 247 1331 366 1370; x_wconf 90' lang='lat' dir='ltr'>nomen.</span> <span class='ocrx_word' id='word_1_115' title='bbox 802 1335 805 1345; x_wconf 75' lang='lat'><strong><em>¹</em></strong></span> 
     </span>
    </p>
   </div>
   <div class='ocr_carea' id='block_1_7' title="bbox 70 1394 1142 1612">
    <p class='ocr_par' dir='ltr' id='par_1_7' title="bbox 70 1394 1142 1612">
     <span class='ocr_line' id='line_1_15' title="bbox 98 1394 1141 1456; baseline 0.004 -10"><span class='ocrx_word' id='word_1_116' title='bbox 98 1411 119 1448; x_wconf 84' lang='lat' dir='ltr'>i.</span> <span class='ocrx_word' id='word_1_117' title='bbox 140 1396 197 1451; x_wconf 82' lang='lat' dir='ltr'>Sed</span> <span class='ocrx_word' id='word_1_118' title='bbox 219 1407 248 1452; x_wconf 90' lang='lat' dir='ltr'>et</span> <span class='ocrx_word' id='word_1_119' title='bbox 274 1397 381 1452; x_wconf 88' lang='lat' dir='ltr'>similes</span> <span class='ocrx_word' id='word_1_120' title='bbox 406 1395 599 1452; x_wconf 88' lang='lat' dir='ltr'>indicationes</span> <span class='ocrx_word' id='word_1_121' title='bbox 627 1398 711 1453; x_wconf 91' lang='lat' dir='ltr'>datae</span> <span class='ocrx_word' id='word_1_122' title='bbox 734 1412 802 1454; x_wconf 92' lang='lat' dir='ltr'>sunt</span> <span class='ocrx_word' id='word_1_123' title='bbox 826 1399 958 1456; x_wconf 90' lang='lat' dir='ltr'>eiusdem</span> <span class='ocrx_word' id='word_1_124' title='bbox 978 1394 1141 1453; x_wconf 89' lang='lat' dir='ltr'>Cardinalis</span> 
     </span>
     <span class='ocr_line' id='line_1_16' title="bbox 70 1462 1142 1542; baseline 0.005 -26"><span class='ocrx_word' id='word_1_125' title='bbox 70 1462 208 1542; x_wconf 85' lang='lat' dir='ltr'>Secretarii</span> <span class='ocrx_word' id='word_1_126' title='bbox 223 1469 320 1524; x_wconf 89' lang='lat' dir='ltr'>Status</span> <span class='ocrx_word' id='word_1_127' title='bbox 333 1468 435 1524; x_wconf 89' lang='lat' dir='ltr'>litteris</span> <span class='ocrx_word' id='word_1_128' title='bbox 450 1486 481 1522; x_wconf 84' lang='lat'>12</span> <span class='ocrx_word' id='word_1_129' title='bbox 491 1485 558 1539; x_wconf 91' lang='lat' dir='ltr'>aug.</span> <span class='ocrx_word' id='word_1_130' title='bbox 570 1468 607 1523; x_wconf 91' lang='lat' dir='ltr'>ad</span> <span class='ocrx_word' id='word_1_131' title='bbox 614 1469 720 1542; x_wconf 90' lang='lat' dir='ltr'>Episco</span> <span class='ocrx_word' id='word_1_132' title='bbox 743 1487 794 1525; x_wconf 94' lang='lat' dir='ltr'>um</span> <span class='ocrx_word' id='word_1_133' title='bbox 808 1469 1097 1535; x_wconf 86' lang='lat' dir='ltr'>Watersordiensem,</span> <span class='ocrx_word' id='word_1_134' title='bbox 1111 1467 1142 1521; x_wconf 91' lang='lat' dir='ltr'>in</span> 
     </span>
     <span class='ocr_line' id='line_1_17' title="bbox 73 1486 812 1612; baseline 0.015 -25"><span class='ocrx_word' id='word_1_135' title='bbox 73 1534 211 1607; x_wconf 82' lang='lat' dir='ltr'>Hibernia,</span> <span class='ocrx_word' id='word_1_136' title='bbox 225 1539 277 1611; x_wconf 94' lang='lat' dir='ltr'>qui</span> <span class='ocrx_word' id='word_1_137' title='bbox 291 1559 308 1610; x_wconf 88' lang='lat'>7</span> <span class='ocrx_word' id='word_1_138' title='bbox 322 1557 389 1612; x_wconf 90' lang='lat' dir='ltr'>aug.</span> <span class='ocrx_word' id='word_1_139' title='bbox 400 1539 497 1611; x_wconf 90' lang='lat' dir='ltr'>ipsum</span> <span class='ocrx_word' id='word_1_140' title='bbox 510 1539 620 1596; x_wconf 88' lang='lat' dir='ltr'>adierat</span> <span class='ocrx_word' id='word_1_141' title='bbox 634 1486 812 1598; x_wconf 70' lang='lat' dir='ltr'>consuitum.</span> 
     </span>
    </p>
   </div>
   <div class='ocr_carea' id='block_1_8' title="bbox 72 1617 1145 1910">
    <p class='ocr_par' dir='ltr' id='par_1_8' title="bbox 72 1617 1145 1910">
     <span class='ocr_line' id='line_1_18' title="bbox 100 1617 1144 1695; baseline 0.002 -24"><span class='ocrx_word' id='word_1_142' title='bbox 100 1617 120 1672; x_wconf 82' lang='lat'>3.</span> <span class='ocrx_word' id='word_1_143' title='bbox 135 1620 186 1676; x_wconf 86' lang='lat' dir='ltr'>Die</span> <span class='ocrx_word' id='word_1_144' title='bbox 200 1622 289 1676; x_wconf 90' lang='lat' dir='ltr'>etiam</span> <span class='ocrx_word' id='word_1_145' title='bbox 307 1624 335 1678; x_wconf 78' lang='lat'>13</span> <span class='ocrx_word' id='word_1_146' title='bbox 351 1622 521 1695; x_wconf 86' lang='lat' dir='ltr'>septembris</span> <span class='ocrx_word' id='word_1_147' title='bbox 547 1624 625 1694; x_wconf 80' lang='lat'>1905,</span> <span class='ocrx_word' id='word_1_148' title='bbox 647 1623 734 1679; x_wconf 89' lang='lat' dir='ltr'>Card.</span> <span class='ocrx_word' id='word_1_149' title='bbox 760 1625 940 1680; x_wconf 87' lang='lat' dir='ltr'>Secretarius</span> <span class='ocrx_word' id='word_1_150' title='bbox 961 1623 1058 1678; x_wconf 89' lang='lat' dir='ltr'>Status</span> <span class='ocrx_word' id='word_1_151' title='bbox 1081 1619 1144 1691; x_wconf 89' lang='lat' dir='ltr'>pari</span> 
     </span>
     <span class='ocr_line' id='line_1_19' title="bbox 72 1691 1143 1769; baseline 0.002 -27"><span class='ocrx_word' id='word_1_152' title='bbox 72 1702 176 1766; x_wconf 82' lang='lat' dir='ltr'>prorsus</span> <span class='ocrx_word' id='word_1_153' title='bbox 191 1694 281 1749; x_wconf 89' lang='lat' dir='ltr'>modo</span> <span class='ocrx_word' id='word_1_154' title='bbox 294 1693 441 1766; x_wconf 89' lang='lat' dir='ltr'>rescripsit</span> <span class='ocrx_word' id='word_1_155' title='bbox 451 1693 600 1748; x_wconf 89' lang='lat' dir='ltr'>Cardinali</span> <span class='ocrx_word' id='word_1_156' title='bbox 610 1695 769 1762; x_wconf 90' lang='lat' dir='ltr'>Goossens‚</span> <span class='ocrx_word' id='word_1_157' title='bbox 780 1695 1012 1769; x_wconf 88' lang='lat' dir='ltr'>Archiepiscopo</span> <span class='ocrx_word' id='word_1_158' title='bbox 1024 1691 1143 1747; x_wconf 90' lang='lat' dir='ltr'>Mechli-</span> 
     </span>
     <span class='ocr_line' id='line_1_20' title="bbox 73 1762 1145 1838; baseline 0.007 -28"><span class='ocrx_word' id='word_1_159' title='bbox 73 1763 153 1817; x_wconf 89' lang='lat' dir='ltr'>niensi</span> <span class='ocrx_word' id='word_1_160' title='bbox 178 1763 209 1818; x_wconf 90' lang='lat' dir='ltr'>in</span> <span class='ocrx_word' id='word_1_161' title='bbox 238 1764 348 1836; x_wconf 81' lang='lat' dir='ltr'>Belgio,</span> <span class='ocrx_word' id='word_1_162' title='bbox 368 1776 472 1820; x_wconf 90' lang='lat' dir='ltr'>votum</span> <span class='ocrx_word' id='word_1_163' title='bbox 494 1764 595 1820; x_wconf 90' lang='lat' dir='ltr'>Motus</span> <span class='ocrx_word' id='word_1_164' title='bbox 616 1765 728 1838; x_wconf 90' lang='lat' dir='ltr'>proprii</span> <span class='ocrx_word' id='word_1_165' title='bbox 750 1783 810 1822; x_wconf 91' lang='lat' dir='ltr'>non</span> <span class='ocrx_word' id='word_1_166' title='bbox 832 1783 894 1823; x_wconf 90' lang='lat' dir='ltr'>esse</span> <span class='ocrx_word' id='word_1_167' title='bbox 910 1766 977 1821; x_wconf 92' lang='lat' dir='ltr'>loco</span> <span class='ocrx_word' id='word_1_168' title='bbox 998 1762 1145 1837; x_wconf 90' lang='lat' dir='ltr'>praecepti</span> 
     </span>
     <span class='ocr_line' id='line_1_21' title="bbox 73 1827 899 1910; baseline 0.01 -26"><span class='ocrx_word' id='word_1_169' title='bbox 73 1827 237 1900; x_wconf 84' lang='lat' dir='ltr'>habendum,</span> <span class='ocrx_word' id='word_1_170' title='bbox 252 1837 437 1908; x_wconf 87' lang='lat' dir='ltr'>solutamque</span> <span class='ocrx_word' id='word_1_171' title='bbox 453 1835 602 1891; x_wconf 88' lang='lat' dir='ltr'>Ursulinis</span> <span class='ocrx_word' id='word_1_172' title='bbox 616 1838 724 1893; x_wconf 89' lang='lat' dir='ltr'>servari</span> <span class='ocrx_word' id='word_1_173' title='bbox 738 1839 899 1910; x_wconf 86' lang='lat' dir='ltr'>optionem.</span> 
     </span>
    </p>
   </div>
   <div class='ocr_carea' id='block_1_9' title="bbox 74 1917 1146 2059">
    <p class='ocr_par' dir='ltr' id='par_1_9' title="bbox 74 1917 1146 2059">
     <span class='ocr_line' id='line_1_22' title="bbox 100 1917 1145 1993; baseline -0.001 -23"><span class='ocrx_word' id='word_1_174' title='bbox 100 1932 124 1982; x_wconf 89' lang='lat'>4.</span> <span class='ocrx_word' id='word_1_175' title='bbox 138 1917 241 1989; x_wconf 92' lang='lat' dir='ltr'>Neque</span> <span class='ocrx_word' id='word_1_176' title='bbox 255 1918 338 1990; x_wconf 86' lang='lat' dir='ltr'>aliter</span> <span class='ocrx_word' id='word_1_177' title='bbox 351 1918 466 1990; x_wconf 89' lang='lat' dir='ltr'>aperuit</span> <span class='ocrx_word' id='word_1_178' title='bbox 478 1930 607 1973; x_wconf 86' lang='lat' dir='ltr'>mentem</span> <span class='ocrx_word' id='word_1_179' title='bbox 625 1935 708 1974; x_wconf 90' lang='lat' dir='ltr'>suam</span> <span class='ocrx_word' id='word_1_180' title='bbox 736 1919 870 1976; x_wconf 85' lang='lat' dir='ltr'>Pontifex</span> <span class='ocrx_word' id='word_1_181' title='bbox 886 1918 1034 1993; x_wconf 92' lang='lat' dir='ltr'>Episcopo</span> <span class='ocrx_word' id='word_1_182' title='bbox 1055 1919 1145 1972; x_wconf 88' lang='lat' dir='ltr'>Rure-</span> 
     </span>
     <span class='ocr_line' id='line_1_23' title="bbox 74 1987 1146 2059; baseline 0.006 -24"><span class='ocrx_word' id='word_1_183' title='bbox 74 1988 213 2044; x_wconf 87' lang='lat' dir='ltr'>mondensi</span> <span class='ocrx_word' id='word_1_184' title='bbox 238 1989 269 2044; x_wconf 90' lang='lat' dir='ltr'>in</span> <span class='ocrx_word' id='word_1_185' title='bbox 293 1989 463 2048; x_wconf 84' lang='lat' dir='ltr'>Hollandia&#39;.</span> <span class='ocrx_word' id='word_1_186' title='bbox 479 1992 508 2044; x_wconf 98' lang='lat' dir='ltr'>ls</span> <span class='ocrx_word' id='word_1_187' title='bbox 522 2001 631 2059; x_wconf 88' lang='lat' dir='ltr'>tamen,</span> <span class='ocrx_word' id='word_1_188' title='bbox 646 1990 749 2047; x_wconf 89' lang='lat' dir='ltr'>litteris</span> <span class='ocrx_word' id='word_1_189' title='bbox 770 1991 829 2047; x_wconf 94' lang='lat' dir='ltr'>suis</span> <span class='ocrx_word' id='word_1_190' title='bbox 854 1993 870 2047; x_wconf 84' lang='lat'><em>8</em></span> <span class='ocrx_word' id='word_1_191' title='bbox 890 1991 999 2048; x_wconf 88' lang='lat' dir='ltr'>mensis</span> <span class='ocrx_word' id='word_1_192' title='bbox 1025 1987 1146 2045; x_wconf 90' lang='lat' dir='ltr'>huiusce</span> 
     </span>
    </p>
   </div>
   <div class='ocr_carea' id='block_1_10' title="bbox 74 2054 1211 2142">
    <p class='ocr_par' dir='ltr' id='par_1_10' title="bbox 74 2054 1211 2142">
     <span class='ocr_line' id='line_1_24' title="bbox 74 2054 1211 2142; baseline 0.005 -34"><span class='ocrx_word' id='word_1_193' title='bbox 74 2058 194 2127; x_wconf 69' lang='lat' dir='ltr'>octobris</span> <span class='ocrx_word' id='word_1_194' title='bbox 218 2061 306 2116; x_wconf 92' lang='lat' dir='ltr'>simul</span> <span class='ocrx_word' id='word_1_195' title='bbox 329 2054 477 2129; x_wconf 81' lang='lat' dir='ltr'>addidit„</span> <span class='ocrx_word' id='word_1_196' title='bbox 497 2061 687 2117; x_wconf 89' lang='lat' dir='ltr'>Sanctissimo</span> <span class='ocrx_word' id='word_1_197' title='bbox 716 2063 1079 2142; x_wconf 29' lang='lat' dir='ltr'>Domino-opportunum,</span> <span class='ocrx_word' id='word_1_198' title='bbox 1109 2075 1147 2114; x_wconf 91' lang='lat' dir='ltr'>ne</span> <span class='ocrx_word' id='word_1_199' title='bbox 1207 2054 1211 2062; x_wconf 83' lang='lat'>&#39;</span> 
     </span>
    </p>
   </div>
   <div class='ocr_carea' id='block_1_11' title="bbox 74 2123 1150 2719">
    <p class='ocr_par' dir='ltr' id='par_1_11' title="bbox 74 2123 1147 2349">
     <span class='ocr_line' id='line_1_25' title="bbox 74 2123 1147 2202; baseline 0.003 -21"><span class='ocrx_word' id='word_1_200' title='bbox 74 2123 171 2184; x_wconf 88' lang='lat' dir='ltr'>dicatur</span> <span class='ocrx_word' id='word_1_201' title='bbox 184 2133 390 2200; x_wconf 91' lang='lat' dir='ltr'>necessarium,</span> <span class='ocrx_word' id='word_1_202' title='bbox 402 2132 502 2202; x_wconf 91' lang='lat' dir='ltr'>videri,</span> <span class='ocrx_word' id='word_1_203' title='bbox 517 2133 541 2187; x_wconf 89' lang='lat' dir='ltr'>si</span> <span class='ocrx_word' id='word_1_204' title='bbox 553 2132 761 2188; x_wconf 88' lang='lat' dir='ltr'>Ursulinarum</span> <span class='ocrx_word' id='word_1_205' title='bbox 771 2145 964 2190; x_wconf 80' lang='lat' dir='ltr'>constituatur</span> <span class='ocrx_word' id='word_1_206' title='bbox 977 2133 1147 2188; x_wconf 89' lang='lat' dir='ltr'>dioecesana</span> 
     </span>
     <span class='ocr_line' id='line_1_26' title="bbox 76 2197 1147 2278; baseline 0.008 -31"><span class='ocrx_word' id='word_1_207' title='bbox 76 2197 113 2250; x_wconf 91' lang='lat' dir='ltr'>vel</span> <span class='ocrx_word' id='word_1_208' title='bbox 137 2202 290 2274; x_wconf 90' lang='lat' dir='ltr'>regionalis</span> <span class='ocrx_word' id='word_1_209' title='bbox 318 2204 531 2276; x_wconf 89' lang='lat' dir='ltr'>Congregatio;</span> <span class='ocrx_word' id='word_1_210' title='bbox 560 2203 648 2275; x_wconf 91' lang='lat' dir='ltr'>idque</span> <span class='ocrx_word' id='word_1_211' title='bbox 678 2217 829 2278; x_wconf 88' lang='lat' dir='ltr'>tamquam</span> <span class='ocrx_word' id='word_1_212' title='bbox 850 2205 1012 2261; x_wconf 83' lang='lat' dir='ltr'>formaliter</span> <span class='ocrx_word' id='word_1_213' title='bbox 1034 2217 1147 2276; x_wconf 87' lang='lat' dir='ltr'>expres·</span> 
     </span>
     <span class='ocr_line' id='line_1_27' title="bbox 78 2272 870 2349; baseline 0.011 -25"><span class='ocrx_word' id='word_1_214' title='bbox 78 2281 130 2324; x_wconf 78' lang='lat' dir='ltr'>sam</span> <span class='ocrx_word' id='word_1_215' title='bbox 142 2272 292 2331; x_wconf 88' lang='lat' dir='ltr'>Pontificis</span> <span class='ocrx_word' id='word_1_216' title='bbox 305 2277 484 2331; x_wconf 91' lang='lat' dir='ltr'>voluntatem</span> <span class='ocrx_word' id='word_1_217' title='bbox 496 2275 709 2332; x_wconf 88' lang='lat' dir='ltr'>communicari</span> <span class='ocrx_word' id='word_1_218' title='bbox 718 2294 813 2349; x_wconf 91' lang='lat' dir='ltr'>posse.</span> <span class='ocrx_word' id='word_1_219' title='bbox 865 2309 870 2316; x_wconf 92' lang='lat'><em>-</em></span> 
     </span>
    </p>

    <p class='ocr_par' dir='ltr' id='par_1_12' title="bbox 76 2352 1150 2719">
     <span class='ocr_line' id='line_1_28' title="bbox 79 2352 1148 2432; baseline -0.003 -21"><span class='ocrx_word' id='word_1_220' title='bbox 79 2418 83 2425; x_wconf 35' lang='lat'>¹</span> <span class='ocrx_word' id='word_1_221' title='bbox 108 2352 150 2409; x_wconf 93' lang='lat' dir='ltr'>lV.</span> <span class='ocrx_word' id='word_1_222' title='bbox 164 2357 247 2425; x_wconf 89' lang='lat' dir='ltr'>Quae</span> <span class='ocrx_word' id='word_1_223' title='bbox 263 2375 351 2414; x_wconf 90' lang='lat' dir='ltr'>causa</span> <span class='ocrx_word' id='word_1_224' title='bbox 373 2375 440 2414; x_wconf 89' lang='lat' dir='ltr'>cum</span> <span class='ocrx_word' id='word_1_225' title='bbox 463 2358 521 2414; x_wconf 91' lang='lat' dir='ltr'>hoc</span> <span class='ocrx_word' id='word_1_226' title='bbox 540 2358 630 2414; x_wconf 92' lang='lat' dir='ltr'>modo</span> <span class='ocrx_word' id='word_1_227' title='bbox 642 2358 786 2432; x_wconf 90' lang='lat' dir='ltr'>dirempta</span> <span class='ocrx_word' id='word_1_228' title='bbox 799 2359 941 2428; x_wconf 89' lang='lat' dir='ltr'>videatur,</span> <span class='ocrx_word' id='word_1_229' title='bbox 961 2368 1048 2414; x_wconf 88' lang='lat' dir='ltr'>restat</span> <span class='ocrx_word' id='word_1_230' title='bbox 1071 2369 1104 2411; x_wconf 93' lang='lat' dir='ltr'>ut</span> <span class='ocrx_word' id='word_1_231' title='bbox 1118 2355 1148 2409; x_wconf 90' lang='lat' dir='ltr'>in</span> 
     </span>
     <span class='ocr_line' id='line_1_29' title="bbox 76 2427 1149 2512; baseline -0.002 -29"><span class='ocrx_word' id='word_1_232' title='bbox 76 2437 131 2491; x_wconf 77' lang='lat' dir='ltr'>lpso</span> <span class='ocrx_word' id='word_1_233' title='bbox 144 2427 225 2507; x_wconf 83' lang='lat' dir='ltr'>Motu</span> <span class='ocrx_word' id='word_1_234' title='bbox 247 2429 372 2512; x_wconf 90' lang='lat' dir='ltr'>Proprio</span> <span class='ocrx_word' id='word_1_235' title='bbox 386 2431 403 2487; x_wconf 91' lang='lat'>8</span> <span class='ocrx_word' id='word_1_236' title='bbox 417 2429 486 2485; x_wconf 87' lang='lat' dir='ltr'>maii</span> <span class='ocrx_word' id='word_1_237' title='bbox 509 2430 574 2504; x_wconf 77' lang='lat'>1905</span> <span class='ocrx_word' id='word_1_238' title='bbox 588 2443 749 2487; x_wconf 89' lang='lat' dir='ltr'>memorata</span> <span class='ocrx_word' id='word_1_239' title='bbox 771 2442 835 2487; x_wconf 88' lang='lat' dir='ltr'>acta</span> <span class='ocrx_word' id='word_1_240' title='bbox 848 2431 896 2488; x_wconf 92' lang='lat' dir='ltr'>hic</span> <span class='ocrx_word' id='word_1_241' title='bbox 908 2430 1096 2499; x_wconf 88' lang='lat' dir='ltr'>subiciamus,</span> <span class='ocrx_word' id='word_1_242' title='bbox 1119 2427 1149 2506; x_wconf 87' lang='lat' dir='ltr'>id</span> 
     </span>
     <span class='ocr_line' id='line_1_30' title="bbox 78 2496 1150 2628; baseline 0 -76"><span class='ocrx_word' id='word_1_243' title='bbox 78 2505 122 2563; x_wconf 85' lang='lat' dir='ltr'>est,</span> <span class='ocrx_word' id='word_1_244' title='bbox 136 2496 239 2556; x_wconf 87' lang='lat' dir='ltr'>litteras</span> <span class='ocrx_word' id='word_1_245' title='bbox 259 2520 290 2556; x_wconf 88' lang='lat'>21</span> <span class='ocrx_word' id='word_1_246' title='bbox 312 2502 376 2558; x_wconf 89' lang='lat' dir='ltr'>iulii</span> <span class='ocrx_word' id='word_1_247' title='bbox 394 2504 470 2575; x_wconf 82' lang='lat'>1899,</span> <span class='ocrx_word' id='word_1_248' title='bbox 485 2519 558 2573; x_wconf 89' lang='lat' dir='ltr'>quas</span> <span class='ocrx_word' id='word_1_249' title='bbox 572 2501 729 2558; x_wconf 86' lang='lat' dir='ltr'>referemus</span> <span class='ocrx_word' id='word_1_250' title='bbox 747 2515 781 2557; x_wconf 92' lang='lat' dir='ltr'>ut</span> <span class='ocrx_word' id='word_1_251' title='bbox 799 2502 903 2628; x_wconf 67' lang='lat' dir='ltr'>gallice</span> <span class='ocrx_word' id='word_1_252' title='bbox 925 2514 1008 2558; x_wconf 87' lang='lat' dir='ltr'>erant</span> <span class='ocrx_word' id='word_1_253' title='bbox 1024 2516 1150 2558; x_wconf 89' lang='lat' dir='ltr'>conscri-</span> 
     </span>
     <span class='ocr_line' id='line_1_31' title="bbox 78 2571 1150 2648; baseline 0.004 -27"><span class='ocrx_word' id='word_1_254' title='bbox 78 2575 143 2636; x_wconf 84' lang='lat' dir='ltr'>ptae,</span> <span class='ocrx_word' id='word_1_255' title='bbox 156 2583 183 2625; x_wconf 89' lang='lat' dir='ltr'>et</span> <span class='ocrx_word' id='word_1_256' title='bbox 203 2573 353 2629; x_wconf 88' lang='lat' dir='ltr'>decretum</span> <span class='ocrx_word' id='word_1_257' title='bbox 373 2574 403 2632; x_wconf 86' lang='lat' dir='ltr'>S.</span> <span class='ocrx_word' id='word_1_258' title='bbox 420 2576 453 2629; x_wconf 88' lang='lat' dir='ltr'>C.</span> <span class='ocrx_word' id='word_1_259' title='bbox 478 2573 575 2645; x_wconf 88' lang='lat' dir='ltr'>Episc.</span> <span class='ocrx_word' id='word_1_260' title='bbox 589 2584 618 2629; x_wconf 91' lang='lat' dir='ltr'>et</span> <span class='ocrx_word' id='word_1_261' title='bbox 632 2575 702 2646; x_wconf 83' lang='lat' dir='ltr'>Reg.</span> <span class='ocrx_word' id='word_1_262' title='bbox 721 2593 752 2645; x_wconf 90' lang='lat'>17</span> <span class='ocrx_word' id='word_1_263' title='bbox 767 2573 798 2629; x_wconf 90' lang='lat' dir='ltr'>iu</span> <span class='ocrx_word' id='word_1_264' title='bbox 808 2574 830 2629; x_wconf 93' lang='lat' dir='ltr'>ii</span> <span class='ocrx_word' id='word_1_265' title='bbox 846 2575 925 2648; x_wconf 83' lang='lat'>1903.</span> <span class='ocrx_word' id='word_1_266' title='bbox 947 2574 1035 2642; x_wconf 89' lang='lat' dir='ltr'>Quod</span> <span class='ocrx_word' id='word_1_267' title='bbox 1052 2571 1150 2627; x_wconf 90' lang='lat' dir='ltr'>statim</span> 
     </span>
     <span class='ocr_line' id='line_1_32' title="bbox 78 2644 585 2719; baseline 0.018 -28"><span class='ocrx_word' id='word_1_268' title='bbox 78 2650 242 2704; x_wconf 86' lang='lat' dir='ltr'>praestamus</span> <span class='ocrx_word' id='word_1_269' title='bbox 262 2644 294 2699; x_wconf 92' lang='lat' dir='ltr'>in</span> <span class='ocrx_word' id='word_1_270' title='bbox 304 2646 438 2719; x_wconf 87' lang='lat' dir='ltr'>proximo</span> <span class='ocrx_word' id='word_1_271' title='bbox 451 2645 585 2700; x_wconf 89' lang='lat' dir='ltr'>articulo.</span> 
     </span>
    </p>
   </div>
   <div class='ocr_carea' id='block_1_12' title="bbox 448 2800 762 2807">
    <p class='ocr_par' dir='ltr' id='par_1_13' title="bbox 448 2800 762 2807">
     <span class='ocr_line' id='line_1_33' title="bbox 448 2800 762 2807; baseline -0.006 0"><span class='ocrx_word' id='word_1_272' title='bbox 448 2800 762 2807; x_wconf 76' lang='lat'><em>.-—-——-—--——..-—.</em></span> 
     </span>
    </p>
   </div>
   <div class='ocr_carea' id='block_1_13' title="bbox 159 2917 1067 3004">
    <p class='ocr_par' dir='ltr' id='par_1_14' title="bbox 159 2917 1067 3004">
     <span class='ocr_line' id='line_1_34' title="bbox 159 2917 1067 3004; baseline -0.007 -7"><span class='ocrx_word' id='word_1_273' title='bbox 159 2917 224 3000; x_wconf 83' lang='lat'>65.</span> <span class='ocrx_word' id='word_1_274' title='bbox 242 2965 283 2973; x_wconf 98' lang='lat'>—</span> <span class='ocrx_word' id='word_1_275' title='bbox 307 2925 343 2995; x_wconf 77' lang='lat'>8.</span> <span class='ocrx_word' id='word_1_276' title='bbox 367 2924 404 2995; x_wconf 81' lang='grc' dir='ltr'>ῧ.</span> <span class='ocrx_word' id='word_1_277' title='bbox 434 2924 711 3004; x_wconf 75' lang='grc' dir='ltr'><strong>ΕΡΙὸῧθΡῦΒΙΙΜ</strong></span> <span class='ocrx_word' id='word_1_278' title='bbox 738 2925 790 2994; x_wconf 89' lang='grc' dir='ltr'>ΕΤ</span> <span class='ocrx_word' id='word_1_279' title='bbox 817 2923 1067 2995; x_wconf 73' lang='lat' dir='ltr'>aetuttniuli</span> 
     </span>
    </p>
   </div>
   <div class='ocr_carea' id='block_1_14' title="bbox 83 3080 1172 3156">
    <p class='ocr_par' dir='ltr' id='par_1_15' title="bbox 83 3080 1172 3156">
     <span class='ocr_line' id='line_1_35' title="bbox 83 3080 1172 3156; baseline 0.002 -8"><span class='ocrx_word' id='word_1_280' title='bbox 83 3097 271 3156; x_wconf 74' lang='lat' dir='ltr'><strong><em>LITTERAE</em></strong></span> <span class='ocrx_word' id='word_1_281' title='bbox 294 3102 333 3155; x_wconf 85' lang='lat'>21</span> <span class='ocrx_word' id='word_1_282' title='bbox 351 3101 454 3155; x_wconf 86' lang='lat' dir='ltr'><em>IULII</em></span> <span class='ocrx_word' id='word_1_283' title='bbox 476 3101 557 3155; x_wconf 85' lang='lat'><em>1899</em></span> <span class='ocrx_word' id='word_1_284' title='bbox 579 3102 636 3155; x_wconf 84' lang='grc' dir='ltr'>ΕΤ</span> <span class='ocrx_word' id='word_1_285' title='bbox 653 3098 929 3155; x_wconf 80' lang='lat' dir='ltr'><strong><em>DECRETUM17</em></strong></span> <span class='ocrx_word' id='word_1_286' title='bbox 948 3098 1050 3152; x_wconf 85' lang='lat' dir='ltr'><strong><em>IULII</em></strong></span> <span class='ocrx_word' id='word_1_287' title='bbox 1072 3080 1172 3151; x_wconf 80' lang='lat'><strong><em>1903&#39;</em></strong></span> 
     </span>
    </p>
   </div>
   <div class='ocr_carea' id='block_1_15' title="bbox 227 3248 1002 3319">
    <p class='ocr_par' dir='ltr' id='par_1_16' title="bbox 227 3248 1002 3319">
     <span class='ocr_line' id='line_1_36' title="bbox 227 3248 1002 3319; baseline -0.001 -15"><span class='ocrx_word' id='word_1_288' title='bbox 227 3250 281 3305; x_wconf 84' lang='lat' dir='ltr'>De</span> <span class='ocrx_word' id='word_1_289' title='bbox 302 3249 480 3306; x_wconf 81' lang='lat' dir='ltr'>Ursulinis</span> <span class='ocrx_word' id='word_1_290' title='bbox 498 3251 536 3305; x_wconf 86' lang='lat' dir='ltr'>in</span> <span class='ocrx_word' id='word_1_291' title='bbox 556 3264 663 3306; x_wconf 81' lang='lat' dir='ltr'>unum</span> <span class='ocrx_word' id='word_1_292' title='bbox 683 3262 811 3319; x_wconf 81' lang='lat' dir='ltr'>corpus</span> <span class='ocrx_word' id='word_1_293' title='bbox 830 3248 1002 3319; x_wconf 81' lang='lat' dir='ltr'>cogendis</span> 
     </span>
    </p>
   </div>
   <div class='ocr_carea' id='block_1_16' title="bbox 118 3408 1041 3601">
    <p class='ocr_par' dir='ltr' id='par_1_17' title="bbox 118 3408 1041 3601">
     <span class='ocr_line' id='line_1_37' title="bbox 118 3408 512 3481; baseline 0.02 -22"><span class='ocrx_word' id='word_1_294' title='bbox 118 3408 148 3462; x_wconf 82' lang='grc' dir='ltr'>Α.</span> <span class='ocrx_word' id='word_1_295' title='bbox 166 3410 295 3467; x_wconf 86' lang='lat' dir='ltr'>Litterae</span> <span class='ocrx_word' id='word_1_296' title='bbox 307 3427 343 3465; x_wconf 83' lang='lat'>21</span> <span class='ocrx_word' id='word_1_297' title='bbox 356 3410 410 3465; x_wconf 85' lang='lat' dir='ltr'>iul.</span> <span class='ocrx_word' id='word_1_298' title='bbox 425 3413 512 3481; x_wconf 84' lang='lat'><strong><em>1899.-</em></strong></span> 
     </span>
     <span class='ocr_line' id='line_1_38' title="bbox 181 3513 1041 3601; baseline 0 -18"><span class='ocrx_word' id='word_1_299' title='bbox 181 3513 360 3585; x_wconf 84' lang='lat' dir='ltr'>E&#39;minence1</span> <span class='ocrx_word' id='word_1_300' title='bbox 376 3530 623 3588; x_wconf 76' lang='lat' dir='ltr'>Reverendissime</span> <span class='ocrx_word' id='word_1_301' title='bbox 636 3541 665 3586; x_wconf 90' lang='lat' dir='ltr'>et</span> <span class='ocrx_word' id='word_1_302' title='bbox 676 3531 748 3585; x_wconf 79' lang='lat' dir='ltr'>Tres</span> <span class='ocrx_word' id='word_1_303' title='bbox 761 3530 875 3585; x_wconf 76' lang='lat' dir='ltr'>Venere</span> <span class='ocrx_word' id='word_1_304' title='bbox 891 3528 1041 3601; x_wconf 85' lang='lat' dir='ltr'>Seigneur,</span> 
     </span>
    </p>
   </div>
   <div class='ocr_carea' id='block_1_17' title="bbox 88 3645 1159 4009">
    <p class='ocr_par' dir='ltr' id='par_1_18' title="bbox 88 3645 1159 4009">
     <span class='ocr_line' id='line_1_39' title="bbox 122 3645 1157 3725; baseline 0.006 -28"><span class='ocrx_word' id='word_1_305' title='bbox 122 3645 207 3704; x_wconf 85' lang='lat' dir='ltr'>Parmi</span> <span class='ocrx_word' id='word_1_306' title='bbox 218 3651 259 3707; x_wconf 94' lang='lat' dir='ltr'>les</span> <span class='ocrx_word' id='word_1_307' title='bbox 282 3651 414 3707; x_wconf 90' lang='lat' dir='ltr'>Instituts</span> <span class='ocrx_word' id='word_1_308' title='bbox 436 3652 586 3723; x_wconf 85' lang='lat' dir='ltr'>Religieux</span> <span class='ocrx_word' id='word_1_309' title='bbox 605 3652 745 3725; x_wconf 84' lang='lat' dir='ltr'>auxquels</span> <span class='ocrx_word' id='word_1_310' title='bbox 769 3670 785 3706; x_wconf 89' lang='lat' dir='ltr'>a</span> <span class='ocrx_word' id='word_1_311' title='bbox 806 3652 850 3707; x_wconf 76' lang='lat' dir='ltr'>ete</span> <span class='ocrx_word' id='word_1_312' title='bbox 863 3650 985 3720; x_wconf 80' lang='lat' dir='ltr'>confiee‚</span> <span class='ocrx_word' id='word_1_313' title='bbox 1000 3667 1069 3705; x_wconf 93' lang='lat' dir='ltr'>avec</span> <span class='ocrx_word' id='word_1_314' title='bbox 1090 3649 1157 3721; x_wconf 89' lang='lat' dir='ltr'>l’ap-</span> 
     </span>
     <span class='ocr_line' id='line_1_40' title="bbox 88 3717 1155 3797; baseline 0.005 -27"><span class='ocrx_word' id='word_1_315' title='bbox 88 3717 227 3783; x_wconf 88' lang='lat' dir='ltr'>probation</span> <span class='ocrx_word' id='word_1_316' title='bbox 236 3725 276 3777; x_wconf 91' lang='lat' dir='ltr'>du</span> <span class='ocrx_word' id='word_1_317' title='bbox 292 3724 376 3795; x_wconf 78' lang='lat' dir='ltr'>Siege</span> <span class='ocrx_word' id='word_1_318' title='bbox 386 3724 579 3797; x_wconf 88' lang='lat' dir='ltr'>Apostolique</span> <span class='ocrx_word' id='word_1_319' title='bbox 592 3738 620 3779; x_wconf 91' lang='lat' dir='ltr'>et</span> <span class='ocrx_word' id='word_1_320' title='bbox 632 3741 701 3779; x_wconf 92' lang='lat' dir='ltr'>sous</span> <span class='ocrx_word' id='word_1_321' title='bbox 711 3724 739 3778; x_wconf 91' lang='lat' dir='ltr'>la</span> <span class='ocrx_word' id='word_1_322' title='bbox 750 3722 940 3779; x_wconf 88' lang='lat' dir='ltr'>surveillance</span> <span class='ocrx_word' id='word_1_323' title='bbox 952 3723 1002 3778; x_wconf 90' lang='lat' dir='ltr'>des</span> <span class='ocrx_word' id='word_1_324' title='bbox 1013 3722 1155 3791; x_wconf 70' lang='lat' dir='ltr'>Eveques</span> 
     </span>
     <span class='ocr_line' id='line_1_41' title="bbox 90 3784 1158 3869; baseline 0.004 -28"><span class='ocrx_word' id='word_1_325' title='bbox 90 3784 125 3864; x_wconf 31' lang='lat' dir='ltr'>la·</span> <span class='ocrx_word' id='word_1_326' title='bbox 136 3792 212 3849; x_wconf 91' lang='lat' dir='ltr'>noble</span> <span class='ocrx_word' id='word_1_327' title='bbox 233 3794 317 3850; x_wconf 75' lang='lat' dir='ltr'>tache</span> <span class='ocrx_word' id='word_1_328' title='bbox 338 3794 461 3850; x_wconf 76' lang='lat' dir='ltr'>d’elever</span> <span class='ocrx_word' id='word_1_329' title='bbox 481 3795 523 3851; x_wconf 93' lang='lat' dir='ltr'>les</span> <span class='ocrx_word' id='word_1_330' title='bbox 543 3794 645 3869; x_wconf 81' lang='lat' dir='ltr'>jeunes</span> <span class='ocrx_word' id='word_1_331' title='bbox 667 3794 741 3850; x_wconf 89' lang='lat' dir='ltr'>filles</span> <span class='ocrx_word' id='word_1_332' title='bbox 756 3794 828 3849; x_wconf 87' lang='lat' dir='ltr'>dans</span> <span class='ocrx_word' id='word_1_333' title='bbox 851 3794 879 3848; x_wconf 89' lang='lat' dir='ltr'>la</span> <span class='ocrx_word' id='word_1_334' title='bbox 900 3794 977 3867; x_wconf 74' lang='lat' dir='ltr'>piete</span> <span class='ocrx_word' id='word_1_335' title='bbox 997 3804 1026 3848; x_wconf 90' lang='lat' dir='ltr'>et</span> <span class='ocrx_word' id='word_1_336' title='bbox 1040 3793 1112 3847; x_wconf 90' lang='lat' dir='ltr'>dans</span> <span class='ocrx_word' id='word_1_337' title='bbox 1130 3792 1158 3846; x_wconf 93' lang='lat' dir='ltr'>la</span> 
     </span>
     <span class='ocr_line' id='line_1_42' title="bbox 90 3864 1159 3939; baseline 0.008 -31"><span class='ocrx_word' id='word_1_338' title='bbox 90 3870 197 3931; x_wconf 83' lang='lat' dir='ltr'>science,</span> <span class='ocrx_word' id='word_1_339' title='bbox 210 3882 238 3921; x_wconf 88' lang='lat' dir='ltr'>se</span> <span class='ocrx_word' id='word_1_340' title='bbox 257 3866 403 3937; x_wconf 84' lang='lat' dir='ltr'>distingue</span> <span class='ocrx_word' id='word_1_341' title='bbox 423 3882 485 3921; x_wconf 93' lang='lat' dir='ltr'>non</span> <span class='ocrx_word' id='word_1_342' title='bbox 508 3868 605 3922; x_wconf 90' lang='lat' dir='ltr'>moins</span> <span class='ocrx_word' id='word_1_343' title='bbox 625 3884 677 3939; x_wconf 90' lang='lat' dir='ltr'>par</span> <span class='ocrx_word' id='word_1_344' title='bbox 698 3883 753 3921; x_wconf 91' lang='lat' dir='ltr'>son</span> <span class='ocrx_word' id='word_1_345' title='bbox 774 3864 946 3921; x_wconf 75' lang='lat' dir='ltr'>anciennete</span> <span class='ocrx_word' id='word_1_346' title='bbox 970 3881 1027 3936; x_wconf 88' lang='lat' dir='ltr'>que</span> <span class='ocrx_word' id='word_1_347' title='bbox 1050 3879 1101 3935; x_wconf 86' lang='lat' dir='ltr'>par</span> <span class='ocrx_word' id='word_1_348' title='bbox 1114 3878 1159 3918; x_wconf 89' lang='lat' dir='ltr'>ses</span> 
     </span>
     <span class='ocr_line' id='line_1_43' title="bbox 91 3933 1157 4009; baseline 0.008 -30"><span class='ocrx_word' id='word_1_349' title='bbox 91 3942 176 3988; x_wconf 86' lang='lat' dir='ltr'>vertus</span> <span class='ocrx_word' id='word_1_350' title='bbox 187 3949 212 3991; x_wconf 92' lang='lat' dir='ltr'>et</span> <span class='ocrx_word' id='word_1_351' title='bbox 224 3954 268 3992; x_wconf 90' lang='lat' dir='ltr'>ses</span> <span class='ocrx_word' id='word_1_352' title='bbox 279 3938 407 4006; x_wconf 74' lang='lat' dir='ltr'>mentes,</span> <span class='ocrx_word' id='word_1_353' title='bbox 421 3938 534 3993; x_wconf 91' lang='lat' dir='ltr'>l&#39;Ordre</span> <span class='ocrx_word' id='word_1_354' title='bbox 555 3939 605 3994; x_wconf 91' lang='lat' dir='ltr'>des</span> <span class='ocrx_word' id='word_1_355' title='bbox 627 3937 813 4009; x_wconf 86' lang='lat' dir='ltr'>Religieuses,</span> <span class='ocrx_word' id='word_1_356' title='bbox 830 3935 903 3992; x_wconf 89' lang='lat' dir='ltr'>dites</span> <span class='ocrx_word' id='word_1_357' title='bbox 925 3937 960 3992; x_wconf 88' lang='lat' dir='ltr'>de</span> <span class='ocrx_word' id='word_1_358' title='bbox 983 3936 1025 3989; x_wconf 73' lang='lat' dir='ltr'>Stt</span> <span class='ocrx_word' id='word_1_359' title='bbox 1040 3933 1157 3989; x_wconf 86' lang='lat' dir='ltr'>Ursule.</span> 
     </span>
    </p>
   </div>
   <div class='ocr_carea' id='block_1_18' title="bbox 98 4171 1160 4310">
    <p class='ocr_par' dir='ltr' id='par_1_19' title="bbox 98 4171 1160 4310">
     <span class='ocr_line' id='line_1_44' title="bbox 119 4171 1160 4241; baseline -0.003 -14"><span class='ocrx_word' id='word_1_360' title='bbox 119 4178 161 4227; x_wconf 71' lang='lat' dir='ltr'>lii</span> <span class='ocrx_word' id='word_1_361' title='bbox 178 4183 229 4231; x_wconf 89' lang='lat' dir='ltr'>Son</span> <span class='ocrx_word' id='word_1_362' title='bbox 249 4171 400 4233; x_wconf 72' lang='lat' dir='ltr'>Eminence</span> <span class='ocrx_word' id='word_1_363' title='bbox 418 4185 443 4232; x_wconf 94' lang='lat' dir='ltr'>le</span> <span class='ocrx_word' id='word_1_364' title='bbox 463 4182 593 4233; x_wconf 86' lang='lat' dir='ltr'>cardinal</span> <span class='ocrx_word' id='word_1_365' title='bbox 614 4184 760 4241; x_wconf 87' lang='lat' dir='ltr'>Goossens‚</span> <span class='ocrx_word' id='word_1_366' title='bbox 783 4180 962 4241; x_wconf 80' lang='lat' dir='ltr'>Archeveque</span> <span class='ocrx_word' id='word_1_367' title='bbox 981 4178 1015 4226; x_wconf 86' lang='lat' dir='ltr'>de</span> <span class='ocrx_word' id='word_1_368' title='bbox 1033 4176 1160 4227; x_wconf 83' lang='lat' dir='ltr'>Malines.</span> 
     </span>
     <span class='ocr_line' id='line_1_45' title="bbox 98 4240 750 4310; baseline 0 -11"><span class='ocrx_word' id='word_1_369' title='bbox 98 4240 148 4292; x_wconf 64' lang='lat'>1100</span> <span class='ocrx_word' id='word_1_370' title='bbox 157 4250 223 4299; x_wconf 85' lang='lat' dir='ltr'>enim</span> <span class='ocrx_word' id='word_1_371' title='bbox 232 4249 413 4299; x_wconf 79' lang='lat' dir='ltr'>exscribimus</span> <span class='ocrx_word' id='word_1_372' title='bbox 422 4250 577 4299; x_wconf 87' lang='lat' dir='ltr'>litterarum</span> <span class='ocrx_word' id='word_1_373' title='bbox 587 4252 750 4310; x_wconf 88' lang='lat' dir='ltr'>exemplum.</span> 
     </span>
    </p>
   </div>
   <div class='ocr_carea' id='block_1_19' title="bbox 1211 3665 1360 3943">
    <p class='ocr_par' dir='ltr' id='par_1_20' title="bbox 1211 3665 1360 3943">
     <span class='ocr_line' id='line_1_46' title="bbox 1239 3665 1360 3712; baseline -0.033 0"><span class='ocrx_word' id='word_1_374' title='bbox 1239 3665 1328 3712; x_wconf 81' lang='lat' dir='ltr'>Munus</span> <span class='ocrx_word' id='word_1_375' title='bbox 1339 3668 1360 3709; x_wconf 78' lang='lat' dir='ltr'>el</span> 
     </span>
     <span class='ocr_line' id='line_1_47' title="bbox 1211 3722 1326 3771; baseline -0.017 -2"><span class='ocrx_word' id='word_1_376' title='bbox 1211 3722 1326 3771; x_wconf 76' lang='lat' dir='ltr'>nobilitas</span> 
     </span>
     <span class='ocr_line' id='line_1_48' title="bbox 1212 3780 1323 3827; baseline -0.018 0"><span class='ocrx_word' id='word_1_377' title='bbox 1212 3780 1323 3827; x_wconf 76' lang='lat' dir='ltr'>instituti</span> 
     </span>
     <span class='ocr_line' id='line_1_49' title="bbox 1214 3836 1342 3884; baseline 0 -1"><span class='ocrx_word' id='word_1_378' title='bbox 1214 3836 1342 3884; x_wconf 80' lang='lat' dir='ltr'>Ursulina-</span> 
     </span>
     <span class='ocr_line' id='line_1_50' title="bbox 1212 3909 1274 3943; baseline 0.048 -3"><span class='ocrx_word' id='word_1_379' title='bbox 1212 3909 1274 3943; x_wconf 72' lang='lat' dir='ltr'>riom.</span> 
     </span>
    </p>
   </div>
   <div class='ocr_carea' id='block_1_20' title="bbox 0 0 1515 4900">
    <p class='ocr_par' dir='ltr' id='par_1_21' title="bbox 0 0 1515 4900">
     <span class='ocr_line' id='line_1_51' title="bbox 0 0 1515 4900; baseline 0 0"><span class='ocrx_word' id='word_1_380' title='bbox 0 0 1515 4900; x_wconf 95' lang='lat' dir='ltr'> </span> 
     </span>
    </p>
   </div>
  </div>
 </body>
</html>
