2959 4900
133 2517 221 2564 Cuma.

132 3398 191 3445 Dies
204 3401 242 3457 (12

103 3462 173 3505 mart.
183 3458 261 3516 1904).

118 3553 261 3603 Annotatt'o.

320 375 378 436 illll
771 401 951 441 monumenta

318 538 467 610 Superior,
483 551 600 612 possent
623 543 711 596 ambo
733 543 913 598 confratrum
934 557 962 599 et
986 543 1172 600 alumnorum
1198 544 1386 600 Conlessiones

317 609 458 682 excipere,
470 611 542 667 haec
552 612 702 685 respondit
713 633 720 670 t

353 714 370 744 «
380 695 522 749 Standum
532 696 648 751 decreto
662 697 753 770 (1899,
766 719 772 762 ;
789 710 815 752 et
826 698 855 752 in
870 715 937 753 casu
952 715 1011 770 quo
1026 712 1139 772 praeter
1153 700 1338 772 Superiorem
1350 713 1387 754 aut

318 765 486 836 Superiores
497 766 595 821 nullus
606 767 679 822 adsit
692 767 721 823 in
735 769 824 823 domo
836 769 1047 838 confessarius,
1063 771 1160 827 omnis
1170 773 1306 829 sacerdos
1320 769 1386 827 iuris-

317 834 475 893 dictionem
484 838 521 893 ab
531 837 668 912 episcopo
676 840 796 908 habens,
807 840 930 897 idoneus
940 845 1119 914 reputandus
1130 857 1172 900 est
1186 845 1222 900 ad
1234 846 1386 900 Sacramen-
1449 859 1450 898 t

317 907 387 964 tales
401 908 597 966 confessiones
611 909 804 984 excipiendas.
822 934 838 963 »

774 1063 948 1116 Annorarro

353 1195 495 1250 Observes
515 1196 622 1268 itaque,
636 1198 715 1269 quod
732 1199 761 1253 S.
780 1198 1003 1255 Paenitentiaria
1017 1191 1182 1255 declarabat
1192 1200 1227 1254 de
1244 1195 1387 1270 Regulari·

317 1267 368 1321 bus
379 1266 401 1322 si
413 1268 532 1338 quando
542 1269 674 1324 abessent
686 1269 826 1341 Superior
836 1282 863 1325 et
875 1271 1060 1333 Confessarii,
1074 1271 1102 1326 id
1113 1269 1211 1327 statuit
1224 1271 1253 1324 S.
1267 1268 1387 1325 Officium

318 1339 352 1392 de
383 1338 508 1393 alumnis
532 1340 774 1412 Congregationis
800 1341 952 1412 religiosae
979 1343 1068 1403 etiam
1095 1343 1119 1396 si
1148 1342 1202 1398 soli
1228 1337 1387 1398 Confessarii

317 1410 459 1465 abessent.
471 1411 568 1482 Atque
581 1411 644 1467 eius
663 1429 837 1485 responsum
850 1414 974 1486 perfecte
989 1416 1113 1488 quadrat
1127 1414 1163 1469 ad
1175 1413 1387 1470 declarationem

318 1482 347 1535 S.
360 1481 394 1536 C.
411 1480 624 1554 Episcoporum
634 1497 663 1539 et
678 1485 875 1557 Regularium,
890 1487 921 1541 23
937 1500 1009 1559 sept.
1028 1487 1104 1542 1883.
1449 1489 1450 1508 l

352 1567 450 1622 Verbo
478 1567 585 1648 plurali
611 1570 787 1634 Superiores
815 1569 1046 1652 intelleguntur,
1063 1583 1175 1643 praeter
1202 1582 1290 1643 caput
1313 1567 1388 1624 totuis
1447 1644 1449 1661 .

298 1675 302 1683 -
317 1639 432 1707 domus,
447 1639 495 1693 alti
508 1657 568 1712 qur,
583 1641 671 1696 veluti
686 1642 821 1697 minister
833 1643 948 1707 domus,
961 1655 1063 1698 ceteris
1077 1659 1209 1714 praeesse
1219 1642 1321 1698 solent.

403 1960 472 2044 40.
496 2013 537 2023 -
558 1974 594 2043 s.
619 1973 654 2044 c.
680 1973 956 2046 eerscoeonun
981 1976 1032 2044 tt
1059 1971 1308 2045 atnuttntun

514 2159 667 2214 IUDlGlA
685 2161 733 2214 IN
751 2159 889 2214 CAUSIS
911 2122 1202 2214 coarflnrtosts
1246 2125 1251 2147 ἶ

688 2325 897 2382 summatim
918 2325 1033 2381 relata

354 2500 376 2579 l.
397 2498 628 2555 Matritensis
646 2500 770 2555 Crediti.
788 2500 858 2566 (Cir.
881 2501 1046 2555 Cauomsrr.
1064 2514 1300 2565 conraueoatm,
1325 2510 1386 2565 1904.

318 2578 470 2640 poross.)

354 2654 474 2722 Matriti,
496 2657 667 2728 ann01847,
694 2673 762 2711 cum
782 2656 934 2711 cuiusdam
954 2652 1171 2719 communitatis
1195 2651 1359 2729 monialium
1370 2665 1388 2727 'a

318 2729 347 2782 S.
362 2727 448 2781 Clara
462 2727 537 2783 duae
551 2740 666 2781 tantum
679 2738 863 2800 superessent
877 2726 1029 2791 moniales
1048 2724 1187 2798 Superior
1211 2720 1387 2797 Provincralrs

316 2797 436 2853 Ordinis
460 2799 595 2854 Fratrum
616 2798 767 2853 Minorum
786 2798 1029 2853 communitatem
1044 2797 1128 2851 istam
1142 2795 1293 2851 coniunxit
1309 2794 1387 2854 alten,

316 2870 364 2925 cui
374 2869 481 2943 prioris
495 2871 678 2925 traderentur
692 2872 778 2926 bona.
800 2872 878 2925 Inter
896 2871 968 2924 haec
983 2870 1058 2924 bona
1076 2868 1274 2941 reperiebatur
1288 2879 1387 2921 summa

316 2941 458 3015 pecuniae
480 2940 587 2997 civitati
614 2942 774 2996 Matritensi
804 2942 921 2997 credita.
953 2942 1046 3005 Hanc,
1070 2952 1226 3011 postquam
1249 2936 1388 3011 perleges

317 3013 402 3086 copia
421 3013 495 3068 facta
509 3026 560 3076 est,
581 3012 737 3068 vindicavit
758 3030 827 3067 suae
847 3012 1050 3067 communitati
1064 3010 1218 3065 Abbatissa
1235 3021 1387 3065 monasterii

316 3102 447 3159 quocum
460 3086 531 3140 unio
545 3097 606 3141 erat
617 3085 699 3140 facta.
712 3084 769 3139 Sed
783 3102 850 3140 cum
864 3101 898 3139 ex
912 3083 1103 3139 instructione
1116 3082 1184 3136 anni
1201 3083 1276 3153 1867,
1290 3092 1339 3160 art.
1350 3094 1386 3154 ῃ.
1447 3094 1448 3097 ’

317 3159 394 3212 bona
420 3156 666 3211 communitatum
692 3156 907 3211 exstincturum
935 3156 1137 3211 addicerentur
1166 3170 1314 3208 commum
1339 3165 1387 3225 cur·
1447 3206 1448 3209 Ἴ

317 3228 396 3301 piam
416 3245 499 3283 arcae
521 3245 643 3300 operum
662 3228 790 3308 piorum,
812 3226 1055 3300 Archiepiscopus
1077 3224 1254 3281 Matritensis
1275 3221 1388 3300 obtinuit

317 3312 349 3355 ut
359 3300 412 3355 sibi
427 3316 541 3354 summa
556 3299 608 3354 ista
624 3299 848 3355 adiudicaretur.
862 3300 957 3353 Causa
970 3298 1065 3354 delata
1079 3309 1121 3352 est
1134 3297 1170 3350 ad
1186 3298 1214 3351 S.
1231 3297 1263 3351 C.
1284 3297 1387 3365 Episco-

317 3390 422 3453 porum
444 3384 472 3426 et
498 3371 697 3441 Regularum,
724 3388 810 3442 quae,
839 3390 868 3425 12
892 3382 967 3424 mart
995 3388 1070 3441 1904,
1085 3367 1240 3423 declaravit
1256 3377 1386 3422 summam

318 3456 403 3499 istam
421 3443 457 3498 ad
473 3442 623 3511 moniales,
640 3442 761 3499 minime
775 3459 844 3497 vero
858 3442 894 3497 ad
909 3440 1088 3515 Episcopum
1102 3440 1257 3513 pertinere.

353 3526 444 3583 Cuius
462 3526 616 3582 solutionis
630 3526 704 3596 ratio
718 3526 809 3581 facilis
829 3526 900 3581 haec
913 3537 964 3581 est.
977 3527 1052 3580 Ante
1074 3524 1167 3598 ipsam
1181 3522 1387 3595 instructionem

316 3600 386 3655 anni
409 3598 485 3670 1867,
506 3599 584 3653 bona
597 3598 825 3665 communitatis,
846 3616 906 3653 non
926 3596 1094 3669 simpliciter
1113 3594 1280 3662 exstinctae,
1302 3593 1346 3649 sed
1363 3604 1386 3640 m

317 3671 430 3727 duabus
442 3670 618 3725 monialibus
631 3669 822 3736 subsistentis,
837 3669 872 3723 ad
883 3668 1005 3725 alteram
1019 3666 1260 3723 communitatem
1275 3676 1388 3739 quacum

317 3742 444 3815 legitime
454 3741 528 3797 facta
542 3755 583 3797 est
593 3741 771 3797 consociatio
786 3742 923 3797 translata
938 3752 1034 3800 erant.

355 3828 452 3882 Habes
473 3826 571 3899 itaque
593 3843 693 3881 rursus
712 3825 920 3881 confirmatum
940 3824 1116 3899 principium
1139 3824 1219 3901 quod
1239 3837 1259 3878 t.
1286 3841 1293 3876 1
1316 3839 1342 3876 n.
1361 3834 1389 3891 94

317 3898 542 3956 memoravimus
554 3917 560 3951 ε
572 3918 589 3947 «
605 3899 653 3952 lus
666 3897 780 3969 collegii
791 3898 864 3952 bene
879 3909 1009 3952 remanet
1020 3896 1049 3949 in
1065 3913 1162 3969 uno.»

354 3988 391 4040 ll.
401 3982 611 4039 Melitensis.
623 3982 895 4054 Confraternitatis.
913 3980 984 4050 (Cfr.
999 3982 1157 4035 lllomroas
1171 3990 1385 4035 accersiasmm,

319 4076 395 4129 1904,
408 4074 435 4129 p.
451 4056 525 4122 385.)
1380 4126 1384 4133 Ι

351 4144 438 4195 Anno
463 4140 537 4202 1800,
555 4139 653 4192 Patres
668 4136 841 4193 Carmelitae
855 4136 981 4191 calceati
1000 4135 1114 4207 copiam
1128 4135 1257 4190 fecerunt
1273 4128 1385 4210 erigendl

316 4211 346 4266 in
368 4210 487 4267 ecclesia
507 4209 658 4281 collegiata
681 4208 736 4264 loci
759 4208 827 4263 dicti
857 4207 1020 4263 Birclricara
1047 4206 1198 4277 (dioecesis
1227 4204 1383 4267 Melitensis)

315 4282 582 4337 confraternitatem
592 4283 624 4335 B.
637 4282 677 4335 M.
688 4282 723 4335 V.
738 4297 772 4335 ea
782 4294 879 4334 tamen
890 4280 951 4350 lege
966 4292 997 4334 ut
1008 4278 1030 4333 si
1045 4278 1162 4350 posthac
1175 4278 1239 4350 ipsi,
1256 4279 1284 4331 in
1296 4275 1384 4332 eodem

316 4353 381 4409 loco
396 4353 440 4408 uel
460 4352 518 4407 alio
539 4370 598 4464 pon
617 4353 742 4408 distante
759 4352 851 4406 tribus
871 4350 1010 4418 miliariis,
1026 4362 1203 4407 conventum
1224 4348 1382 4408 obtinerent,
