2959 4900
119 340 199 418 [143]
230 364 442 400 runutonnrrsn
457 364 553 400 ranan
568 364 681 401 onorius
695 366 716 401 s.
735 366 866 405 nominet
881 358 920 415 (13
935 368 995 405 tun.
1015 358 1081 417 1906)
1140 346 1202 409 145

117 494 204 572 capite
225 495 308 557 istius
329 497 453 571 catalogi
477 498 663 565 enumeratis,
680 498 841 559 Ecclesiam
854 499 974 557 Ordinis
993 513 1044 557 aut
1062 500 1201 557 Sodalicii

116 567 288 630 visitaverint
301 567 401 641 ibique
415 571 452 625 ad
464 568 658 627 intentionem
672 570 786 625 Summi
802 570 957 629 Pontificis
969 572 1127 628 oraverint.

149 653 173 694 a.
194 639 332 707 Qualibet
345 640 407 695 vice
428 657 480 713 per
493 642 619 697 mediam
630 642 733 699 horam
752 641 894 699 orationis
916 644 1051 699 mentalis
1063 642 1213 701 exercitio·

117 704 213 769 devote
225 710 398 771 vacaverint.

149 776 186 850 Β)
204 783 418 838 Trecentorum
432 781 566 837 dierum:

1289 517 1409 564 Viselatic

1255 573 1384 623 Ecclesiae.

1285 648 1372 695 Oratio

1255 705 1375 753 midlis.

1284 780 1317 828 B.
1332 780 1393 827 Tre·

153 854 295 935 Quotiens
316 853 437 925 aliquod
458 856 542 928 pium
560 870 635 927 opus
647 853 761 929 pietatis
782 854 828 911 vel
841 853 978 925 caritatis,
998 856 1087 913 corde
1098 855 1202 912 saltem
1278 898 1283 906 .
1349 932 1356 943 .

115 939 247 993 contrito,
264 938 456 984 exercuerint.

372 1094 482 1153 111.,-
502 1094 721 1153 labuntunrrar
740 1078 941 1152 Srsrronacres

148 1226 256 1281 Diebus
269 1225 435 1283 stationum
449 1225 479 1280 in
494 1224 605 1281 Missali
623 1227 758 1283 Romano
776 1226 937 1300 descriptis,
953 1226 1043 1284 iidem
1054 1226 1200 1298 Tertiarii,

108 1299 134 1353 si
150 1297 309 1353 Ecclesiam
322 1297 351 1350 in
364 1314 422 1369 qua
432 1297 513 1352 sedes
528 1297 665 1353 Sodalicii
678 1310 721 1352 est
730 1298 898 1364 constituta,
916 1298 972 1364 vel,
988 1315 1023 1354 ea
1038 1298 1199 1368 deficiente,

112 1386 255 1441 propriam
279 1368 440 1423 Ecclesiam
465 1368 665 1427 Parochialem
689 1368 869 1425 visitaverint
891 1370 992 1442 ibique
1014 1370 1050 1425 ad
1072 1383 1202 1426 mentem

113 1440 225 1495 Summi
252 1437 402 1495 Pontificis
425 1439 582 1507 oraverint,
607 1439 725 1496 easdem
753 1441 953 1511 indulgentias
980 1454 1202 1513 consequuntur

112 1529 180 1585 quas
203 1511 387 1569 lucrarentur
408 1509 432 1565 si
457 1509 600 1567 Ecclesias
624 1511 713 1569 Urbis
734 1510 766 1567 in
785 1512 889 1567 eodem
912 1512 1023 1568 Missali
1047 1512 1201 1569 recensitas
1236 1523 1238 1530 ’

112 1582 244 1662 praelatis
265 1582 367 1636 diebus
389 1581 580 1662 personaliter
602 1581 762 1652 visitarent,
785 1583 949 1639 dummodo
973 1583 1030 1639 alia
1042 1584 1090 1656 pia
1112 1599 1202 1659 opera

112 1665 288 1729 praescripta
302 1666 499 1709 exercuerint.-

150 1822 199 1881 IV.
220 1853 254 1861 -
276 1821 494 1878 lunuccunrrac
512 1838 570 1881 nno
590 1837 782 1877 nnctrsrtour:
800 1838 1023 1879 nostrumnon
1043 1838 1159 1883 rancun

146 1970 169 2006 1.
193 1953 253 2006 Pro
269 1950 465 2023 Responsorio
485 1973 500 2003 a
516 1949 635 2026 Ospem
649 1952 760 2011 miram
770 1970 812 2008 u:

140 2022 289 2089 Tertiarii,
301 2022 435 2095 quotiens
450 2024 681 2097 Responsorium
691 2045 707 2074 n
722 2023 749 2081 O
762 2042 842 2098 spem
858 2025 968 2080 miram
984 2024 1202 2087 »inhonorem

110 2094 137 2149 S.
173 2096 321 2149 Dominici
354 2095 546 2158 recitaverint,
581 2096 793 2167 indulgentiam
824 2096 1056 2169 quingentorum
1088 2098 1203 2154 dierum

108 2166 195 2224 semel
209 2164 340 2237 quolibet
362 2165 408 2220 die
425 2166 593 2234 lucrantur;
609 2179 646 2235 et,
662 2166 686 2222 si
700 2184 752 2241 per
770 2180 867 2224 totum
879 2185 993 2224 annum
1008 2168 1114 2225 cotidie
1128 2169 1201 2226 illud

109 2236 291 2291 recitaverint
315 2236 532 2307 lndulgentiam
558 2238 723 2295 Plenariam
737 2239 767 2294 in
791 2238 863 2295 festo
875 2260 881 2294 :
895 2243 926 2310 a)
942 2240 972 2296 S.
992 2241 1024 2294 P.
1055 2239 1202 2295 Dominici

108 2314 134 2377 ¹4
148 2313 230 2379 aug.)
243 2328 250 2375 ;
265 2307 292 2378 b)
305 2308 518 2365 Translationis
532 2308 662 2365 eiusdem
675 2310 705 2364 S.
724 2312 755 2365 Ρ.
772 2311 817 2377 (25
833 2311 914 2382 maii]
928 2323 956 2366 et
975 2313 1001 2381 c)
1016 2310 1202 2367 Commemo-

109 2380 232 2433 rationis
248 2377 377 2433 eiusdem
390 2380 421 2435 in
435 2379 561 2435 Suriano
575 2381 619 2449 (15
639 2383 833 2455 septembris).

142 2469 167 2505 2.
192 2453 251 2506 Pro
266 2454 449 2507 orationibus
459 2452 489 2508 S.
506 2452 679 2508 catharinae
690 2454 826 2510 Senensis
836 2453 881 2509 vel
894 2454 932 2510 ad
944 2452 1057 2524 ipsam:

140 2522 279 2578 Tertiarii
294 2523 510 2595 Indulgentiam
525 2538 643 2579 centum
653 2525 767 2580 dierum
780 2525 931 2582 lucrantur
944 2525 1034 2581 semel
1045 2524 1076 2579 in
1088 2522 1135 2580 die
1147 2541 1201 2597 pro

108 2595 277 2649 recitatione
290 2595 473 2664 singularum
487 2611 521 2650 ex
535 2594 580 2650 his
592 2595 794 2652 orationibus:

141 2671 178 2744 a).
191 2665 240 2720 Ad
261 2665 290 2720 S.
314 2665 503 2728 Catharinatn
524 2667 645 2723 Senens.
670 2687 686 2718 «
710 2667 737 2722 0
764 2668 853 2743 virgo
875 2689 892 2718 n
913 2683 983 2722 cum
1008 2667 1152 2723 versiculo
1173 2677 1202 2724 et

110 2750 261 2804 oratione;
634 2769 637 2774 ·

141 2807 168 2878 b)
191 2809 251 2867 Pro
274 2807 398 2880 Summo
416 2806 558 2865 Pontifice
578 2807 692 2882 abipsa
716 2809 746 2864 S.
762 2809 920 2864 Cathatina
942 2807 1077 2864 dictata«
1094 2807 1121 2865 O
1140 2806 1202 2864 Dio

109 2877 254 2951 Supremo
273 2877 310 2933 ed
323 2877 472 2952 ineffabile
485 2901 501 2930 n
514 2900 521 2946 ;
858 2936 860 2939 .

141 2955 166 3016 c)
188 2952 249 3004 Pro
263 2950 392 3005 Ecclesia
407 2951 512 3021 pariter
526 2950 563 3005 ab
582 2950 644 3023 ipsa
656 2950 819 3022 composita
831 2971 847 3002 «
861 2949 914 3006 Ha
933 2949 1048 3006 ricorso
1061 2967 1080 3006 a
1103 2949 1158 3005 Voi
1171 2970 1199 3008 n.

142 3021 255 3078 Omnes
270 3034 298 3076 et
313 3022 444 3094 singulae
459 3022 659 3093 Indulgentiae
669 3022 823 3094 hucusque
837 3023 954 3087 relatae,
971 3037 1090 3094 excepta
1102 3034 1202 3076 tamen

110 3090 239 3161 plenaria
250 3093 280 3146 in
293 3096 397 3148 mortis
411 3093 535 3148 articulo
549 3094 701 3155 lucranda,
716 3108 783 3148 sunt
794 3093 882 3150 etiarn
892 3093 1079 3166 applicabrles
1090 3094 1202 3148 anima-

112 3165 162 3217 bus
177 3162 396 3219 Defunctorum
410 3164 441 3218 in
456 3166 628 3236 Purgatorio
641 3165 775 3220 detentis.

475 3353 478 3362 .
513 3323 549 3377 V.
570 3354 604 3362 -—
626 3324 798 3378 Pntvttnorn

147 3474 169 3518 1,
190 3455 363 3512 Sacerdotes
377 3456 512 3512 Tertiarii
527 3456 563 3512 ad
578 3457 731 3526 quodlibet
744 3459 842 3513 Altare
860 3458 980 3513 Missam
995 3455 1203 3513 celebraverint

110 3529 236 3595 gaudent
258 3529 374 3584 indulto
395 3529 542 3600 personali
568 3529 675 3582 Altaris
698 3529 873 3600 Privilegiati
898 3529 991 3585 tribus
1015 3528 1045 3582 in
1072 3527 1203 3598 qualibet

110 3598 292 3724 lgglpiclplrppgp
315 3599 427 3668 diebuS,
450 3599 613 3655 dummodo
636 3617 689 3674 pro
711 3600 768 3655 alia
788 3601 835 3658 die
857 3601 952 3656 simile
974 3598 1121 3653 indultum
1141 3615 1202 3653 non

144 3758 168 3794 2.
191 3712 300 3800 Missae
327 3757 430 3796 omnes
454 3758 530 3814 quae
554 3741 585 3800 in
615 3740 789 3813 suffragium
818 3742 964 3797 sodalium
995 3740 1202 3798 defunctorum

111 3814 294 3870 celebrantur
306 3825 374 3868 sunt
387 3829 502 3887 semper
511 3826 539 3869 et
552 3814 662 3886 ubique
672 3813 879 3888 privilegiatae.

526 3973 578 4028 Vl.
599 4005 633 4013 —
655 3974 786 4028 lnnunrn

147 4126 169 4162 r.
190 4106 326 4164 Tertiarii
347 4108 484 4179 degentes
506 4107 536 4162 in
558 4107 630 4162 locis
651 4107 702 4164 ubi
721 4107 804 4162 nulla
826 4118 917 4168 exstat
932 4103 1060 4160 Ecclesia
1084 4103 1203 4160 Ordinis

112 4179 350 4234 praedicatorum
362 4179 406 4234 vel
423 4178 570 4241 Sodalicii,
586 4179 692 4233 lucrari
708 4179 806 4233 valent
823 4195 872 4232 eas
884 4194 986 4232 omnes
1003 4175 1202 4247 Indulgentias

110 4266 182 4319 quas
193 4253 300 4306 dictam
312 4251 472 4306 Ecclesiam
482 4251 626 4305 visitando
635 4250 828 4310 lucrarentur,
841 4249 1004 4303 dummodo
1014 4262 1202 4318 respectivam

109 4323 308 4393 parochialem
331 4322 491 4377 Ecclesiam
514 4322 640 4389 visitent,
661 4324 763 4380 ceteris
782 4320 1005 4378 condicionibus
1026 4319 1199 4391 adimpletis.

1255 1287 1376 1336 Ecclesiae

1251 1354 1297 1405 pec
1308 1346 1411 1393 ecclesiis

1258 1403 1341 1453 Urbis.

1285 1972 1337 2019 Pea
1360 1970 1419 2017 Res-

1252 2029 1366 2090 pancerio

1258 2106 1267 2132 ι
1281 2088 1374 2145 Ospene

1255 2148 1354 2192 miram.
1370 2159 1379 2185 r

1201 2452 1202 2456 ’
1284 2456 1336 2503 Pea
1347 2467 1404 2502 ara-

1256 2515 1360 2561 tionibus
1376 2512 1405 2558 S.

1256 2572 1357 2619 Callae.

1255 2630 1365 2676 Senensis
1384 2624 1420 2672 uel

1254 2687 1287 2734 acl
1302 2689 1386 2746 ipson.

1285 2953 1411 3013 Indulgen-

1256 3016 1303 3062 liae
1312 3013 1389 3060 nalem

1255 3076 1281 3120 in
1292 3069 1380 3130 suffra-

1253 3133 1321 3189 gium
1333 3129 1381 3174 Dc·

1250 3190 1397 3249 junctarum.

1285 3473 1370 3520 Allava

1252 3531 1394 3591 privilegia·

1257 3597 1314 3636 lant.

1284 3744 1378 3790 Missae

1252 3800 1392 3862 privilegia·

1257 3867 1301 3907 lac.

1292 4109 1410 4154 Visilalia

1256 4166 1376 4213 Ecclesiae

1253 4225 1351 4282 paracle.
1374 4228 1417 4281 pra

1255 4282 1362 4328 Ecclesia
1371 4281 1418 4326 Sa-

1256 4338 1350 4386 calcati.
