2959 4900
109 957 157 1024 „Dr
171 957 250 1006 Eub·

89 1028 234 1120 {Uillius

89 1134 145 1176 sunt
153 1130 230 1189 Regu·

89 1187 191 1236 laribus.

116 1529 238 1583 Quaeri-

88 1583 139 1625 tiu·

114 1634 240 1695 Quodnam

88 1695 122 1739 sit
130 1707 211 1741 aarum

88 1749 207 1798 Cabalia-

89 1810 161 1856 riam.

113 2982 246 3027 nablum.

114 3246 153 3293 De
161 3248 239 3296 calm·

85 3303 231 3370 dariorcrle·

84 3367 232 3422 1111ιρ91111-

84 3432 125 3465 sae
134 3434 150 3466 a
162 3435 246 3469 mona·

85 3481 166 3526 sterio.

115 3608 243 3660 nunon-

86 3669 158 3702 sum.

114 4066 173 4114 Dies
184 4070 214 4143 (3.

80 4122 144 4185 febr.
156 4134 235 4190 190³),

308 298 368 362 1‘38
760 322 942 358 xouuirnuri

370 467 437 552 49.
462 521 500 532 —
524 482 560 552 8.
583 482 743 644 llllllllfl3
756 482 1098 661 Gfbglblilggglblllb
1121 485 1183 569 (27
1206 485 1270 554 lan.
1296 487 1331 554 et

782 593 800 646 θ
826 595 853 645 Ι“.

448 744 655 799 Responsa
673 746 729 800 DE
749 744 1012 803 GALENDARIO
1029 748 1253 804 scorastan

341 892 364 947 Ι.
385 889 670 964 Ratisbonenals,
685 909 719 966 ²7
732 891 791 948 ian.
813 894 889 967 1905.

341 961 444 1019 Plures
456 961 488 1017 in
501 962 627 1019 dioecesi
639 963 845 1020 Ratisbonensi
857 964 1000 1022 exsistunt
1013 965 1150 1023 ecclesiae
1162 978 1227 1023 tum
1242 965 1390 1040 parochia-

304 1033 346 1089 les
358 1033 404 1090 vel
423 1050 563 1099 annexae,
583 1047 649 1089 tum
662 1035 743 1094 tales,
764 1053 840 1107 quae
859 1054 876 1090 a
894 1035 1030 1093 fidelibus
1049 1037 1292 1111 peregrinationis
1304 1054 1389 1093 causa

304 1104 353 1178 pio
365 1104 467 1160 animo
481 1103 659 1178 frequentari
681 1107 788 1176 solent,
804 1124 889 1179 quae,
904 1107 972 1164 licet
985 1108 1014 1163 in
1028 1109 1245 1191 possessionem
1267 1109 1387 1180 Regula·

303 1175 382 1231 rium
394 1175 626 1257 haudquaquam
644 1177 813 1234 transierint
825 1191 853 1234 et
866 1196 883 1233 a
895 1178 1096 1236 iurisdictrone
1109 1180 1257 1237 Ordinarii
1270 1180 1392 1236 minime·

304 1259 454 1320 exemptae
477 1260 545 1315 sint,
562 1248 598 1302 ab
614 1247 763 1322 Episcopo
784 1262 883 1304 tamen
907 1250 1114 1308 Sacerdotibus
1138 1250 1332 1323 Regularibus
1358 1250 1388 1304 ad

304 1332 420 1390 tempus
432 1317 617 1375 concreditae
629 1331 708 1389 sunt,
719 1334 752 1375 ut
767 1319 797 1375 hi
808 1319 838 1374 in
852 1319 954 1377 iisdem
965 1320 1131 1379 functiones
1144 1340 1239 1379 sacras
1253 1335 1390 1396 peragant

304 1403 334 1445 et
345 1387 479 1445 fidelium
490 1407 578 1446 curae
591 1407 643 1463 per
657 1391 746 1446 Verbi
759 1390 849 1447 divini
863 1392 1053 1464 praeconium
1068 1408 1096 1450 et
1108 1393 1388 1450 administrationem

305 1474 557 1516 sacramentorum
569 1477 604 1516 ex
617 1460 715 1517 officio
729 1461 904 1518 deserviant.

342 1531 420 1586 Hinc
435 1532 652 1604 expostulatum
666 1545 709 1588 est
722 1551 741 1588 a
754 1535 841 1590 Sacra
857 1535 979 1590 Rituum
992 1536 1229 1609 Congregatione
1242 1555 1248 1591 :

342 1603 450 1658 Utrum
464 1603 494 1658 in
507 1603 660 1675 praedictis
679 1602 808 1660 'ecclesiis
822 1605 910 1660 etiam
930 1606 1094 1678 Episcopus
1109 1621 1136 1663 et
1151 1607 1297 1679 parochus
1310 1623 1389 1678 paro-

304 1672 386 1729 chiae
401 1675 556 1730 saecularis
570 1674 692 1746 eiusque
704 1675 829 1731 vicarius
843 1690 931 1750 atque
946 1676 1134 1734 beneficiatus
1149 1690 1269 1751 propter
1285 1676 1391 1733 benefi-
1461 1683 1462 1688 ’

304 1744 384 1800 cium
395 1745 533 1802 ecclesiae
555 1745 695 1803 canonice
708 1746 869 1818 adscriptus
894 1747 924 1802 in
938 1748 1061 1805 dicenda
1083 1749 1174 1805 Missa
1186 1767 1217 1806 se
1235 1748 1389 1805 directorio

306 1816 497 1882 Regularium
509 1818 733 1874 accommodare
748 1821 925 1874 teneantur?

341 1889 378 1944 Et
388 1887 474 1943 Sacra
485 1888 605 1944 Rittium
616 1889 823 1961 Congregatio,
831 1891 868 1944 ad
879 1888 1052 1946 relationem
1062 1890 1218 1964 subscripti
1229 1891 1392 1958 Secretarii,
1461 1897 1462 1900 ’

303 1959 403 2014 audita
421 1960 566 2016 sententia
577 1959 793 2015 commissionis
815 1960 979 2034 Liturgicae
1002 1980 1091 2033 reque
1105 1974 1219 2018 mature
1259 1979 1387 2036 erpensa,

303 2031 541 2103 respondendum
563 2030 694 2086 censuit:
709 2034 734 2086 A
733 2028 900 2105 ffirmative
924 2032 1003 2088 iuxta
1021 2037 1139 2089 Decreta
1164 2051 1193 2088 n.
1215 1981 1285 2090 3562
1304 2033 1392 2089 Urbis

303 2112 339 2226 eg
354 2100 444 2227 ss'bis
465 2121 482 2174 9
503 2101 665 2159 decembris
691 2104 768 2175 1895,
793 2115 821 2158 et
834 2121 864 2158 n.
878 2105 945 2174 4051
973 2105 1061 2160 Urbis
1088 2106 1116 2160 15
1138 2104 1300 2161 decembris
1327 2106 1391 2177 1899

303 2190 318 2227 a
387 2215 393 2228 .

338 2246 434 2315 Atque
448 2243 487 2299 ita
502 2243 647 2317 rescripsit
660 2257 688 2299 et
701 2244 867 2301 declaravit.
886 2245 938 2301 Die
952 2265 985 2318 27
999 2247 1122 2303 ianuarii
1140 2249 1217 2320 1905.

695 2329 731 2384 Α.
747 2328 833 2385 Card.
848 2330 981 2397 anrerr,
995 2331 1257 2405 Pro-Praefectus

590 2413 610 2477 †
624 2411 664 2469 D.
679 2411 799 2483 Punici,
813 2413 956 2488 Arcltiep.
972 2414 1145 2483 Laodicen,
1160 2414 1358 2472 Secretarius.

339 2534 378 2589 ll.
394 2533 538 2589 Ordinis
551 2532 586 2590 S.
602 2532 801 2605 Benedicti,
816 2535 830 2589 3
845 2532 985 2590 februarii
1002 2537 1080 2607 1905.
1368 2604 1372 2612 Ι

337 2606 507 2661 Hodiernus
540 2604 788 2660 caerimoniarum
827 2606 964 2677 magister
996 2606 1026 2660 in
1058 2606 1238 2661 monasterio
1271 2603 1389 2661 Ordinis

301 2677 331 2732 S.
347 2677 496 2733 Benedicti
508 2676 545 2731 ad
560 2677 590 2732 S.
605 2675 799 2748 Stephanum,
814 2678 963 2748 Augustae
973 2677 1196 2732 Vindelicorum
1210 2677 1240 2732 in
1257 2676 1386 2741 bavaria,

300 2760 333 2803 ut
344 2750 446 2803 omnia
464 2746 518 2803 rite
530 2746 611 2812 fiant,
628 2747 663 2802 de
676 2764 823 2803 consensu
837 2748 881 2802 sui
904 2750 959 2803 Rmr
971 2747 1104 2816 Abbatis‚
1126 2767 1142 2802 a
1162 2749 1252 2803 Sacra
1269 2748 1388 2803 Rittium

301 2818 537 2900 congregatione
563 2819 711 2890 sequentis
743 2820 826 2874 dubii
854 2819 1033 2874 solutionem
1059 2819 1215 2875 humilime
1240 2818 1386 2893 expetivit,

301 2908 463 2946 nimirum:

338 2964 370 3016 ln
394 2960 513 3018 ecclesia
535 2961 565 3015 S.
586 2960 737 3034 Stephani,
761 2977 837 3033 quae
859 2974 926 3016 ante
949 2960 1125 3017 erectionem
1147 2959 1316 3017 monasterii
1336 2958 1389 3013 fuit

300 3033 420 3088 ecclesia
429 3030 613 3105 parochialis,
627 3048 662 3086 ex
672 3033 719 3104 pia
729 3032 921 3105 dispositione
932 3045 959 3087 et
969 3031 1142 3087 fundatione
1152 3031 1249 3087 ultimi
1262 3030 1387 3103 parochi,
1460 3082 1461 3097 ,

300 3105 434 3159 sacerdos
455 3101 619 3159 saecularis.
644 3103 696 3175 qui
721 3117 764 3159 est
789 3103 878 3158 etiarn
904 3102 1093 3158 beneficiatus
1118 3102 1230 3158 vicinae
1245 3101 1389 3159 ‘ecclesiae
1460 3158 1461 3165 ,

301 3176 331 3231 S.
346 3174 432 3236 Galli,
449 3175 570 3229 Missam
583 3174 738 3238 celebrare,
754 3173 887 3228 fidelium
898 3173 1096 3229 confessiones
1106 3174 1249 3244 excipere,
1262 3173 1389 3243 aliasque

300 3263 395 3302 sacras
416 3245 580 3300 functiones
600 3261 737 3324 peragere
762 3244 857 3301 debet.
872 3246 948 3300 Cum
969 3263 1038 3301 vero
1057 3245 1178 3301 ecclesia
1197 3246 1228 3300 S.
1251 3242 1387 3318 Stephani

299 3317 413 3389 aliquot
425 3316 531 3371 abhinc
543 3332 628 3370 annis
641 3316 671 3369 in
692 3316 907 3389 possessionem
926 3316 1096 3371 monasterii
1118 3316 1247 3388 legitime
1269 3314 1386 3379 venerit,

300 3388 468 3460 quaeritur:
483 3388 530 3441 An
542 3386 705 3460 praedictus
718 3388 853 3443 sacerdos
866 3386 1055 3443 beneficiatus
1070 3388 1099 3441 in
1110 3387 1287 3443 celebrando
1297 3402 1388 3441 sacro-

300 3472 400 3514 sancto
425 3459 531 3513 Missae
552 3456 694 3513 sacrificio
717 3476 805 3513 suum
825 3458 1033 3525 calendarium,
1057 3476 1162 3531 nempe
1182 3458 1388 3514 dioecesanum

300 3530 382 3601 sequi
391 3530 503 3596 debeat,
518 3530 564 3584 vel
578 3529 779 3584 calendarium
792 3530 982 3585 monasteriii
1368 3598 1374 3606 ·

338 3603 373 3655 Et
387 3602 473 3656 Sacra
487 3600 589 3656 eadem
602 3601 807 3672 congregatio,
820 3602 856 3655 ad
869 3600 1043 3655 relationem
1056 3598 1211 3673 subscripti
1226 3598 1386 3658 secretarii,

299 3673 416 3728 attentis
429 3671 567 3745 expositis
579 3689 638 3725 una
651 3688 720 3726 cum
733 3671 876 3743 exquisita
889 3670 1098 3726 informatione
1114 3671 1168 3725 Rmi
1183 3671 1238 3726 Dmi
1253 3670 1388 3742 Episcopi
1462 3738 1463 3749 χ

299 3746 463 3814 Augustan.
491 3741 712 3798 Vindelicorum
741 3756 769 3797 et
795 3741 933 3814 suffragio
959 3741 1180 3797 Commissionis
1213 3740 1385 3813 Liturgicae,
1462 3756 1463 3761 ¹

299 3831 353 3886 pro
376 3814 451 3869 osito
464 3812 554 3867 dubio
568 3814 806 3882 respondendum
821 3814 951 3869 censuit:

367 3884 486 3958 egarive
508 3885 548 3939 ad
556 3885 690 3957 primam
711 3896 827 3957 partem
840 3903 850 3951 ;
864 3884 1045 3958 affirmative
1066 3883 1106 3939 ad
1125 3883 1295 3945 secundam,
1311 3882 1389 3937 iuxta

302 3957 422 4011 Decreta
437 3974 465 4011 n.
481 3956 560 4018 3862,
580 3955 670 4010 Urbis
685 3966 713 4009 et
728 3954 828 4018 Orbis,
844 3976 860 4028 9
876 3955 1037 4011 decembris
1052 3955 1126 4028 1895,
1144 3972 1173 4011 n.
1187 3955 1270 4025 4051,
1290 3950 1387 4019 Urbis,

303 4029 332 4082 15
348 4027 509 4082 decembris
527 4028 603 4099 1899,
618 4028 654 4080 ad
670 4028 709 4093 ll,
725 4040 753 4081 et
768 4027 970 4091 Rarisbonen„
983 4045 1016 4098 27
1032 4026 1157 4081 ianuarii
1174 4027 1253 4099 1905.

335 4099 431 4171 Atque
445 4098 483 4153 ita
496 4098 651 4171 rescripsit.
670 4098 723 4153 Die
736 4099 751 4152 3
766 4097 905 4153 februarii
924 4098 1005 4170 1905.

787 4183 826 4241 Α.
843 4182 930 4239 Card.
949 4181 1083 4247 anrsrr,
1105 4180 1284 4254 Pro-Praes.

695 4264 739 4325 D.
755 4263 874 4334 Paniai,
890 4264 1034 4338 Archiep.
1049 4264 1225 4334 Laodicen,
1241 4264 1346 4319 Secret.
