2959 4900
245 327 265 388 4
687 349 891 386 501111οη010

245 507 309 575 pro
325 507 398 554 uno
414 486 573 554 habetur.
589 529 590 532 =
604 486 723 572 Quare
739 485 777 551 in
793 485 1043 576 martyrologio
1060 510 1093 555 v.
1116 510 1168 576 gr.
1195 487 1333 556 additus

245 574 320 643 dies
343 577 536 665 appellatur
558 584 658 642 sexto
675 573 835 642 colendas
851 575 973 642 martii
986 596 1097 665 aeque
1121 598 1160 644 ac
1176 577 1333 666 proxime

245 685 407 752 sequens.
435 664 588 744 Etenim,
616 685 697 731 cum
713 685 781 731 usu
796 684 944 732 romano
960 664 1034 732 dies
1050 687 1123 733 non
1146 687 1333 734 numeren-

244 769 301 822 tur
317 753 478 821 addendo
491 754 550 821 sed
563 751 769 820 deducendo
785 773 850 840 pro
867 753 1030 821 distantia
1046 775 1116 843 qua
1128 767 1333 845 separantur

245 865 264 910 a
291 843 407 930 nonis,
440 842 557 920 idibus
584 842 743 910 eiusdem
773 841 917 929 mensis,
941 843 997 910 vel
1027 843 1180 912 calendis
1203 844 1334 911 mensis

244 933 402 1019 prorime
425 931 544 1018 futuri,
574 930 726 998 bisextus
753 929 850 1018 prior
873 946 924 997 est
947 944 1041 998 sexto
1057 953 1213 1021 quocum
1240 953 1333 1000 unus

244 1020 388 1110 fingitur
412 1041 486 1090 esse
509 1022 595 1088 dies.
624 1019 720 1086 Hinc
736 1019 841 1086 etiam
861 1017 902 1085 fit
923 1034 962 1086 ut
985 1020 1046 1109 qui
1071 1020 1144 1090 dies
1160 1021 1332 1091 hodierno

244 1131 343 1178 more
367 1111 559 1198 appellatur
587 1110 654 1176 2500
675 1107 838 1192 februarii
866 1108 910 1175 sit
937 1106 974 1175 in
997 1130 1092 1178 anno
1116 1111 1263 1179 bisextili
1296 1131 1333 1177 re

243 1220 323 1266 vera
341 1200 507 1285 2400011111
524 1197 704 1282 ordinarii,
723 1197 798 1264 dies
814 1198 876 1284 qui
893 1197 1085 1284 appellatur
1103 1201 1171 1267 260·
1190 1220 1332 1289 respon·

244 1288 321 1355 deat
339 1290 395 1357 250
411 1303 444 1357 01
470 1290 516 1355 ita
542 1307 661 1376 porr0,
687 1285 729 1354 ad
754 1285 862 1353 finem
878 1307 991 1373 usque
1007 1290 1137 1356 mensis
1153 1287 1330 1356 februarii.

244 1376 352 1462 Quod
369 1399 409 1444 ex
425 1379 501 1467 ipso
517 1375 768 1464 martyrologio
780 1375 997 1464 perspicitur.
1014 1376 1085 1462 Qui
1100 1379 1198 1444 enim
1214 1376 1331 1446 Sancti

242 1467 460 1553 pronuntiari
478 1480 735 1534 consueverunt
760 1463 816 1532 die
834 1477 891 1550 240
913 1465 1091 1551 februarii,
1109 1466 1147 1533 in
1168 1487 1261 1533 anno
1286 1465 1333 1534 bi·

243 1556 352 1622 sextili
365 1556 636 1646 pronuntiantur
652 1553 708 1620 die
727 1554 781 1640 25,
800 1557 920 1620 nullus
936 1567 1055 1621 autem
1070 1555 1195 1642 111024.
1217 1554 1329 1623 Hinc:

224 1727 225 1732 ,
287 1663 345 1726 De
360 1680 459 1728 anno
474 1661 699 1725 noviciatus.
726 1691 767 1704 —
797 1668 828 1721 10
853 1653 1005 1739 Novicio
1028 1656 1102 1744 qui,
1121 1677 1214 1724 anno
1234 1657 1331 1746 1903,

242 1746 298 1813 die
327 1767 370 1831 24
385 1744 547 1811 februarii
565 1743 608 1809 sit
624 1745 813 1832 ingressus
832 1763 904 1810 non
920 1743 1019 1811 licuit
1034 1762 1112 1812 vota
1139 1746 1249 1813 facere
1264 1745 1332 1813 nisi

244 1836 284 1902 25
301 1833 465 1902 februarii
482 1832 563 1900 anni
580 1831 795 1919 praesentis;
814 1853 852 1899 ac
864 1832 1010 1921 perinde
1026 1833 1120 1902 dicas
1131 1836 1176 1902 de
1189 1834 1333 1923 reliquis

243 1925 367 1992 diebus
382 1924 513 1992 mensis
529 1921 706 1988 februarii.
873 1989 875 1993 ,
1298 1968 1300 1974 ,

288 2027 322 2080 20
346 2013 477 2082 Contra
504 2026 633 2096 autem,
663 2009 724 2098 qui
753 2009 896 2098 inipso
928 2030 1023 2078 anno
1051 2010 1199 2079 bisextili
1234 2033 1331 2101 1904,

242 2103 299 2170 die
316 2115 372 2189 240
388 2103 442 2168 vel
461 2101 517 2169 250
532 2100 661 2166 mensis
677 2098 843 2166 februarii
866 2099 970 2167 fuerit
985 2101 1163 2190 ingressus
1181 2102 1332 2168 novicia·

241 2209 329 2279 tum,
348 2213 482 2259 annum
498 2188 686 2277 complebit
698 2189 755 2256 die
768 2201 830 2274 240
842 2188 1006 2257 februarii
1024 2190 1120 2278 1905,
1135 2203 1333 2257 recurrente

242 2282 363 2348 eadem
391 2281 500 2365 hora3
528 2295 563 2347 et
589 2277 650 2365 qui
680 2279 736 2344 26⁰
760 2276 922 2345 februarii
939 2278 983 2345 sit
999 2278 1176 2368 ingressus
1199 2299 1333 2346 annum

244 2373 299 2438 250
315 2369 478 2437 februarii
494 2367 661 2458 perficiet.
690 2366 815 2455 Itaque
841 2384 989 2456 utraque
1016 2369 1122 2435 series
1149 2369 1215 2434 hoc
1237 2369 1332 2435 sche-

242 2476 332 2528 mate
349 2460 499 2550 proponi
516 2470 629 2547 potest

375 2562 480 2615 Annus
496 2558 651 2614 inchoatus
983 2556 1137 2613 Perficitur

377 2633 453 2705 1903,
470 2650 504 2701 24
516 2628 654 2687 februarii
926 2629 959 2683 25
973 2628 1111 2685 februarii
1128 2647 1196 2701 1904

400 2726 415 2754 1)
471 2703 503 2758 25
580 2722 595 2751 ))
926 2701 961 2754 26
1032 2721 1048 2750 11
1157 2722 1173 2751 11

399 2797 414 2826 1)
472 2776 505 2828 26
579 2794 594 2821 11
925 2789 959 2842 27
1032 2793 1048 2822 11
1157 2795 1173 2823 11

400 2869 415 2896 1)
471 2864 505 2971 2Ξ
579 2865 594 2894 1)
926 2842 960 2896 28
1034 2865 1050 2894 1)
1159 2866 1175 2895 11

399 2940 414 2968 11
471 2935 485 2970 2
577 2936 592 2965 >l
926 2932 960 2986 29
1033 2937 1049 2967 1)
1159 2937 1174 2965 )1

377 3109 453 3163 1904,
471 3108 506 3159 24
577 3111 593 3140 ³>
924 3106 959 3157 24
1032 3107 1049 3136 0
1126 3087 1191 3158 ¹905

400 3184 435 3221 1)
472 3164 504 3215 25
578 3182 594 3211 1)
897 3183 899 3186 ·
925 3176 960 3227 24
1032 3179 1049 3207 11
1157 3181 1174 3209 11

400 3255 415 3283 1)
472 3234 506 3287 26
578 3255 594 3283 11
925 3230 958 3285 25
1033 3250 1048 3279 1)
1158 3251 1173 3279 11

400 3327 416 3355 11
473 3322 507 3375 27
580 3325 595 3354 1)
879 3316 882 3319 ’
926 3302 960 3355 26
1033 3322 1049 3351 11
1157 3322 1174 3351 11

400 3397 415 3427 11
472 3376 505 3429 28
579 3396 594 3425 1)
927 3390 961 3443 27
1033 3393 1049 3422 11
1158 3395 1174 3423 11

402 3468 417 3498 11
474 3464 507 3519 29
580 3468 595 3497 1)
927 3443 961 3499 28
1033 3465 1049 3493 11
1157 3465 1174 3494 11

288 3542 395 3630 Quod
412 3541 639 3609 confirmatur
662 3539 682 3609 a
699 3542 856 3609 Momm
873 3538 922 3623 (d.
942 3539 1023 3626 573,
1052 3560 1088 3606 n.
1109 3541 1142 3623 2)
1163 3564 1177 3603 1
1198 3537 1235 3607 Si
1252 3538 1333 3627 quis

242 3647 402 3701 nascatur
436 3631 474 3699 in
507 3630 639 3698 utrovis
667 3630 723 3698 die
761 3628 823 3718 qui
855 3627 894 3696 in
928 3647 1022 3696 anno
1058 3626 1205 3696 bisextili
1237 3642 1332 3696 sexto

242 3720 401 3790 calendas
413 3719 527 3788 martii
543 3719 682 3806 dicitur,
700 3734 783 3786 tunc
799 3738 881 3784 cum
897 3715 971 3784 dies
996 3730 1144 3805 uterque
1170 3737 1235 3805 pro
1257 3738 1332 3784 uno

223 3824 432 3904 reputetur,
450 3830 564 3876 annus
584 3808 782 3897 completur·
808 3819 903 3875 sexto
918 3805 1079 3874 calendas
1105 3801 1220 3873 martii
1248 3806 1331 3873 anni

241 3900 419 3987 sequentis
434 3898 472 3965 in
489 3896 610 3965 eadem
627 3897 713 3965 hora
729 3911 763 3964 et
778 3908 920 3985 puncto.
943 3920 957 3957 1

285 4007 344 4070 De
358 4002 612 4089 computanda
626 4004 768 4069 aetate.
784 4036 826 4049 -
846 3996 898 4064 Ut
920 3994 999 4085 quis
1014 3994 1169 4084 perficiat
1184 4008 1332 4063 aetatem

247 4091 285 4158 16
308 4109 496 4173 annorum,
525 4100 674 4177 oportet,
699 4100 738 4154 ut
765 4086 803 4153 in
829 4106 923 4164 anno
955 4087 1009 4153 160
1035 4085 1155 4152 aetatis
1186 4084 1332 4175 attingat

241 4178 389 4247 eandem
404 4175 590 4245 calendarii
607 4174 715 4262 diem,
733 4175 953 4263 eandemque
969 4175 1106 4243 horam.

285 4264 496 4336 Condicioni
513 4280 630 4333 autem
650 4264 705 4333 isti
723 4263 884 4333 satisfacit
899 4263 974 4354 qui,
988 4277 1090 4332 natus
1108 4284 1151 4351 24
1166 4262 1330 4331 februarii
