2959 4900
134 3910 232 3952 Dabla.

126 4033 269 4080 Mentorea·

109 4096 146 4136 tur
160 4090 271 4158 frequen-

110 4153 141 4216 tes
158 4153 249 4215 expost-

111 4213 183 4252 rrones
200 4212 262 4252 mter

110 4264 140 4309 Μ
142 4265 224 4319 issam,
248 4267 270 4308 et

311 269 352 331 88
766 289 947 327 monumenta

310 445 387 494 rum,
399 444 474 498 quae
487 426 640 499 proprium
653 424 860 481 calendarium
874 442 934 480 non
948 425 1065 482 habent.
1089 425 1167 481 Hinc
1181 425 1275 481 eidem
1294 426 1390 481 Sacrae

314 498 435 553 Rituum
453 497 680 569 congregationi
699 513 824 570 sequens
843 495 968 552 dubium
989 515 1048 552 una
1068 515 1136 553 cum
1155 495 1302 569 postulato
1321 497 1390 552 exhi-

312 570 393 637 buit;
409 568 549 624 nimirum
568 590 574 624 ε

347 675 363 704 «
379 656 402 709 1.
417 654 535 722 Utrum,
552 653 581 708 in
601 671 680 718 casu,
696 652 802 707 Missae
823 653 946 708 debeant
961 670 1023 709 esse
1036 653 1203 709 conformes
1223 651 1388 707 Calendario

312 723 553 796 Congregationis
578 725 713 780 Fratrum
738 725 767 779 S.
794 722 941 779 Vincentii
965 742 981 780 a
1009 725 1101 780 Paulo
1123 746 1130 792 ;
1160 742 1198 779 an
1225 723 1390 780 calendario

312 797 484 852 dioecesano
496 797 505 849 l
521 797 558 850 Et
571 807 715 868 quatenus
726 794 858 866 negative
871 795 907 852 ad
918 795 1044 870 primam
1060 808 1184 870 partem.

348 903 364 932 u
379 882 417 936 11.
432 879 539 934 Orator
560 879 729 952 suppliciter
749 877 887 951 efflagitat
905 879 1101 953 privilegium,
1117 897 1178 952 quo
1191 896 1294 934 omnes
1307 895 1390 934 sarcer·

312 955 394 1008 dotes
415 968 485 1006 suae
508 949 751 1030 Congregationis
776 950 806 1005 in
829 949 911 1006 dictis
941 951 1084 1007 Oratoriis
1108 951 1229 1008 Missam
1253 950 1389 1004 celebrare

312 1025 427 1080 valeant
444 1023 524 1077 iuxta
536 1038 690 1103 proprium
709 1020 927 1088 Calendarium,
942 1036 974 1077 ut
987 1041 1021 1078 ex
1040 1023 1191 1079 identitate
1206 1021 1313 1076 Missae
1331 1039 1391 1076 cum

312 1095 418 1151 Officio
431 1093 525 1149 maior
539 1111 569 1149 tn
582 1093 747 1149 celebrante
761 1093 852 1165 pietas
866 1093 1007 1149 foveatur.

347 1180 465 1232 «Sacra
483 1193 572 1249 porro
587 1175 709 1231 Rituum
728 1175 933 1247 Congregatio,
950 1176 1090 1231 referente
1112 1176 1273 1233 Secretario
1294 1193 1325 1232 re
1343 1191 1394 1228 ma·

312 1262 376 1309 ture
389 1265 540 1322 perpensa,
556 1247 775 1302 rescribendum
784 1247 898 1302 censuit
915 1267 921 1302 :

348 1356 364 1404 u
377 1334 422 1387 Ad
444 1331 588 1386 dubium:
610 1330 779 1401 «Negative
804 1330 840 1384 ad
863 1329 989 1402 primam
1012 1345 1147 1404 partem;
1169 1331 1341 1386 affirmative
1365 1330 1394 1383 nd

313 1406 480 1462 secundam.
494 1424 510 1454 »
524 1402 568 1458 Ad
581 1401 763 1475 postulatum
776 1421 792 1452 <t
804 1401 946 1473 negative.
958 1424 974 1453 n

350 1503 384 1557 B.
404 1501 586 1574 Responsum
607 1516 643 1554 20
662 1516 728 1554 nov.
750 1501 830 1568 1903.

351 1585 385 1638 R.
416 1584 447 1637 P.
475 1581 650 1637 Thaddaeus
677 1580 834 1644 Hermans,
860 1580 1051 1636 calendarista
1088 1579 1257 1636 Provinciae
1279 1578 1394 1651 Angli-ae
1449 1571 1450 1624 l

315 1657 450 1713 Fratrum
464 1652 626 1721 Minorum,
642 1652 678 1706 de
696 1667 841 1706 consensu
856 1652 899 1706 sui
923 1653 975 1706 Rmt
994 1651 1195 1708 Procuratoris
1217 1651 1366 1722 generalis,
1380 1665 1394 1701 a

314 1728 344 1781 S.
362 1727 395 1781 R.
410 1726 443 1781 C.
458 1724 635 1781 solutionem
654 1721 841 1794 sequentium
860 1723 1021 1779 dubiorum
1045 1722 1211 1779 humillime
1233 1720 1392 1794 postulavit,

351 1953 392 2009 lX
401 1953 477 2008 Sunt
486 1950 632 2022 quaedam
647 1949 677 2005 in
689 1949 796 2021 Anglia
810 1950 947 2006 ecclesiae
957 1951 1130 2008 Missionum
1142 1967 1218 2024 quae
1229 1960 1396 2004 conventum

315 2023 490 2079 Monialium
505 2024 535 2077 S.
551 2022 654 2077 Clarae
666 2038 814 2076 annexum
827 2020 936 2076 habent
958 2040 1083 2094 quarum
1097 2023 1216 2085 c'noruS,
1230 2019 1322 2074 modo
1336 2033 1394 2073 con·

313 2108 407 2163 sueto,
417 2095 461 2150 vel
471 2110 523 2167 per
532 2105 634 2155 crates,
646 2109 715 2148 cum
725 2092 847 2148 ecclesia
857 2094 1066 2150 communicat.
1081 2097 1161 2149 Num
1171 2093 1242 2148 istae
1253 2089 1391 2168 ecclesiae,

314 2167 394 2238 quod
412 2166 450 2220 ad
472 2165 576 2220 missae
595 2163 830 2226 celebrationem,
847 2163 998 2220 habendae
1017 2166 1075 2222 sint
1093 2179 1246 2236 tamquam
1266 2161 1393 2218 ecclesiae

307 2236 502 2303 Monialium,
523 2236 564 2290 ita
585 2247 619 2290 ut
637 2233 708 2290 inibi
732 2235 837 2291 missae
859 2235 916 2307 legi
936 2238 1061 2294 debeant
1081 2235 1187 2293 Officio
1210 2251 1314 2290 earum
1336 2248 1394 2288 con-

353 2467 438 2538 Resp.
451 2463 498 2517 Ad
512 2464 562 2518 lX.
579 2462 739 2536 Negative.

351 2562 385 2616 C.
404 2561 586 2633 Responsum
606 2575 642 2628 29
662 2557 730 2613 iulii
749 2574 828 2628 1904,
850 2560 890 2613 ad
917 2559 969 2615 VI.

298 2722 302 2730 Ι
352 2642 411 2701 Csr.
427 2643 502 2700 infra
517 2660 546 2700 n.
562 2653 645 2715 W,
662 2644 698 2697 ad
713 2643 766 2699 Vl.

358 2942 429 3030 31.
450 2994 492 3007 —
514 2956 548 3026 s.
571 2954 718 3026 artuum
742 2951 1084 3024 retentaturus
1109 2954 1146 3035 (ιι
1169 2953 1234 3022 run.
1258 2952 1359 3035 rann

357 3110 566 3191 Responsa
591 3130 652 3184 DE·
668 3128 941 3262 BXPOSPgSIgffi
962 3126 1224 3214 saltemsalter
1244 3126 1368 3181 INTER

513 3357 595 3416 ord.
615 3357 682 3414 FF.
701 3357 830 3413 Minor.
850 3357 952 3414 Prov.
972 3356 1215 3429 Portngalliae

346 3516 541 3572 'Reverendus
570 3516 655 3570 Pater
684 3515 857 3571 Dominicus
882 3518 1041 3573 Consalves
1065 3517 1204 3583 Sanchez,
1236 3511 1399 3593 Seraphicae

323 3587 493 3643 Provinciae
506 3586 703 3657 portugalliae
715 3586 789 3641 olim
805 3587 939 3643 Minister
954 3588 1143 3644 Provincialis
1157 3600 1184 3642 et
1197 3586 1397 3644 Calendarista,

321 3672 353 3714 ut
366 3659 396 3713 in
418 3658 619 3713 functionibus
632 3657 831 3714 ecclesiasticis
850 3659 950 3715 omnia
963 3677 998 3715 ex
1020 3659 1124 3715 ordine
1147 3657 1308 3731 procedant
1329 3656 1399 3710 iuxta

321 3732 443 3786 Sanctae
460 3731 610 3785 Romanae
634 3728 780 3785 Ecclesiae
796 3730 981 3802 praescripta,
1007 3731 1111 3803 hisque
1133 3731 1319 3785 adversantes
1340 3739 1398 3799 con3

320 3800 487 3856 suetudines
513 3813 665 3871 tamquam
686 3801 796 3857 abusus
820 3802 943 3858 omnino
969 3802 1120 3869 tollantur,
1142 3803 1177 3858 de
1196 3815 1341 3856 consensu
1361 3808 1398 3849 sut

323 3870 564 3927 Reverendissimi
581 3871 782 3926 Procuratoris
796 3873 954 3941 Generalis,
970 3873 1121 3954 sequentia
1137 3872 1233 3928 Dubia
1252 3872 1399 3927 Sacrorum

323 3944 444 3999 Rituum
458 3942 685 4014 Congregationi
698 3942 863 4009 humillime
877 3958 1038 4018 proposuit,
1053 3944 1213 4000 nimirum:

358 4028 381 4081 l.
406 4026 473 4081 Mos
499 4023 621 4081 invaluit
644 4024 777 4098 pluribus
805 4025 835 4080 in
864 4027 1009 4094 Ecclesiis,
1039 4026 1126 4082 etiam
1152 4026 1182 4080 in
1208 4023 1333 4097 Capellis
1355 4016 1397 4073 ubi

321 4096 543 4153 Sanctissimum
557 4096 757 4151 Eucharistiae
773 4097 995 4154 Sacramentum
1009 4116 1069 4153 non
1082 4109 1255 4162 asservatur,
1276 4094 1398 4167 frequen-

320 4183 364 4223 ter
380 4169 463 4223 Festa
488 4165 617 4234 Domini,
643 4168 748 4222 Beatae
772 4168 882 4224 Mariae
896 4169 940 4225 vel
963 4170 1139 4225 Sanctorum
1158 4166 1323 4224 celebrandi
1341 4175 1397 4219 cum

321 4239 451 4294 eiusdem
466 4237 645 4293 Sanctissimi
655 4238 772 4310 publica
786 4240 967 4312 expositione
983 4241 1012 4295 in
1028 4239 1191 4295 ostensorio
1206 4240 1294 4295 etiam
1306 4234 1397 4312 perdu-
