2959 4900
105 1090 187 1135 Coetus

75 1146 123 1195 Em
136 1148 237 1195 Patrem

76 1204 113 1251 die
124 1222 137 1265 7
148 1218 202 1262 aug.

76 1281 233 1331 Responsa.

106 1349 146 1395 Ad
158 1349 181 1395 I.

105 1424 146 1469 Ad
158 1424 196 1472 II·

105 1496 213 1545 ΛΜΗ.

105 1932 198 1980 AdIV

77 1996 97 2037 el
112 1992 141 2038 V.

92 2074 238 2133 Approbatt'o

77 2136 97 2176 el
106 2134 189 2187 gratia

77 2188 210 2256 Sanctissi·
226 2200 228 2203 ·

77 2260 119 2293 mt.

106 2436 165 2484 Dies
175 2439 200 2495 (8

77 2509 131 2554 aug.
140 2499 216 2556 1906).

293 278 351 339 15⁶3
750 302 930 338 nosnatura

328 434 365 489 Et
378 444 522 503 quatenus
537 432 669 505 negative
684 454 691 490 :

326 502 362 559 V.
379 504 487 560 Utrum
510 505 566 559 boc
592 504 782 575 Privilegium
801 505 909 561 Altaris
928 506 1031 563 saltem
1049 508 1220 563 extendatur
1233 508 1270 563 ad
1285 508 1374 563 Altare

291 576 386 631 maius
396 576 525 632 Oratorii
536 576 731 645 Xenodochii‚
747 578 777 632 in
791 594 852 649 quo
860 578 996 634 Ternarii
1007 579 1103 635 debite
1112 578 1208 651 primo
1218 590 1247 635 et
1256 579 1375 635 secundo

291 646 395 703 Ordini
410 646 467 703 FF.
485 646 559 703 Min.
579 646 817 721 Capuccinorum
832 648 979 722 aggregati
993 651 1030 705 ad
1050 650 1239 705 infirmorum
1252 653 1375 706 assisten-

291 718 363 773 tiam
376 720 434 774 sive
448 718 641 790 spiritualem,
657 720 715 775 sive
725 719 916 792 temporalem
926 723 1045 792 degunt,
1059 733 1087 777 et
1100 722 1220 797 quidem
1231 722 1260 776 vi
1276 721 1376 776 indulti

293 790 389 845 eidem
404 790 508 851 Ordini
523 789 663 856 concessi,
676 791 757 861 quod
770 788 809 845 ita
820 805 924 847 sonat:
941 812 958 842 tt
970 794 1117 865 Religiosi,
1133 792 1186 862 qui
1198 794 1304 849 debitis
1317 810 1377 848 cum

292 860 415 918 licentiis
439 862 475 915 ad
494 860 683 916 infirmorum
703 860 896 917 assistentiam
915 862 1035 935 degunt,
1056 864 1194 920 omnibus
1212 877 1241 919 et
1262 864 1377 935 singulis

291 932 492 1059 ppipitualipus
502 932 601 1005 gratiis
614 933 753 1006 gaudent,
764 950 798 989 ac
810 933 833 989 si
845 933 875 987 in
885 936 1049 1007 respectivis
1060 936 1260 992 Conventibus
1269 952 1377 990 moram

312 1016 432 1059 aerent
463 1025 479 1055 u

329 1074 365 1131 Et
380 1075 434 1131 Emi
453 1077 550 1129 Patres
564 1072 594 1129 in
609 1074 759 1131 Generalis
781 1076 1017 1147 congregatione
1038 1078 1074 1133 ad
1089 1076 1265 1133 Vaticanum
1279 1076 1378 1131 coadu-

292 1148 352 1202 nati
365 1146 578 1219 responderunt
588 1146 635 1201 die
649 1165 665 1219 7
680 1145 794 1219 augusti
813 1148 880 1219 1906
895 1167 901 1203 ι
1252 1170 1254 1174 ·

327 1220 373 1274 Ad
396 1221 417 1273 Ι.
441 1217 589 1284 Negative.

328 1291 374 1344 Ad
395 1290 433 1345 ll.
455 1286 646 1352 Affirmative,
661 1286 737 1343 facto
751 1288 840 1343 verbo
850 1304 918 1344 cum
929 1289 1018 1346 SSm.

328 1361 374 1416 Ad
396 1362 450 1416 ΙΙΙ.
471 1358 661 1421 Affirmative.
676 1373 704 1415 et
718 1360 755 1414 ad
768 1371 913 1427 mentem;
929 1375 1012 1417 mens
1031 1369 1129 1417 autem
1143 1373 1196 1423 est,
1232 1360 1293 1414 uod
1312 1359 1336 1414 si
1354 1360 1379 1413 in
1451 1395 1453 1398 -

293 1433 356 1488 loco
381 1429 431 1488 ubi
457 1432 567 1503 degunt
584 1429 719 1486 Tertiarii
739 1430 813 1486 adsit
834 1432 961 1487 Ecclesia
980 1434 1024 1489 vel
1044 1378 1257 1503 publicum&

293 1504 380 1575 primi
395 1515 423 1559 et
440 1502 559 1557 secundi
579 1502 708 1564 Ordinis,
723 1500 796 1557 haec
817 1504 871 1557 erit
890 1504 1013 1560 omnino
1026 1504 1177 1571 visitanda,
1198 1502 1254 1558 nisi
1279 1503 1380 1557 distent
1451 1521 1453 1524 ·

293 1575 380 1637 nimis
403 1575 439 1630 ab
465 1572 617 1637 Institutis,
641 1574 748 1645 quibus
774 1574 781 1627 i
804 1573 889 1629 simet
914 1574 1084 1642 inserviunt,
1103 1576 1198 1630 idest
1224 1591 1285 1629 non
1309 1575 1380 1628 ultra

292 1645 421 1701 milliarii
435 1644 571 1717 spatium.
590 1645 645 1699 His
657 1662 726 1701 vero
741 1590 953 1711 deicientibus,
970 1646 1120 1701 indultum
1133 1646 1255 1702 concedi
1270 1644 1377 1716 poterit.
1451 1699 1453 1718 2

292 1734 353 1783 ouo
373 1717 501 1773 Ecclesia
527 1716 710 1788 parochialis,
732 1715 865 1771 similiter
891 1733 951 1771 non
977 1718 1086 1773 distans
1104 1718 1182 1772 ultra
1201 1717 1378 1775 milliarium.
1451 1739 1453 1748 ·

292 1788 401 1844 visitari
426 1788 541 1855 valeat;
571 1804 654 1842 secus
679 1786 736 1841 alia
754 1803 959 1860 quaecumque
991 1788 1130 1853 Ecclesia,
1161 1799 1250 1861 prout
1268 1788 1380 1843 libuerit
1451 1847 1453 1852 ,

292 1860 437 1923 adeunda,
451 1859 527 1913 sacto
541 1859 628 1913 verbo
640 1875 708 1913 cum
724 1858 812 1915 SSm0.
1451 1855 1453 1890 ²

327 1932 374 1985 Ad
390 1932 429 1985 lV
441 1944 469 1985 et
482 1931 517 1985 V.
532 1931 601 1984 Non
615 1929 775 2001 proposita.

332 2004 373 2057 Oe
386 2002 492 2075 quibus
505 2000 643 2056 omnibus
662 2000 736 2055 facta
759 2000 900 2056 relatione
921 2000 999 2056 ssmo
1013 2005 1071 2058 D¹¹0
1083 2003 1193 2056 Nostro
1216 2002 1269 2056 Pio
1287 2000 1338 2070 Ρρ.
1357 1999 1379 2052 Χ

292 2072 323 2127 in
336 2074 493 2130 Audieutia
506 2073 605 2127 habita
618 2090 634 2125 a
647 2072 732 2127 Card.
753 2072 902 2127 Praefecto
925 2072 954 2126 S.
969 2072 1213 2143 Congregationis
1228 2072 1379 2143 indulgen-

292 2146 338 2200 tiis
354 2145 506 2216 Sacrisque
523 2144 665 2215 Reliquiis
677 2144 869 2223 praepositae,
885 2143 932 2199 die
946 2144 963 2199 8
977 2143 1092 2215 augusti
1111 2145 1187 2215 1906,
1202 2145 1281 2198 idem
1296 2144 1381 2196 sgmus

294 2218 404 2271 Emorum
426 2218 545 2270 Patrum
563 2214 758 2269 resolutiones
777 2214 948 2288 approbavit
970 2226 999 2269 et
1021 2214 1214 2281 confirmavit,
1238 2214 1381 2283 simulque
1451 2277 1453 2280 Ι

292 2288 412 2359 petitam
433 2287 463 2341 in
480 2289 506 2341 ll
522 2286 613 2341 dubio
629 2285 838 2355 extensionem,
855 2302 910 2341 nec
929 2303 991 2341 non
1008 2285 1157 2342 indultum
1178 2286 1209 2341 in
1231 2288 1273 2341 lll
1294 2283 1380 2339 dubio
1451 2283 1453 2328 ἔ

292 2360 476 2430 propositum
487 2357 612 2429 benigne
625 2356 777 2411 concessit.

333 2433 436 2486 Datum
449 2432 570 2497 Romae,
584 2445 600 2484 e
613 2429 720 2485 Secret.
736 2427 867 2484 eiusdem
875 2428 905 2484 S.
919 2426 1170 2502 Congregationis,
1182 2428 1229 2484 die
1242 2430 1259 2484 8
1272 2426 1379 2500 augusti

297 2504 374 2575 1906·
826 2572 861 2628 A.
876 2571 963 2626 Card.
978 2572 1111 2640 Tamari,
1126 2571 1233 2642 Praef.

692 2653 732 2708 D.
749 2654 870 2722 Punici,
884 2654 1025 2727 Archiep.
1041 2654 1217 2722 Laodicen„
1234 2655 1343 2710 Secret.

725 2813 952 2866 Asuorarrouas

331 2963 354 3000 r.
376 2945 483 3000 Orator
497 2944 526 2997 in
547 2943 606 3000 suis
627 2943 766 3015 quaesitis
779 2944 858 2999 varia
870 2956 1084 3000 commemorat
1105 2945 1230 3016 decreta,
1257 2960 1377 3018 quorum

291 3016 336 3072 vel
350 3017 551 3070 extensionem
562 3018 691 3088 postulat
701 3016 746 3069 vel
759 3016 998 3070 declarationem.

328 3092 452 3145 Decreta
470 3089 503 3158 28
527 3106 593 3158 aug.
622 3089 689 3160 1903
713 3099 740 3142 et
763 3106 796 3141 22
811 3101 895 3144 mart.
915 3089 994 3160 1905,
1015 3103 1091 3156 quae
1104 3088 1141 3143 de
1153 3084 1304 3142 Tertiariis
1317 3095 1377 3149 sunt

292 3159 445 3226 religiosis,
460 3159 604 3214 habentur
618 3159 648 3212 in
664 3170 684 3214 t.
706 3177 727 3225 r,
748 3159 919 3222 Piamouei,
934 3176 963 3213 n.
976 3169 1025 3224 13,
1039 3175 1066 3228 p.
1080 3158 1113 3214 38
1128 3171 1156 3213 et
1169 3176 1198 3213 n.
1211 3167 1265 3227 59,
1281 3176 1308 3228 p.
1325 3158 1375 3212 152.

332 3231 518 3297 Privilegium
534 3246 621 3294 porro
644 3229 671 3282 vi
693 3229 778 3284 cuius
798 3243 922 3301 possunt
933 3229 1068 3284 Tertiarii
1082 3231 1245 3285 saeculares
1259 3230 1289 3282 in
1302 3244 1376 3301 paro-

292 3301 379 3357 chiali
395 3302 515 3357 ecclesia
528 3301 633 3356 lucrari
651 3301 880 3355 Franciscalium
899 3301 1087 3360 ecclesiarum
1109 3301 1315 3372 indulgentias,
1332 3296 1376 3352 ubi
1451 3296 1453 3359 ἶ

293 3373 375 3427 nulla
401 3385 491 3427 exstat
515 3373 559 3429 vel
582 3371 700 3426 Ordinis
727 3371 849 3426 ecclesia
876 3372 922 3426 vel
948 3370 1070 3426 ecclesia
1091 3371 1122 3427 in
1146 3389 1204 3444 qua
1229 3370 1377 3426 saecularis
1451 3374 1453 3423 ἓ

292 3445 383 3499 Tertii
399 3443 518 3499 Ordinis
532 3443 720 3514 congregatio
730 3443 871 3498 canonice
885 3443 923 3497 sit-
931 3455 1035 3507 erecta,
1050 3443 1191 3515 repetitur
1203 3460 1238 3499 ex
1248 3457 1377 3514 responso

294 3516 323 3570 31
339 3515 401 3571 iun.
421 3517 496 3588 1893,
521 3516 557 3569 ad
582 3514 650 3583 XII,
678 3515 759 3586 quod
781 3515 985 3586 exscripsimus
1009 3515 1040 3568 in
1061 3526 1081 3568 t.
1107 3534 1122 3568 2
1142 3515 1190 3570 De
1210 3512 1375 3587 Religiosis,
1451 3548 1453 3589 3

293 3603 323 3642 n.
342 3587 416 3652 280,
433 3603 461 3658 p.
477 3588 607 3658 737-740.
1451 3614 1453 3621 ·

330 3677 355 3712 2.
373 3660 518 3726 Quartum
543 3672 570 3712 et
592 3656 729 3730 quintum
749 3656 872 3711 oratoris
885 3655 1007 3711 dubium
1022 3655 1168 3728 proposita
1181 3672 1242 3711 non
1256 3654 1375 3710 fuerunt.
1451 3678 1453 3683 ·

295 3729 336 3784 Ut
350 3730 385 3784 de
398 3729 444 3783 his
458 3742 586 3784 mentem
603 3741 733 3782 nostram
757 3729 932 3798 aperiamus
953 3727 1089 3781 videntur
1112 3726 1197 3782 nobis
1210 3741 1377 3800 responsum

294 3800 407 3872 exigere
421 3801 595 3870 negativum.
612 3800 688 3855 Tam
702 3797 781 3854 enim
794 3799 824 3853 in
838 3799 977 3869 rescripto
991 3817 1024 3853 22
1038 3799 1134 3870 martii
1159 3799 1225 3871 1905
1246 3814 1333 3870 quam
1351 3795 1377 3848 in

294 3871 409 3927 indulto
437 3873 573 3926 Fratrum
600 3871 751 3926 Minorum
774 3870 1010 3942 Capuccinorum
1038 3871 1118 3939 quod
1144 3869 1173 3924 in
1198 3871 1269 3940 ipsis
1290 3868 1377 3922 dubus

293 3943 409 4008 citatur,
430 3942 629 4015 indulgentiae
648 3955 832 3997 reservantur
856 3941 1012 3995 lucrandae
1033 3942 1122 3996 certis
1140 3942 1289 4013 personis,
1313 3939 1377 3991 dum
1451 3950 1453 4009 j

293 4013 325 4068 in
353 4013 443 4070 dubio
470 4016 510 4071 IV
534 4025 562 4068 et
583 4014 610 4067 V
633 4013 783 4086 quaeritur
806 4014 842 4068 de
863 4012 1045 4083 indulgentia
1071 4029 1147 4084 quae
1169 4012 1270 4067 altare
1288 4008 1377 4088 maists

294 4085 468 4141 sacellorum
497 4084 634 4154 afficeret,
667 4083 706 4138 ita
736 4097 770 4139 ut
801 4083 939 4138 omnibus
967 4083 1007 4138 ibi
1038 4084 1190 4140 litantibus
1222 4093 1377 4139 necessauo

294 4157 454 4228 prodesset.
1451 4172 1453 4191 ³

1259 1432 1379 1486 atorium
1451 1425 1453 1470 ῗ
