2959 4900
275 226 298 291 8
448 264 476 269 ψ
560 264 564 267 -
669 240 1016 295 ‚numerantem-1,

275 381 401 474 huglia
439 384 541 469 Ante,
560 382 598 450 in
621 382 712 450 dicta
727 404 829 451 cause
849 380 1025 449 Brirrinen.
1045 380 1203 471 quaestio
1227 380 1293 448 ista
1319 393 1370 447 est

176 497 181 502 ·
275 473 459 551 disputata.
475 471 718 556 Controversia
731 472 826 539 enim
843 471 932 537 inter
946 470 1210 558 Episcopum-et
1227 489 1371 538 menas-

271 561 401 629 terium
424 582 497 628 non
513 576 584 628 erat
599 561 643 627 de
664 561 922 649 opportunitate
948 557 1149 645 parochiam
1172 557 1370 642 dividendi,

276 650 335 717 sed
352 652 395 717 de
407 649 553 717 iuridica
569 650 704 717 futurae
722 650 899 735 paroeciae
915 650 1058 717 ratione.
1079 648 1122 715 ln
1138 650 1228 715 hanc
1245 649 1373 715 saltem

275 738 330 806 ius
347 751 546 827 patronatus
564 760 626 824 pro
650 760 686 806 se
702 738 924 806 vindicabant
944 739 1131 827 regulares.
1153 736 1369 825 Episcopus,

275 842 407 913 contra,
437 829 534 919 plura
563 828 720 912 exempla
748 828 911 894 afferebat
934 826 1117 895 erectionis
1138 825 1279 893 alterius
1309 847 1371 914 pa-

217 971 220 977 ,
275 916 408 986 roeciae
425 937 485 1005 per
502 916 710 983 divisionem
734 916 914 1003 paroeciae
930 916 1034 983 etiam
1051 915 1190 1004 proprie
1206 930 1239 982 et
1263 915 1372 1002 plene

275 1006 453 1095 regularis,
464 1006 539 1072 sine
552 1007 624 1085 ullo
635 1005 866 1095 Regularium
879 1006 953 1072 iure
966 1002 1368 1092 in'novampareeciam.

277 1094 320 1162 ln
332 1116 439 1183 quam
452 1094 658 1162 sententiam
670 1095 839 1161 concessit
853 1092 889 1162 S.
910 1093 1157 1183 Congregatie‚
1176 1092 1371 1160 iudicando

275 1183 403 1251 liberae
430 1183 624 1251 collationis
651 1204 725 1250 esse
752 1184 918 1250 vicariam
946 1198 1100 1250 exortam
1127 1190 1166 1250 ex
1194 1181 1372 1249 divisione

274 1272 437 1340 ecclesiae
453 1272 658 1340 coniunctae
676 1273 923 1339 monasterio1.
1020 1312 1023 1318 ·
1279 1350 1281 1353 ¹

320 1359 358 1429 Si
385 1383 468 1429 vero
495 1362 698 1429 instituendi
726 1362 842 1428 vicarii
867 1361 943 1445 dos,
970 1380 1059 1448 quae
1074 1360 1123 1427 ·in
1147 1360 1236 1427 dicta
1260 1380 1370 1427 causa

274 1449 414 1518 aliunde
430 1451 644 1537 sumebatur,
663 1451 848 1518 constituta
865 1463 953 1516 esset
969 1471 1009 1516 ex
1029 1449 1133 1517 bonis
1161 1449 1368 1516 monasterii

273 1559 334 1605 seu
362 1538 525 1629 antiquae
552 1540 742 1629 paroeciae,
773 1538 983 1607 monasterio
1010 1537 1159 1624 iunctae,
1193 1557 1277 1603 tunc
1310 1538 1370 1605 ius

275 1642 475 1716 patronatus
506 1644 538 1696 et
570 1628 716 1718 proinde
744 1629 798 1695 ius
827 1628 1068 1717 praesentandi
1095 1627 1263 1695 vicarium
1290 1648 1370 1694 non

268 1718 583 1873 ¹{Issetmorlqasterio
599 1717 857 1807 denegandum.
888 1716 960 1785 Cfr.
982 1717 1162 1800 Festinus,
1181 1716 1313 1801 Bourx,
1336 1731 1370 1782 et

305 1823 417 1875 anua
467 1808 603 1877 naeth
651 1847 653 1852 -
1193 1813 1195 1819 '
1291 1846 1293 1851 -
1342 1846 1358 1851 --

663 1952 965 1963 ———-=-—-—-

552 2092 849 2195 Quassus
893 2082 1078 2174 VARIA

269 2278 323 2353 N.
344 2285 389 2353 B.‘
405 2287 584 2378 Deinceps,
603 2288 667 2357 hoc
683 2290 794 2377 titulo,
813 2292 980 2380 quasdam
997 2290 1213 2380 quaestiones
1229 2286 1361 2355 solvere

360 2377 553 2466 cogitamus
569 2399 656 2467 quas
676 2381 730 2447 vel
739 2379 863 2468 sactae
879 2378 1174 2470 interrogationes
1189 2377 1242 2445 vel
1256 2396 1361 2443 exor-

360 2474 414 2532 tae
430 2470 686 2536 controversiae
703 2471 978 2538 demonstrarint
989 2492 1060 2539 esse
1076 2477 1306 2560 opportunae.

270 2656 297 2720 Ι.
321 2652 366 2722 lle
389 2653 627 2748 interruptione
660 2656 848 2726 nevieiatus
881 2657 922 2725 uh
956 2655 1052 2724 unlus
1074 2651 1136 2723 dlel
1170 2649 1358 2721 absentiam

317 2828 347 2896 l.
374 2834 619 2917 quaestionis
642 2832 807 2903 occasio.
835 2827 984 2922 Egregia
1008 2829 1203 2920 ephemeris
1218 2830 1292 2907 Ant
1311 2845 1360 2896 Du

271 2917 437 3004 Caneri,
456 2919 499 2984 de
523 2922 622 2987 cuius
637 2925 840 2992 auctoritate
863 2922 1046 3011 quidpiam
1074 2919 1254 3008 detrahere
1269 2917 1358 2984 noli-

270 3027 361 3092 mus
381 3006 446 3087 bis,
470 3008 524 3075 13a
540 3007 613 3075 iulii
631 3024 665 3077 et
680 3008 716 3075 ‘2⁸
731 3005 935 3078 novembris
956 3010 1053 3100 1905,
1071 3023 1243 3078 assertum
1266 3005 1358 3074 istud

269 3097 501 3185 propugnavit
532 3100 715 3186 generale:
754 3125 767 3163 rr
800 3098 924 3168 Statim
956 3121 994 3167 ac
1026 3096 1184 3165 novicius
1211 3097 1270 3186 vel.
1298 3115 1358 3186 per

268 3206 377 3252 unam
388 3200 524 3252 tanturn
541 3205 691 3274 noctem,
707 3189 809 3257 etiam
822 3185 1023 3256 necessitate
1035 3187 1251 3274 compulsus,
1265 3200 1357 3252 extra

267 3273 460 3343 noviciatus
484 3276 631 3342 domurn
647 3294 802 3345 versatus
818 3279 874 3363 sit,
900 3277 946 3344 ita
970 3275 1238 3361 interrumpitur
1261 3272 1355 3341 novi·

268 3362 388 3447 ciatuS,
407 3380 446 3430 ut
472 3366 526 3431 vel
553 3364 671 3432 denuo
695 3369 738 3433 sit
761 3367 993 3452 inchoandus,
1012 3367 1065 3455 vel
1088 3362 1299 3456 postulanda
1309 3361 1355 3429 sit

270 3449 307 3520 S.
326 3449 428 3520 Sedis
444 3453 667 3541 dispensatio.
687 3480 701 3517 rr

315 3540 501 3630 Proposita
531 3555 648 3609 tamen
679 3560 883 3634 argumenta
914 3543 1028 3610 visum
1062 3557 1113 3610 est
1152 3541 1208 3608 hic
1247 3559 1354 3628 aequa

267 3628 394 3697 librare
410 3632 520 3715 lance,
534 3652 591 3715 ne,
606 3632 702 3720 quod
718 3638 896 3721 timemus,
912 3633 1068 3720 plurium
1085 3631 1193 3699 animi
1211 3628 1352 3697 articulo

267 3719 333 3787 isto
349 3740 474 3806 parurn
489 3719 620 3787 utiliter
636 3739 937 3791 commoveantur.

313 3816 365 3884 Il.
391 3822 593 3905 Proposita
618 3828 844 3905 argumenta
869 3827 908 3888 in
940 3819 1025 3885 AMI-
1043 3835 1092 3886 DU
1120 3817 1288 3902 CLERGE.
1314 3849 1351 3864 -·

225 4128 227 4131 ,
294 4076 369 4125 ¹Cfr.
390 4077 506 4124 Thesaur.
518 4077 596 4124 Resel.
615 4078 644 4125 S.
657 4078 685 4125 C.
699 4078 727 4125 0.
740 4082 760 4125 t.
774 4095 800 4127 12
810 4080 896 4137 (1743).
915 4077 1055 4136 Brixinen‚
1074 4087 1101 4128 16
1111 4076 1180 4127 febr.
1190 4131 1193 4138 Ι
1202 4086 1229 4127 16
1240 4081 1315 4126 mart.
1327 4079 1350 4122 et

266 4159 293 4192 22
304 4141 362 4190 iun.
373 4151 438 4202 1743,
447 4157 475 4202 p.
487 4152 565 4202 46·49,
577 4151 615 4202 69,
628 4150 678 4192 132.

294 4210 304 4244 2
315 4209 347 4256 L.
360 4222 384 4256 c.
393 4222 421 4257 n.
434 4217 462 4268 39
473 4223 480 4266 ;
493 4211 592 4267 Boum,
605 4211 622 4257 l.
635 4223 659 4258 c.
669 4223 697 4270 p.
709 4224 753 4267 277
765 4223 771 4266 ;
784 4211 847 4259 Van
858 4223 894 4258 os
906 4212 1015 4270 Boset,
1025 4224 1052 4260 n.
1066 4219 1103 4259 83.
