2959 4900
323 284 363 347 4⁶.)
777 306 957 343 mortuarum

138 455 180 504 Ad
190 458 270 504 instar
323 444 466 511 levamen,
481 454 601 515 excepta
612 451 712 496 tamen
726 440 861 497 Plenaria
873 440 905 497 in
915 439 1016 496 mortis
1030 440 1153 498 articulo
1162 442 1312 507 lucranda,
1322 441 1395 515 appli-

109 529 189 583 ’Μ
213 528 270 574 tw
323 514 441 583 cabiles,
464 512 524 569 fere
544 513 582 567 ad
604 512 696 567 instar
717 510 836 567 illarum
860 528 1020 580 concessas
1046 530 1122 585 quae
1148 513 1275 570 Coronis
1298 514 1396 587 Septem

110 573 189 620 artant
203 586 268 620 00'0·
325 586 472 642 Dolorum
481 584 612 640 eiusdem
627 584 733 639 Beatae
745 582 874 655 Virginis
886 595 955 640 sunt
968 585 1106 640 adnexae.

109 635 270 735 ssgssmsspm
363 670 390 713 10
413 656 483 721 Illis,
503 655 556 729 qui
573 654 709 727 publicae
727 654 889 711 recitationi
909 656 1045 711 Coronae
1063 655 1142 729 apud
1162 655 1308 712 Ecclesias
1323 653 1398 710 trium

219 724 225 735 '
324 728 471 784 Ordinum
484 727 635 783 habendae
653 725 826 794 adstiterint,
847 726 965 784 easdem
984 726 1093 783 tribuat
1110 727 1320 801 Indulgentias
1337 742 1398 799 quae

325 802 439 856 Fratres
453 811 482 856 et
495 800 615 855 Sorores
629 796 720 872 ipsius
739 796 868 867 Ordinis
885 797 1122 872 quibuscumque
1142 813 1210 854 sunt
1223 799 1332 868 sociati,
1345 814 1399 871 pro·

324 881 493 929 merentur·
580 903 584 910 ·

360 956 391 1013 20
406 913 623 1013 Indulgentiam
632 938 809 996 plenariam
828 939 874 1009 iis,
890 939 951 1012 qui,
969 939 1150 997 confessione
1169 940 1277 1015 expiati
1295 952 1321 996 et
1333 956 1399 995 sacra

324 1012 543 1071 communione
557 1010 665 1079 refecti,
683 1012 807 1067 eandem
825 1012 975 1067 Coronam
993 1012 1141 1067 recitarint
1161 1012 1190 1067 in
1212 1013 1310 1069 Fertis
1320 1010 1399 1067 cuius·

324 1102 383 1159 que
408 1104 424 1140 e
446 1085 563 1157 Septem
586 1081 717 1148 Gaudiis,
743 1094 832 1154 atque
858 1082 888 1137 in
911 1082 1003 1138 Festis
1028 1084 1287 1157 principalioribus
1311 1084 1399 1137 Beatae

323 1155 462 1228 Virginis,
491 1154 537 1210 vel
562 1170 613 1226 per
639 1154 781 1210 Octavam
807 1164 931 1280 utrapue
956 1155 1040 1209 Festa
1071 1156 1319 1227 subsequentem;
1344 1153 1399 1231 item

324 1226 499 1284 Pleaariam
509 1225 602 1281 semel
613 1225 644 1280 in
661 1242 760 1281 mense
772 1223 874 1281 lucran
896 1226 993 1281 amab
1006 1226 1051 1291 iis,
1066 1227 1117 1298 qui
1130 1227 1281 1282 Coronam
1295 1224 1399 1294 singulis

324 1299 459 1356 Sabbatis
482 1296 686 1353 consueverint
713 1295 858 1364 recitare3
887 1313 1004 1353 necnon
1028 1296 1203 1354 Plenariam
1231 1298 1261 1352 in
1290 1294 1399 1352 articulo

325 1370 439 1436 mortis,
457 1386 511 1441 pro
530 1368 575 1434 iis,
595 1368 648 1440 qui
663 1369 814 1424 Coronam
832 1367 1017 1439 retinuerint,
1033 1368 1187 1441 ipsamque
1201 1368 1361 1441 frequenter
1376 1366 1397 1419 in

324 1442 384 1498 vita
397 1440 611 1514 percurrerint;

359 1514 390 1569 30
400 1511 564 1573 ¹Partialem
577 1514 773 1566 trecentorum
787 1526 934 1566 annorum
954 1509 998 1580 iis,
1012 1510 1065 1582 qui
1077 1511 1201 1567 eandem
1224 1512 1366 1567 Coronam
1375 1508 1397 1561 iu

323 1584 390 1640 aliis
406 1582 498 1639 Fesris
514 1583 620 1638 Beatae
632 1582 746 1639 Mariae
759 1580 890 1653 Virginis
903 1582 1104 1651 recitaverint;
1119 1583 1311 1638 ducentorum
1325 1596 1397 1635 anno·

323 1654 449 1722 samiis,
463 1652 514 1727 qui
534 1654 637 1709 diebus
657 1652 765 1709 festivis
784 1652 820 1708 de
832 1663 1005 1735 praecept03
1029 1663 1057 1709 et
1077 1665 1191 1709 centum
1211 1650 1396 1715 annorumiis,

323 1727 375 1799 qui
394 1726 441 1782 die
460 1724 599 1793 Sabbati;
620 1741 654 1779 ac
667 1725 789 1779 demum
801 1735 992 1800 septuagenta
1012 1741 1159 1780 annorum
1172 1736 1200 1782 et
1214 1726 1330 1781 totidem
1342 1738 1397 1796 qua·

323 1800 530 1872 drageaarum
545 1796 685 1852 omnibus
703 1794 840 1867 quotiens
858 1796 952 1868 ipsam
971 1798 1120 1851 Coronam
1137 1812 1327 1869 quocumque
1344 1790 1398 1849 anni

323 1870 370 1926 die
383 1867 590 1941 persolverint;

358 1954 391 2011 40
406 1939 562 1995 Partialem
574 1939 674 1994 decem
685 1953 834 1993 annorum
849 1938 894 2007 iis,
908 1938 959 2011 qui
973 1938 1097 1994 eandem
1112 1939 1263 1994 Coronam
1275 1938 1318 1992 uti
1329 1951 1397 2006 supra

324 2012 518 2078 benedictam,
533 2010 610 2082 apud
624 2026 654 2065 se
673 2007 841 2076 retinentes
855 2026 980 2091 eamque
998 2009 1166 2082 frequenter
1185 2010 1343 2074 recitantes,
1361 2006 1398 2061 ali·

324 2083 406 2157 quod
418 2082 502 2156 pium
512 2098 588 2153 opus
597 2081 627 2136 in
639 2079 695 2138 Dei
708 2078 864 2148 honorem,
879 2081 924 2136 vel
934 2098 966 2135 1n
975 2080 1157 2153 spiritualem
1167 2094 1218 2136 aut
1227 2079 1399 2151 temporalem

325 2154 451 2226 proximi
470 2153 626 2208 utilitatem
646 2151 838 2213 exercuerint,
854 2164 906 2206 aut
924 2151 955 2205 in
973 2152 1119 2208 honorem
1138 2154 1257 2225 Septem
1278 2151 1398 2224 Deiparae

327 2225 510 2351 Gaudissrum
524 2224 697 2296 Angelicam
710 2222 924 2279 Salutationem
939 2224 1043 2297 septies
1055 2223 1248 2280 recitaverint.

363 2300 401 2353 Et
444 2312 504 2351 eus.
793 2312 796 2318 ·
923 2312 924 2316 ¹

364 2436 571 2495 Sanctissimus
587 2434 733 2493 Dominus
748 2436 857 2492 Noster
878 2436 947 2492 Pius
968 2439 1049 2511 Papa
1061 2437 1088 2492 X
1100 2436 1130 2492 in
1150 2435 1308 2494 Audientia
1319 2432 1400 2490 habita

328 2510 375 2567 die
388 2511 420 2569 23
436 2509 552 2580 augusti
569 2508 633 2581 1905
650 2508 686 2563 ab
699 2507 884 2580 infrascripto
898 2509 1047 2565 Cardinali
1064 2509 1213 2565 Praefecto
1227 2511 1329 2564 Sacrae
1340 2507 1401 2560 Con·

328 2580 505 2655 gregationis
528 2578 722 2651 Indulgentiis
744 2579 899 2653 Sacrisque
920 2580 1061 2652 Reliquiis
1080 2580 1271 2653 praepositae,
1295 2577 1401 2648 benigne

328 2651 433 2709 annuit
447 2669 501 2724 pro
515 2651 608 2723 gratia
628 2650 659 2704 in
678 2649 818 2706 omnibus
839 2651 921 2706 iuxta
939 2669 1050 2727 preces.
1073 2652 1222 2708 Praesenti
1243 2651 1361 2707 valituro
1378 2646 1401 2699 in

329 2742 381 2798 per
402 2736 505 2779 etuum
529 2739 597 2777 cum
618 2720 803 2794 expeditione
827 2723 935 2785 Brevis,
964 2723 1048 2778 cuius
1072 2723 1229 2797 exemplar,
1248 2724 1301 2779 sub
1322 2733 1400 2794 poena

329 2742 473 2851 nuliitatis
486 2793 594 2867 gratiae
607 2793 754 2861 obtentae,
771 2793 808 2847 ad
821 2794 1012 2850 Secretariam
1031 2795 1119 2849 huius
1138 2797 1243 2852 Sacrae
1257 2795 1401 2866 Congrege-

328 2867 418 2994 ponis
431 2866 485 2922 erit
496 2865 765 2920 transmittendum.
773 2864 944 2921 -Contrariis
956 2865 1194 2939 quibuscumque
1205 2883 1269 2922 non
1282 2865 1401 2920 obstanti·

350 2955 394 2994 us

143 3039 203 3087 Dm
236 3043 278 3099 (23
367 3011 475 3064 Datum
496 3009 607 3062 Romae
626 3023 642 3062 e
661 3006 822 3062 Secretaria
840 3007 971 3063 eiusdem
990 3008 1095 3064 Sacrae
1114 3005 1349 3081 Congregationis
1366 3000 1401 3055 die

37 3124 39 3161 3
118 3111 172 3156 aug.
184 3101 260 3158 1905).
331 3081 363 3136 23
377 3079 493 3152 augusti
509 3080 586 3152 1905.

912 3150 947 3204 A.
963 3149 1049 3204 Card.
1063 3151 1196 3217 Tarpam,
1210 3151 1311 3223 Praes.

707 3218 747 3274 D.
760 3219 880 3288 Potrici,
894 3220 1037 3294 Archiep.
1053 3221 1228 3292 Laodicen.⁷
1239 3222 1344 3276 Secret.

367 3518 437 3604 93.
464 3571 505 3581 -
527 3486 563 3600 s.
589 3529 731 3600 torsa.
758 3530 1030 3602 rrtsooeoautt
1054 3531 1106 3600 rr
1129 3527 1368 3602 struimur

552 3715 761 3771 RESPONSA
780 3717 791 3751 ¹
811 3718 826 3770 t
845 3716 1099 3773 suerasfflffls
1119 3718 1202 3772 1905

488 3869 541 3925 De
559 3869 789 3950 confessariis
808 3871 1000 3927 ordinariis
1018 3872 1267 3943 religiosarum

150 4038 240 4084 Orator
370 4020 474 4074 Petrus
506 4015 651 4071 Gonzalez
681 4028 710 4072 et
738 4018 870 4082 Estrada‚
905 4018 1064 4092 Episcopus
1098 4013 1138 4073 S.
1156 4010 1352 4088 Christophori
1375 4006 1403 4058 de

146 4094 245 4138 nauta.
335 4091 470 4158 Habana‚
493 4104 583 4143 omne
604 4087 740 4144 illicitum
754 4089 843 4145 vitare
866 4089 996 4163 cupiens,
1019 4108 1036 4145 a
1055 4090 1142 4145 Sacra
1163 4087 1366 4161 Episcoporum
1382 4087 1403 4129 et

364 4291 373 4324 1
392 4289 469 4334 Aera
485 4289 513 4334 S.
529 4287 619 4340 Sums,
638 4290 656 4332 t.
673 4293 701 4335 28
717 4287 807 4345 (1905),
823 4299 851 4344 p.
870 4293 920 4342 148.
