2959 4900
276 234 314 269 nr
328 234 406 271 accc.
422 234 459 270 rr
473 232 595 281 ortam.
612 234 706 273 unta.
721 233 813 289 casua
827 234 837 268 1
852 234 889 270 na
904 233 1051 271 necamus
1184 214 1200 273 'l

108 388 270 457 expressa
280 366 485 435 delinitione
497 366 540 435 C.
553 365 753 437 Tridentini
766 369 790 451 ¹,
804 365 999 435 visitatione
1016 366 1201 457 episcopali

107 470 192 525 sunt
203 471 398 545 exemptae,
409 462 531 523 verum
548 456 666 542 etiam,
691 470 731 524 ut
747 456 949 545 pronuntiat
964 456 1202 527 Banssotctus

107 544 198 613 XIV
211 546 237 633 ²,
255 567 269 610 t
285 545 457 614 abstinere
468 544 617 619 omnino
633 544 736 613 debet
755 543 952 633 Episcopus
966 559 1039 613 tarn
1054 568 1074 613 a
1090 546 1201 623 visita·

108 636 207 703 tione
234 656 340 724 quarn
366 632 410 703 ab
438 632 508 703 alio
524 655 760 723 ¹quocumque
787 633 1036 709 iurisdictionis
1064 650 1142 704 actu
1165 636 1203 705 in

109 722 315 793 huiusmodi
332 722 510 794 Parochos
525 737 560 791 et
577 724 827 795 Parochianos.
849 748 863 785 l
1188 740 1191 746 ·

155 812 323 903 Ambigat
360 811 535 902 quispiam
578 826 699 881 utrum
737 832 847 881 necne
890 810 1011 881 eadem
1050 812 1203 901 exceptio

110 902 348 970 transferenda
373 901 418 970 sit
443 900 481 969 in
507 900 585 970 illas
611 899 771 970 ecclesias
798 900 1090 970 monasteriorum
1117 923 1204 991 quas

110 990 362 1059 Tridentinum
389 990 590 1060 Concilium
606 990 747 1075 (eodem
762 990 856 1072 loco)
872 988 952 1059 ideo
975 1008 995 1058 a
1010 988 1204 1077 visitatione

110 1079 297 1169 episcopali
321 1079 400 1148 iecit
415 1080 604 1157 immunes,
630 1082 713 1170 quia
728 1079 828 1149 sedes
854 1078 1053 1147 ordinariae
1079 1079 1204 1169 princi·

110 1169 207 1256 pales
224 1182 305 1237 sunt
321 1168 486 1258 Capitum
514 1167 693 1239 Ordinum
708 1170 763 1236 vel
780 1166 958 1239 Abbatum
974 1166 1202 1257 generalium.

157 1256 278 1345 Quam
293 1279 398 1347 porro
413 1258 651 1327 extensionem
667 1256 866 1347 negandam
889 1278 964 1325 esse
983 1256 1203 1344 arbitramur.

114 1347 258 1415 Etenim
273 1346 415 1415 facultas
426 1346 460 1415 vi
476 1346 577 1415 cuius
591 1347 788 1437 Episcopus
804 1348 1018 1435 regularium
1032 1346 1223 1433 paroecias

111 1435 268 1515 dividere
294 1435 503 1525 permittitur
530 1436 677 1506 minime
702 1438 864 1503 cohaeret
890 1456 972 1503 cum
998 1434 1109 1523 ipsius
1131 1436 1206 1504 iure

111 1525 289 1614 regulares
315 1524 492 1615 paroecias
512 1525 686 1593 visitandi.
715 1524 818 1593 Prior
844 1524 1021 1614 Episcopo
1048 1524 1206 1593 concedi·

111 1629 170 1683 tur
186 1613 229 1681 C.
248 1613 446 1682 Tridentini
462 1626 494 1682 se
506 1614 608 1702 XXI,
626 1636 656 1685 c.
675 1636 698 1701 4
713 1614 757 1681 de
775 1612 869 1700 Ret,
887 1612 993 1699 altera
1015 1610 1207 1682 affirmatur

112 1717 143 1771 5⁸
157 1702 274 1791 XXV,
293 1703 346 1769 De
365 1702 493 1789 Regul.
511 1719 544 1771 et
561 1704 662 1772 Mon.
683 1722 692 1789 3
712 1704 807 1792 prior
822 1703 858 1771 in
875 1701 954 1792 ipso
965 1717 1016 1769 est
1027 1717 1206 1792 tamquam

113 1792 151 1860 in
174 1792 396 1879 Apostolicae
413 1790 514 1861 Sedis
531 1791 605 1860 dele
632 1805 701 1878 ato,
718 1793 825 1860 altera
840 1792 883 1859 ad
905 1790 1117 1861 ordinariam
1132 1790 1208 1860 eius

35 1915 40 1925 ·
114 1880 322 1949 adscribitur
337 1893 541 1968 potestatem
558 1881 583 1949 ³.
603 1814 735 1968 {aare
761 1895 799 1948 ut
819 1901 938 1948 rursus
966 1878 1069 1968 habet
1087 1880 1206 1948 BENE·

116 1986 249 2039 uterus
271 1969 371 2055 XIV,
389 1970 427 2038 in
449 1970 538 2037 dicta
554 1969 676 2038 Const.
702 1970 906 2038 Firmandis
929 1970 955 2054 ⁴,
984 1970 1156 2058 exemptio
1187 1991 1207 2037 a

114 2058 311 2127 visitatione
338 2058 487 2127 minime
516 2058 626 2127 aufert
656 2060 833 2149 Episcopo
864 2058 1140 2127 iurisdictionem
1170 2058 1208 2126 in

116 2148 359 2238 parochianos,
387 2149 442 2215 vel
457 2148 514 2216 ius
528 2146 679 2216 instandi
696 2148 788 2237 apud
819 2147 1044 2237 Superiorem
1061 2146 1209 2216 Genera·

116 2241 187 2305 lem
202 2236 431 2325 utparochus
446 2257 553 2325 quern
572 2237 770 2326 Episcopus
786 2238 920 2305 noverit
936 2236 1027 2305 male
1043 2234 1208 2307 adminis

115 2337 265 2394 trantem
277 2326 321 2394 ab
334 2325 531 2393 animarum
547 2346 629 2394 cura
641 2340 872 2396 removeatur.

162 2415 212 2484 N.
244 2414 287 2483 B.
316 2414 367 2484 Ex
390 2434 466 2504 cap.
496 2415 528 2502 5,
560 2416 614 2484 De
637 2416 808 2507 religiosis
836 2412 1002 2484 domibus
1026 2414 1119 2501 (ΙΙΙ,
1137 2415 1207 2504 36),

117 2518 231 2594 potest
264 2503 460 2594 Episcopus
494 2505 672 2573 ecclesiam
708 2506 916 2595 regularem,
949 2503 1210 2594 aregularibus

116 2593 225 2661 nimis
247 2596 452 2684 neglectam,
470 2594 513 2661 ad
529 2596 740 2663 saecularem
762 2595 927 2663 reducere,
952 2593 1207 2664 condicionem.

116 2682 252 2750 Verum
286 2698 406 2751 monet
435 2682 596 2755 WERttz.
628 2697 654 2752 t.
685 2706 716 2752 a.
751 2705 786 2754 n.
822 2683 900 2770 260,
937 2696 1011 2752 not.
1046 2704 1099 2769 22,
1132 2697 1211 2773 post

120 2771 178 2839 DE
193 2773 372 2849 Auoums,
392 2772 428 2839 in
444 2773 467 2838 l.
488 2772 522 2856 3,
537 2786 563 2839 t.
582 2773 638 2860 36,
655 2795 692 2841 n.
712 2773 746 2863 5,
763 2773 903 2865 negotia
916 2770 1119 2842 huiusmodi
1136 2792 1210 2842 esse

119 2859 227 2929 hodie
244 2858 281 2928 S.
298 2859 379 2930 Sedi
393 2875 573 2935 reservata.
1137 2884 1139 2888 ·

165 2949 360 3038 Postquam
383 2948 499 3038 itaque
514 2950 667 3040 legitime
682 2949 772 3021 facta
786 2949 889 3019 fuerit
904 2948 1108 3018 huiusmodi
1124 2949 1209 3018 divi·

119 3038 172 3106 sio
198 3038 363 3106 ecclesiae
383 3039 561 3128 regularis,
590 3041 761 3129 putaverit
776 3039 952 3129 quispiam
979 3059 1018 3108 ex
1041 3038 1211 3108 divisione

121 3127 288 3195 oriundas
313 3147 388 3196 esse
415 3141 528 3217 partes
558 3128 808 3218 homogeneas‚
841 3131 889 3196 ita
918 3142 958 3197 ut
984 3127 1090 3196 etiarn
1121 3150 1211 3197 nova

121 3215 395 3286 ecclesiafutura
418 3217 462 3284 sit
477 3216 553 3306 ipso
569 3217 645 3286 iure
661 3217 841 3308 regularis.
874 3216 1049 3285 {dtamen
1065 3219 1211 3286 minime

122 3320 265 3374 constat.
293 3305 524 3374 Econtrario.
545 3305 639 3375 Cum
662 3307 785 3375 sileant
809 3307 885 3374 iura
908 3319 942 3374 et
956 3327 1047 3375 nova
1070 3307 1211 3376 ecclesia

122 3395 235 3462 rivere
247 3393 391 3482 incipiat
404 3394 470 3462 rita
483 3395 635 3484 propria,
649 3408 752 3465 restat
766 3411 805 3463 ut
821 3395 878 3464 hic
893 3395 1028 3464 valeant
1043 3392 1211 3485 principia

124 3484 297 3572 generalia
319 3483 417 3567 iuris,
435 3505 525 3585 quae
541 3484 662 3552 iubent
679 3483 848 3552 beneficia
871 3505 946 3552 esse
970 3483 1156 3552 saecularia
1179 3498 1212 3552 et

125 3571 250 3640 liberae
282 3571 488 3658 collationis,
509 3571 588 3640 nisi
620 3573 709 3642 ratio
728 3572 909 3654 contraria
942 3573 1209 3640 demonstretur.

126 3660 238 3748 Atque
269 3661 337 3728 hoc
367 3660 475 3728 modo
513 3662 783 3730 controversiam
819 3662 921 3730 solvit
960 3661 1000 3730 C.
1035 3661 1212 3728 Romanos

125 3749 307 3839 Pontfices
343 3750 355 3784 ⁵
390 3750 432 3816 de
464 3750 633 3817 divisione
672 3750 882 3818 missionum
925 3752 1137 3840 regularium
1176 3750 1212 3816 in

154 3947 161 3981 ¹
177 3946 203 3995 S.
214 3947 297 4000 XXV,
310 3959 333 3993 c.
346 3946 384 3993 De
392 3945 529 4004 Religiosir.

153 4012 204 4060 ²0.
215 4011 365 4062 Firmandr's.
379 4026 406 4059 n.
421 4020 457 4059 13.
470 4013 672 4067 vertunensem
686 4011 722 4058 De
732 4011 866 4070 Religiosis,
876 4015 895 4057 t.
908 4027 930 4066 2,
942 4023 970 4068 p.
982 4016 1034 4067 681,
1046 4017 1097 4058 682.

154 4078 353 4128 ³Bartnn1crus
363 4078 437 4132 XIv.
450 4076 546 4126 eodem
556 4077 626 4124 loco.

154 4145 166 4178 ⁴
177 4143 210 4191 N.
223 4159 256 4201 17·
266 4145 468 4198 vertunensem
478 4155 523 4202 op.
533 4140 580 4190 cit.
594 4156 621 4200 p.
631 4149 683 4192 683.

154 4211 166 4244 ⁵
178 4209 210 4257 N.
223 4215 248 4258 15
258 4216 284 4258 et
297 4217 332 4267 16,
343 4209 400 4257 cfr.
409 4210 612 4265 Vennenses,
624 4207 807 4267 DaReligr‘rsir,
820 4208 847 4254 11
858 4221 886 4266 p.
898 4221 950 4264 72⁴.
961 4211 1013 4264 72⁵·
