2959 4900
446 335 483 369 nr
499 332 687 370 courruruoun
702 260 853 367 committa
922 356 924 359 -
1150 310 1190 372 83

103 465 301 533 virtutibus.
321 465 408 535 Aliis
425 466 539 535 verbis
555 466 623 535 dici
640 477 752 555 potest
770 491 778 533 z
805 463 916 533 serius
932 486 1136 554 progressus
1153 466 1190 533 in

102 554 158 621 via
173 577 283 643 quam
305 572 429 624 vocant
450 556 681 645 purgativam,
700 576 782 623 cum
798 569 924 622 conatu
941 556 978 623 in
993 555 1049 622 via
1064 554 1190 623 illumi-

101 644 219 711 nativa
233 644 491 735 progrediendi.

144 758 166 796 u
187 732 404 803 Communia
427 734 599 802 cotidiana
622 732 774 822 requirit¹
790 753 863 800 nort
883 732 999 800 solum
1023 746 1189 802 conatum

100 821 235 890 serium
258 823 437 912 pugnandi
454 838 573 891 contra
590 844 713 911 pravos
729 820 885 909 affectus,
903 821 962 889 sed
979 821 1190 913 exstirpatio·

100 932 186 979 nem
198 932 385 997 pravorum
398 913 598 1000 affectuum,
613 932 652 979 ex
665 932 793 1000 magna
805 922 899 998 parte
916 930 1034 978 revera
1050 910 1187 999 factam,

100 1016 134 1067 et
166 1001 311 1087 insuper
349 1020 514 1070 conatum
545 1000 693 1069 omnino
725 1000 855 1067 serium
889 1000 1116 1068 incumbendi
1152 1002 1189 1069 in

101 1089 329 1157 christianam
352 1091 599 1179 perfectionem
625 1105 657 1158 et
680 1088 911 1157 imitationem
930 1088 1058 1157 Christi
1075 1091 1189 1158 omni·

101 1178 247 1247 modam
263 1179 370 1267 idque
386 1181 534 1247 maxime
553 1178 683 1247 Christi
707 1178 883 1268 pauperis,
902 1176 1039 1263 abiecti,
1057 1178 1188 1267 patien·

98 1268 172 1354 tis;
198 1267 331 1355 paucis,
357 1270 488 1337 serium
511 1288 736 1357 progressum
762 1282 794 1334 et
817 1266 952 1334 fervens
975 1267 1189 1335 desiderium

100 1356 308 1444 proficiendi
324 1356 362 1425 in
377 1357 451 1426 dies
468 1359 579 1447 magis
592 1360 630 1424 in
643 1356 697 1424 via
710 1356 941 1424 illuminativa
958 1371 992 1424 et
1006 1356 1150 1426 unitiva.
1171 1384 1184 1421 r

148 1446 253 1514 Mens
274 1461 392 1515 autem
407 1469 478 1536 qua
493 1448 633 1536 regulae
656 1445 860 1513 huiusmodi
885 1446 1186 1536 proponebantur,

100 1536 186 1603 haec
214 1549 297 1603 erat.
333 1536 428 1604 Hinc
459 1536 603 1625 quidem
635 1534 879 1603 existimabant
912 1534 1186 1621 irreverentiam,

100 1625 225 1692 saltem
241 1624 426 1712 venialem,
439 1625 612 1693 committi
630 1625 674 1692 ab
690 1646 732 1692 e0
750 1623 823 1712 qui,
838 1622 957 1691 multis
970 1624 1081 1712 culpis
1093 1627 1186 1693 veni-

100 1714 215 1782 alibus
246 1735 320 1798 non
358 1714 513 1804 expiatis
546 1714 657 1787 immo
688 1713 818 1792 ouibus
849 1712 972 1780 affectu
1011 1713 1189 1783 inhaereat

99 1803 307 1890 maculatus,
325 1804 523 1892 frequenter
546 1818 661 1872 sumat
677 1796 871 1884 Christum,
890 1801 1006 1870 omnis
1028 1802 1188 1891 puritatis

100 1892 236 1960 fontem
253 1916 263 1972 ;
281 1891 376 1961 illinc
392 1914 474 1961 vero
490 1893 662 1961 maiorem
677 1891 788 1979 ipsius
804 1892 975 1958 sumentis
991 1891 1186 1963 considera·

99 1982 184 2049 bant
200 1979 385 2049 utilitatem
400 2008 409 2068 3
430 1981 647 2071 «siquidem
663 2001 821 2047 accessus
836 2001 918 2047 cum
933 1995 1052 2068 tepore
1068 1982 1187 2051 minus

100 2070 196 2139 iuvat
211 2091 320 2159 quam
336 2072 446 2140 rarior
462 2092 630 2158 accessus,
648 2070 723 2159 qui,
740 2081 862 2158 utpote
878 2070 999 2157 rarior,
1021 2069 1083 2138 fiat
1104 2092 1186 2141 cum

100 2160 234 2228 maiore
251 2160 383 2228 fervore
399 2174 432 2227 et
448 2160 638 2228 reverentia
657 2185 671 2222 r
691 2157 921 2246 (Lehmkuhl,
940 2172 964 2226 t.
985 2181 1017 2245 2,
1035 2164 1071 2228 n'.
1094 2160 1183 2250 157).

101 2248 251 2317 Fructus
264 2249 360 2317 enim
376 2270 417 2316 ex
433 2272 537 2338 opere
553 2249 698 2338 quidem
710 2261 853 2335 operato
866 2248 1049 2335 enascitur,
1062 2270 1185 2317 verum

98 2339 141 2406 ad
166 2337 434 2429 dispositionem
458 2338 604 2406 subiecti
621 2350 878 2426 attemperatus.
905 2336 1024 2424 Quare
1039 2359 1104 2426 pro
1120 2359 1185 2407 suo

98 2427 252 2518 quisque
274 2428 417 2518 ingenio
444 2442 479 2496 et
500 2428 620 2518 gentili
651 2426 783 2513 indole,
811 2426 869 2495 alii
897 2428 987 2495 alliis
1015 2427 1186 2497 maiorem

97 2517 268 2586 suadebat
289 2518 579 2588 moderationem.
609 2519 652 2584 ln
675 2537 745 2605 qua
768 2515 1015 2604 disputatione,
1038 2518 1185 2608 perspici

98 2621 291 2693 potuerunt
302 2609 408 2675 etiam
425 2607 567 2696 vestigia
583 2606 684 2674 istius
704 2631 717 2668 a
738 2605 917 2695 rigorismi
938 2632 950 2665 r
972 2606 1034 2695 qui
1052 2608 1185 2676 haeresi

98 2696 321 2766 iansenianae
344 2697 383 2764 in
406 2697 567 2787 pluribus
594 2695 752 2784 partibus
780 2695 961 2782 superfuit,
988 2713 1021 2763 et
1047 2697 1090 2764 de
1114 2697 1204 2786 quo

100 2785 136 2854 S.
159 2786 347 2855 Pontifex:
381 2787 519 2854 «Virus
545 2799 662 2853 tamen
686 2783 943 2870 iansenianum,
963 2786 1057 2872 quod
1075 2787 1184 2855 bono·

98 2897 179 2943 rum
191 2875 297 2945 etiam
312 2875 450 2944 animos
466 2875 641 2960 infecerat,
655 2874 721 2942 sub
737 2873 851 2961 specie
865 2873 1013 2941 honoris
1029 2897 1067 2942 ac
1083 2896 1184 2943 vene·

98 2961 246 3033 rationis
286 2965 524 3033 Eucharistiae
562 2964 683 3048 debiti,
724 2962 818 3029 haud
859 2964 996 3051 penitus
1032 2965 1182 3032 evanuit.

100 3054 272 3142 Quaestio
288 3055 331 3121 de
347 3053 636 3143 dispositionibus
659 3051 701 3120 ad
725 3052 1014 3139 frequentandam
1038 3070 1127 3121 recte
1151 3069 1186 3122 et

99 3143 253 3234 legitime
277 3143 577 3213 Communionem
601 3141 748 3210 Sanctae
772 3139 872 3210 Sedis
895 3140 1185 3211 declarationibus

98 3233 314 3322 supervixit;
346 3254 418 3322 quo
448 3233 657 3301 factumest
687 3244 725 3298 ut
755 3231 931 3317 nonnulli,
964 3231 1069 3299 etiam
1099 3233 1184 3299 boni

99 3322 254 3390 nominis
284 3322 452 3411 theologi,
482 3340 560 3389 raro
588 3334 621 3387 et
645 3319 768 3409 positis
795 3319 1036 3409 compluribus
1063 3322 1181 3388 condi-

97 3411 272 3499 cionibus,
290 3411 502 3480 cotidianam
521 3409 822 3480 Communionem
845 3407 1008 3478 fidelibus
1032 3410 1183 3498 permitti

97 3521 201 3589 posse
216 3501 424 3569 censuerint.
446 3525 460 3563 r
695 3579 698 3584 ,
728 3565 731 3571 ,

144 3591 264 3658 Restat
279 3611 374 3657 nunc
388 3603 427 3658 ut
442 3588 538 3657 brevi
555 3607 717 3657 sermone
740 3586 851 3676 ipsius
874 3586 1000 3656 decreti
1026 3601 1183 3657 tenorem

99 3679 347 3769 aliquantisper
362 3679 588 3747 illustremus.

145 3855 219 3924 ΙΙΙ.
241 3855 379 3926 Decreti
395 3855 592 3923 declaratio.

145 3968 175 4014 1.
196 3945 251 4015 De
266 3946 342 4036 ipsa
356 3945 627 4030 introductione,
645 3956 818 4031 quatenus
832 3940 1053 4029 praeteritam
1077 3940 1183 4008 histo-

99 4034 188 4102 riam
211 4034 408 4122 adumbrat,
430 4033 519 4103 nihil
535 4048 586 4102 est
601 4032 703 4100 nobis
727 4031 994 4101 disserendum:
1021 4052 1040 4098 a
1064 4043 1184 4099 nostro

98 4125 279 4213 proposito
302 4137 353 4192 est
375 4124 441 4192 hoc
465 4121 660 4212 argumenti
683 4141 795 4211 genus
818 4120 984 4192 alienum.
1006 4119 1096 4188 Satis
1120 4119 1184 4188 erit

99 4234 255 4303 monere,
284 4214 357 4283 vim
383 4215 510 4281 decreti
542 4227 575 4280 et
606 4209 774 4301 pontificii
806 4209 938 4277 oraculi
970 4231 1010 4278 ex
1042 4209 1184 4278 veritate

100 4301 243 4372 istarum
285 4302 606 4372 considerationum
647 4299 794 4368 minime
834 4300 998 4388 pendere.
1036 4298 1183 4372 Etiamsi
