2959 4900
311 313 350 375 78
736 337 874 384 quaestu
888 337 973 373 varra

308 471 504 541 functiones
528 472 733 562 quempiam
755 474 929 562 accedere,
955 473 1022 543 nisi
1051 487 1194 561 sancte3
1219 486 1308 541 certe
1322 494 1385 560 quo

309 561 421 651 magis
444 568 604 630 sanctitas
626 575 661 629 et
682 562 845 631 divinitas
871 562 1026 632 caelestis
1048 562 1155 631 huius
1184 560 1385 630 sacramenti

308 651 383 720 viro
407 649 608 720 Christiano
632 666 810 741 comperta
826 665 888 739 est,
907 674 949 721 eo
965 652 1167 743 diligentius
1191 671 1311 719 cavere
1335 651 1385 717 ille

307 740 411 808 debet
437 760 482 807 ne
509 739 642 829 absque
671 762 799 830 magna
822 741 1014 809 reverentia
1036 755 1070 809 et
1092 739 1271 809 sanctitate
1294 739 1386 807 adid

307 827 572 919 percipiendum
587 828 737 909 accedat,
758 830 962 918 praesertim
977 829 1135 901 cumilla
1155 830 1261 920 plena
1276 828 1385 897 fonni-

307 918 399 987 dinis
415 917 520 990 verba
535 919 628 1008 apud
644 920 855 1007 Apostolum
872 921 1052 1009 legamus:
1071 918 1145 1005 Qui
1161 917 1387 1007 manducaret

306 1007 396 1076 bibit
411 1006 568 1097 indigne,
586 1006 758 1075 iudicium
774 1008 840 1077 sibi
856 1008 1043 1078 manducat
1058 1022 1092 1076 et
1104 1007 1204 1092 bibit,
1218 1028 1293 1075 non
1308 1005 1386 1073 diiu-

306 1097 426 1164 dicans
456 1116 584 1186 corpus
617 1096 778 1165 Domini.
820 1096 941 1184 Quare
975 1097 1236 1165 communicare
1268 1095 1385 1164 volenti

306 1184 543 1254 revocandum
555 1198 605 1253 est
621 1185 658 1251 in
674 1185 883 1254 memoriam
899 1186 974 1254 eius
986 1201 1211 1277 praeceptum
1227 1210 1235 1254 :
1266 1184 1386 1253 Probet

306 1295 342 1342 se
355 1274 473 1363 ipsum
485 1273 606 1342 homo.
628 1274 868 1343 Ecclesiastica
886 1288 1003 1344 autem
1015 1274 1233 1343 consuetudo
1247 1274 1386 1341 declarat

306 1384 383 1431 eam
407 1363 653 1450 probationem
668 1364 899 1432 necessariam
915 1385 1002 1451 esse,
1020 1377 1060 1432 ut
1086 1364 1206 1432 nullus
1229 1363 1298 1432 sibi
1314 1383 1386 1431 con-

305 1456 397 1521 scius
409 1451 565 1521 mortalis
578 1452 707 1541 peccati
720 1453 947 1540 quantumvis
959 1452 1025 1521 sibi
1038 1453 1208 1524 contritus
1223 1453 1385 1535 videatur,

305 1541 437 1630 absque
464 1541 654 1628 praemissa
677 1542 916 1610 sacramentali
944 1542 1164 1611 confessione
1190 1542 1234 1610 ad
1264 1560 1386 1609 sacram

307 1628 564 1698 Eucharistiam
581 1629 744 1698 accedere
759 1629 894 1699 debeat.
917 1656 930 1693 r

345 1718 408 1787 Pia
421 1739 526 1806 porro
538 1719 898 1805 sequituradhortatio
910 1720 947 1787 in
960 1719 1071 1810 capite
1079 1719 1385 1809 sequenti,octav0,

304 1807 359 1876 his
375 1807 512 1877 verbis:
542 1834 557 1873 t
579 1808 730 1876 Paterno
747 1808 871 1877 affectu
888 1809 1054 1877 admonet
1073 1821 1191 1877 sancta
1215 1807 1385 1897 Synodus,

304 1897 473 1983 hortatur,
492 1911 592 1986 rogat
607 1911 641 1964 et
656 1897 813 1965 obsecrat
829 1918 890 1987 per
906 1897 1035 1966 viscera
1051 1896 1313 1965 misericordiae
1330 1896 1386 1963 Dei

303 1987 426 2074 nostri,
444 1999 483 2053 ut
498 2007 623 2054 omnes
646 2001 680 2053 et
703 1984 832 2075 singuli
856 1985 917 2075 qui
941 1986 1129 2054 christiano
1153 1986 1302 2053 nomine
1317 2006 1385 2053 cen·

303 2088 435 2163 sentur,
453 2074 491 2142 in
514 2076 581 2154 hoc
604 2075 745 2143 vinculo
761 2075 923 2163 caritatis,
941 2075 978 2142 in
994 2074 1062 2143 hoc
1077 2074 1289 2143 concordiae
1308 2094 1386 2163 sym·

302 2165 386 2233 bolo
410 2165 480 2232 iam
504 2164 646 2232 tandem
669 2165 860 2265 aliquando
876 2164 1085 2233 conveniant
1108 2179 1141 2231 et
1164 2163 1382 2241 concordent,

302 2273 548 2342 memoresque
560 2267 674 2320 tantae
690 2253 877 2321 maiestatis
894 2267 1014 2321 ettam
1029 2251 1146 2321 eximii
1163 2251 1297 2321 amoris
1315 2253 1385 2320 lesu
1446 2260 1447 2275 l

303 2342 434 2427 Christi
453 2341 599 2410 Domini
615 2343 760 2429 Nostri,
783 2343 845 2431 qui
870 2343 1031 2411 dilectam
1052 2342 1207 2413 animam
1230 2362 1333 2411 suam
1353 2339 1384 2407 in

302 2445 439 2501 nostrae
456 2430 576 2500 salutis
591 2430 757 2519 pretium,
778 2446 811 2499 et
826 2452 967 2501 carnem
984 2453 1084 2499 suam
1104 2432 1209 2499 nobis
1231 2431 1329 2499 dedit
1347 2428 1382 2498 ad

301 2520 603 2608 manducandum,
618 2522 701 2588 haec
713 2542 810 2588 sacra
822 2521 985 2612 mysteria
998 2522 1155 2610 corporis
1167 2534 1201 2588 et
1212 2517 1384 2611 sanguinis
1445 2537 1446 2540 ’

301 2610 377 2681 eius
392 2631 432 2680 ea
447 2609 530 2677 fidei
548 2608 742 2677 constantia
759 2623 792 2678 et
807 2609 983 2697 firmitate,
1009 2631 1049 2678 ea
1072 2610 1181 2679 animi
1205 2608 1384 2678 devotione

301 2723 340 2772 ac
356 2699 483 2790 pietate
495 2711 528 2766 et
541 2703 636 2766 cultu
653 2700 795 2767 credant
812 2713 846 2766 et
858 2713 1078 2788 venerentur,
1092 2712 1131 2767 ut
1146 2719 1278 2800 panem
1293 2699 1385 2765 illum

301 2787 670 2878 supersubstantialem
693 2787 890 2876 frequenter
914 2788 1088 2890 suscipere
1110 2801 1246 2888 possint
1265 2811 1276 2876 3
1305 2802 1345 2887 et·
1360 2785 1385 2852 is
1444 2807 1445 2810 ¹

301 2899 380 2946 vere
396 2878 439 2945 iis
455 2876 499 2945 sit
515 2878 652 2944 animae
668 2879 737 2945 vita
754 2892 787 2944 et
802 2894 970 2968 perpetua
985 2894 1113 2949 sanitas
1134 2891 1274 2958 mentis,
1293 2893 1385 2943 curus

301 2968 420 3056 vigore
432 2965 626 3053 confortati,
636 2986 676 3033 ex
688 2965 794 3033 huius
802 2966 949 3035 miserae
960 2965 1259 3056 penegrinationis
1271 2966 1384 3033 itinere

301 3058 344 3124 ad
360 3055 543 3124 caelestem
559 3054 707 3144 patriam
728 3055 909 3144 pervenire
924 3056 1071 3141 valeant,
1090 3055 1242 3122 eundem
1264 3071 1384 3143 panem

299 3144 531 3234 Angelorum,
549 3165 658 3233 quem
673 3143 783 3211 modo
800 3143 865 3211 sub
886 3144 991 3212 sacris
1012 3143 1245 3213 velaminibus
1269 3143 1381 3225 edunt,

301 3237 432 3322 absque
448 3234 522 3300 ullo
539 3234 711 3300 velamine
728 3233 983 3300 manducaturi.
1005 3257 1018 3295 n

261 3388 264 3395 .
306 3344 310 3349 ·
347 3322 628 3411 Denique,c.1o,
644 3344 672 3390 a.
686 3321 788 3389 XXV
802 3321 856 3388 De
866 3321 1101 3412 Regularibus
1113 3335 1146 3390 et
1161 3319 1382 3403 Monialibus,
1442 3371 1443 3414 3

300 3410 496 3513 iniungitur
519 3426 558 3479 ut
582 3411 759 3478 Moniales
775 3412 897 3479 saltem
917 3411 1064 3500 singulis
1087 3409 1270 3479 mensibus
1295 3428 1382 3477 com·
1442 3445 1443 3488 ,

300 3513 491 3568 munrcent.
903 3559 906 3568 .,

346 3612 378 3656 2.
397 3588 638 3658 Carechismus
657 3589 857 3674 Romanus,
875 3601 1063 3676 postquam
1084 3585 1301 3680 gravissimis
1316 3605 1380 3653 ver·

299 3678 353 3747 bis
370 3679 573 3780 diligentem
597 3677 784 3745 inculcavit
806 3679 1107 3765 praeparationem
1131 3692 1164 3745 et
1186 3676 1378 3766 puritatem,

298 3788 369 3857 qua
394 3788 573 3835 1mmunes
601 3768 724 3834 saltem
752 3768 821 3834 sint
847 3765 968 3834 fideles
995 3768 1039 3835 ab
1066 3767 1150 3836 odio
1174 3779 1207 3834 et
1229 3763 1380 3854 quolibet
1440 3839 1441 3842 Ἴ

299 3857 436 3925 mortali
454 3873 564 3939 reatu,
579 3855 622 3923 de
635 3855 830 3944 frequentia
842 3876 929 3922 usus
944 3871 1046 3945 negat
1058 3857 1257 3946 generalem
1273 3850 1378 3922 omni·

299 3947 365 4013 bus
396 3945 497 4013 statui
525 3966 629 4033 posse
656 3945 826 4034 regulam.
857 3944 991 4011 Verum
1022 3964 1235 4036 magnopere
1266 3943 1378 4010 excitat

298 4035 468 4123 parochos
484 4048 523 4102 ut
539 4052 573 4102 et
592 4033 749 4102 adhibita
771 4034 1032 4122 comparatione
1047 4033 1116 4102 cibi
1133 4031 1333 4122 corporalis,
1350 4041 1378 4094 et

297 4123 485 4211 propositis
510 4122 750 4192 Eucharistiae
772 4119 955 4198 fructibus,
974 4138 1007 4190 et
1022 4136 1214 4192 memorata
1237 4134 1377 4189 mannae

297 4211 421 4300 figura,
439 4226 473 4278 et
488 4213 590 4280 allata
604 4210 673 4282 SS.
688 4212 836 4280 Parrum
848 4212 1063 4300 auctoritate,
1077 4211 1198 4280 fideles
1209 4211 1253 4280 ad
1266 4209 1373 4298 digne,

297 4307 402 4368 etiam
425 4300 564 4389 cotidie,
590 4321 718 4390 panem
745 4301 865 4369 istum·
883 4301 1097 4368 sumendum
1125 4301 1238 4367 multo
1269 4294 1375 4366 studio
