2959 4900
93 339 158 422 [18]
196 361 216 396 s.
234 361 262 396 ii.
279 361 304 396 e.
323 364 388 408 1904·
406 359 443 396 uu
458 358 635 395 cnuuunnnio
649 357 836 395 suessanorum
850 358 1064 396 raurinmouuu
1145 339 1185 402 43

91 507 140 550 tur
165 494 332 568 ambigendi
347 511 444 560 causa,
459 496 617 550 Sacrorum
642 493 764 550 Rituum
787 495 1014 567 congregationi
1033 495 1185 569 sequentia

91 566 182 622 dubia
215 567 358 639 roposuit,
376 566 536 623 nimirum:

129 639 153 694 1.
205 649 285 694 trum
306 639 428 694 facultas
450 638 609 694 adhibendi
622 636 822 692 calendarium
843 638 1185 712 Romano-Seraphicum

90 729 108 765 a
122 710 248 766 Summo
265 709 407 766 Pontifice
422 709 476 765 Pio
490 711 530 765 Vl
545 727 596 782 per
618 709 735 764 bullam
747 729 764 760 i<
780 708 939 781 Religiosos
954 709 1116 780 Ordines»,
1131 711 1185 766 sub

90 780 139 836 die
161 782 179 836 6
201 781 373 861 septembris
395 798 474 836 anno
503 781 581 854 1785,
607 779 682 835 facta
709 779 923 837 Monialibus...
951 781 1042 837 Tertii
1067 781 1186 837 Ordinis

91 853 122 909 S.
140 852 321 909 Francisci...
341 851 500 925 aliisque..,
524 869 600 924 quae
620 852 665 907 vel
689 851 747 906 sint
767 850 894 908 Instituti
917 854 1111 909 conexionem
1134 853 1185 907 ali-

90 941 184 996 quam
199 940 249 980 seu
269 923 508 980 coniunctionem
522 924 551 978 in
565 923 611 978 sui
623 923 736 995 origine
751 935 803 978 aut
816 941 971 996 progressu
993 942 1062 980 cum
1075 925 1186 981 Ordine

90 995 247 1052 Minorum
269 995 437 1052 habentis..
462 1011 578 1050 necnon
597 994 729 1068 personis
741 994 819 1050 tertii
841 1007 942 1062 status,
957 1008 1103 1069 competat
1116 996 1184 1065 iam,

89 1085 153 1122 non
169 1067 266 1123 solum
278 1066 413 1123 tertiariis
433 1067 587 1138 utriusque
609 1083 694 1122 sexus
707 1065 840 1121 divinum
853 1067 984 1138 quotidie
998 1067 1187 1124 recitantibus

89 1137 243 1206 Officium,
266 1139 416 1194 sedetiam
435 1137 585 1193 Tertiariis
600 1135 738 1193 Officium
760 1137 901 1210 Deiparae
919 1157 1043 1212 parvum
1056 1139 1187 1212 aliasque

89 1210 365 1337 gse⁶e⁵.f³¹¹3mtaxat
385 1209 634 1283 persolventibus;
659 1220 749 1282 atque
769 1208 800 1263 in
824 1226 928 1266 eorum
952 1210 1079 1267 ecclesiis
1099 1224 1187 1284 atque

120 1293 237 1336 ratonis

128 1364 169 1418 11.
187 1362 297 1417 Utrum
311 1360 429 1416 licentia
441 1360 598 1416 adhibendi
613 1360 814 1416 calendarium
832 1362 1052 1416 Romano-Sera
1075 1362 1186 1431 hicum,

88 1450 233 1490 concessa
251 1449 302 1505 per
315 1444 506 1488 memoratam
521 1431 656 1504 superius
671 1432 789 1488 Bullam
800 1433 837 1488 ab
852 1433 956 1488 eodem
972 1432 1024 1488 Pio
1069 1436 1078 1488 l
1094 1454 1111 1484 n
1123 1452 1187 1508 per-

87 1504 174 1562 sonis
195 1503 289 1559 Tertii
302 1505 400 1560 Status
412 1503 489 1559 tertii
503 1503 621 1559 Ordinis
635 1505 665 1558 S.
683 1503 828 1560 Francisci
841 1503 931 1558 choro
946 1521 1008 1559 non
1023 1505 1187 1577 obligatis»

88 1575 293 1648 intellegenda
306 1575 343 1630 sit
354 1576 506 1631 dumtaxat
519 1575 555 1630 de
568 1575 773 1632 Sacerdotibus
786 1575 817 1629 in
831 1575 942 1646 privato
957 1575 1094 1633 Oratorio
1113 1576 1188 1632 cele-

89 1646 258 1714 brantibus,
272 1646 318 1702 vel
331 1646 442 1701 nullius
457 1646 603 1702 Ecclesiae
614 1647 730 1702 servitio
743 1647 884 1702 canonice
894 1646 1035 1703 addictis:
1050 1666 1088 1703 an
1100 1648 1188 1704 etiam

90 1721 126 1774 de
142 1718 353 1774 Sacerdotibus
373 1718 509 1773 tertiariis
522 1717 609 1773 alicui
625 1718 773 1774 Ecclesiae
787 1718 847 1773 sive
868 1718 1013 1792 simplici,
1030 1719 1090 1775 sive
1104 1737 1189 1793 paro·

89 1789 181 1846 chiali
195 1789 337 1846 canonice
347 1789 540 1861 mancipatisl

128 1871 186 1924 lIl.
209 1871 247 1925 Et
271 1881 415 1940 quatenus
437 1868 618 1924 Affirmative
642 1869 679 1924 ad
703 1869 862 1924 secundam
885 1870 1084 1937 praecedentis
1106 1870 1188 1926 dubii

90 1955 227 2015 partem:
243 1957 317 1995 num
330 1940 420 1996 iidem
443 1940 613 1999 Sacerdotes
625 1937 761 1996 Tertiarii
773 1940 861 1996 alicui
882 1941 1028 1996 Ecclesiae
1047 1942 1188 1996 canonice

91 2012 236 2078 adiuncti,
251 2011 281 2066 in
296 2011 374 2067 festis
389 2011 506 2067 Patroni
521 2011 703 2084 Principalis,
714 2011 807 2067 Tituli
821 2029 854 2067 ac
870 2012 1066 2069 Dedicationis
1090 2012 1188 2069 Eccle-

92 2084 152 2140 siae
175 2096 238 2139 tam
251 2084 386 2156 propriae
400 2101 491 2154 quam
512 2083 695 2151 cathedralis,
710 2100 827 2138 necnon
846 2084 953 2155 quibus
966 2083 1069 2140 diebus
1082 2085 1189 2140 debent

92 2156 215 2211 missam
232 2154 378 2227 applicare
402 2170 456 2227 pro
470 2155 591 2226 populo,
607 2165 762 2210 teneantur
787 2155 818 2209 in
839 2152 937 2210 officio
951 2166 979 2210 et
996 2155 1083 2210 missa
1105 2156 1188 2228 sequi

93 2227 296 2283 calendarium
323 2225 479 2291 Dioecesis‚
505 2225 603 2299 prouti
631 2227 744 2281 Fratres
761 2225 852 2281 Primi
877 2226 1013 2281 Ordinis:
1029 2244 1062 2282 ac
1084 2227 1189 2283 deinde

94 2311 264 2355 recurrente
279 2296 359 2352 iuxta
374 2297 573 2353 calendarium
584 2296 787 2353 Minoriticum
799 2296 900 2370 aliquo
911 2296 1017 2353 Officio
1027 2298 1190 2354 secundum

96 2369 241 2426 Ordinem
266 2369 480 2424 Dioecesanum
493 2369 552 2424 iam
565 2369 696 2435 recitato,
710 2382 811 2423 utrum
824 2386 854 2424 se
873 2369 1058 2425 conformare
1077 2370 1191 2442 possint

97 2440 265 2498 calendario
291 2441 608 2513 Romano-Seraphim,
629 2458 667 2495 an
688 2458 758 2497 vero
771 2440 870 2496 habita
886 2441 1000 2497 ratione
1019 2441 1190 2498 huiusmodi

97 2512 273 2570 Officiorum
285 2514 320 2567 de
333 2514 492 2586 Praecepto
503 2513 637 2577 debeant,
650 2514 748 2584 prouti
762 2512 794 2567 fit
807 2512 838 2565 in
852 2512 947 2583 primo
961 2513 1081 2579 Ordine,
1100 2514 1191 2588 impe·

97 2585 227 2641 ditorum
237 2584 378 2639 iestorum
393 2584 601 2656 repositionem
614 2601 665 2639 seu
677 2583 900 2639 translationem
913 2584 1086 2663 disponere?

131 2659 171 2711 Et
185 2656 274 2712 Sacra
288 2656 390 2710 eadem
404 2654 609 2728 congregatio
622 2655 659 2709 ad
673 2655 846 2711 relationem
855 2656 1009 2728 subscripti
1023 2658 1189 2726 Secretarii,

89 2727 244 2799 *exquisito
268 2739 338 2782 voto
362 2727 574 2783 commissionis
600 2726 775 2799 Liturgicae,
806 2728 1004 2799 omnibusque
1033 2728 1191 2799 diligenter

99 2798 257 2872 perpensis,
275 2797 493 2857 rescribendum
507 2797 620 2854 censuit
635 2818 641 2852 :

133 2879 181 2933 Ad
196 2881 218 2933 l.
235 2876 427 2933 Affirmative.

135 2959 181 3013 Ad
196 2959 235 3013 ΙΙ.
250 2956 432 3013 Affirmative
454 2958 491 3012 ad
513 2957 638 3029 primam
659 2968 795 3030 partem;
820 2958 960 3030 Negative
980 2959 1017 3013 ad
1031 2961 1192 3014 secundam

103 3030 199 3101 quoad
214 3046 308 3085 sacras
320 3028 487 3084 functiones
499 3028 530 3082 in
543 3028 682 3084 Ecclesia.
706 3052 708 3056 ·

138 3110 183 3163 Ad
209 3109 261 3164 lll.
280 3109 325 3163 Ad
337 3107 463 3179 primam
476 3120 598 3179 partein,
611 3106 810 3176 Affirmative3
834 3109 870 3163 ad
883 3111 1042 3164 secundam
1066 3122 1190 3183 partem,

105 3179 476 3252 Negativequoadprimani
483 3180 684 3259 quaestionem
692 3179 1009 3252 etAffirmativequoad
1018 3182 1191 3238 secundam.

141 3254 234 3324 Atque
247 3251 285 3307 ita
299 3250 455 3324 rescripsit,
471 3250 517 3306 die
535 3251 562 3305 15
578 3250 678 3323 aprilis
695 3269 773 3323 1904.

608 3323 637 3377 S.
659 3323 744 3377 Card.
766 3323 907 3385 Carioni,
927 3323 1105 3396 Praefectus

525 3393 562 3448 D.
581 3393 701 3462 Panici,
722 3392 865 3466 Archiep.
885 3393 1061 3463 Laodicen,
1079 3396 1192 3450 Secret.

558 3532 733 3597 Auuornpio

148 3648 187 3701 Ex
199 3647 341 3720 responsis
355 3647 445 3701 modo
460 3646 596 3711 recitatis,
612 3645 685 3701 haec
700 3657 836 3700 constant
852 3666 858 3700 :

151 3743 171 3781 i.
186 3725 328 3782 Ecclesiae
341 3739 369 3783 et
379 3725 735 3781 OratoriaTertiarioruni
745 3726 774 3780 S.
789 3724 933 3780 Francisci
941 3726 992 3797 qui
1001 3744 1194 3782 communem

113 3797 291 3878 nguptyitam
299 3796 454 3878 privilegio
467 3797 605 3876 fruuntur
618 3796 775 3876 calendarii
790 3796 909 3851 Ordinis
920 3798 1080 3872 Seraphici,
1091 3816 1195 3870 quain-

115 3883 157 3920 vis
168 3884 217 3939 ipsi
227 3870 362 3925 Ternarii
376 3868 464 3926 horas
476 3885 632 3924 canonicas
645 3885 704 3923 non
717 3879 851 3923 recitent.

150 3962 174 4000 2.
195 3946 302 4021 Singuli
326 3948 489 4004 sacerdotes
502 3946 646 4011 Tertiarii,
662 3947 692 4001 in
714 3946 826 4071 privata
847 3947 984 4002 Breviarii
1008 3946 1195 4014 recitatione,

116 4015 242 4074 adhibere
255 4032 378 4093 possunt
399 4018 599 4075 calendarium
623 4019 712 4089 Serap
735 4017 823 4084 icum,
838 4019 897 4086 sed,
912 4019 992 4090 quod
1015 4020 1053 4073 ad
1072 4018 1196 4074 Missam

120 4099 146 4141 et
160 4088 251 4145 Sacras
263 4090 438 4159 functiones,
452 4089 624 4164 qualitatem
637 4088 773 4144 ecclesiae
788 4089 942 4145 observare
954 4090 1074 4145 debent.

155 4166 178 4220 3.
192 4168 244 4236 Qui
256 4170 370 4243 ascripti
393 4181 461 4226 sunt
475 4170 593 4225 cuidam
617 4168 755 4224 ecclesiae
767 4169 874 4224 debent
886 4181 994 4236 tamen,
1016 4168 1196 4240 quibusdam
1236 4233 1239 4237 ¹

122 4234 222 4315 diebus,
233 4240 369 4297 Officium
378 4242 474 4298 dicere
483 4241 646 4297 secundum
654 4240 854 4295 calendarium
862 4241 1083 4308 dioecesanum
1096 4252 1196 4311 atque,

121 4323 151 4361 in
166 4312 274 4382 proprio
296 4312 401 4369 Officio
425 4313 601 4383 ordinando,
616 4311 697 4367 istius
719 4311 897 4367 recitationis
910 4311 1055 4367 rationein
1078 4312 1196 4368 habere.

1265 539 1373 582 Dubia:

1265 592 1333 638 Num
1361 591 1401 647 ta·
1455 556 1457 633 i

1238 649 1400 697 cultateadlii-
1455 638 1457 705 l

1237 707 1306 754 bentii
1334 707 1381 756 cai.
1456 711 1458 771 i

1238 765 1385 812 Francisca-
1457 776 1458 817 l

1239 837 1294 868 num
1313 820 1402 882 fruan·
1457 826 1458 867 l

1240 883 1402 927 tureiiameae
1458 897 1459 932 l

1239 937 1353 985 moniales
1458 948 1459 989 j

1239 1000 1348 1054 quaepro
1364 997 1402 1042 tli-

1239 1055 1296 1100 uino
1310 1052 1385 1112 officio
1459 1068 1460 1109 j

1241 1112 1340 1157 recitant
1346 1117 1402 1170 par·
1459 1122 1460 1127 ¹

1240 1182 1294 1214 vum
1310 1168 1343 1215 B.

1245 1226 1314 1283 Virg.
1334 1230 1355 1271 et

1240 1283 1304 1330 alias
1308 1285 1403 1342 preces?

1270 1366 1336 1412 Num
1351 1366 1404 1413 iicet

1241 1425 1402 1471 etiamsacer-

1241 1481 1334 1528 dotibus
1363 1494 1404 1527 ca-

1242 1541 1324 1585 nonice
1359 1539 1404 1585 ad-

1241 1595 1314 1643 dictis
1331 1596 1405 1644 alicui

1241 1653 1360 1700 Ecclesiae

1242 1712 1404 1815 seipuidaistud

1242 1784 1306 1816 caen
1341 1795 1350 1804 ·

1243 1827 1328 1874 rium?

1271 1913 1337 1959 Num
1352 1916 1403 1972 qui·

1243 1970 1298 2017 dam
1308 1970 1358 2017 dies

1242 2033 1297 2074 sunt
1317 2031 1382 2076 enci·

1238 2085 1330 2144 piendi,
1346 2091 1367 2131 et

1243 2143 1357 2202 quomodo

1244 2207 1297 2247 tunc
1314 2200 1382 2248 ordi-

1243 2258 1349 2304 nandum
1365 2273 1406 2305 ca-

1243 2316 1396 2362 iendarium?

1245 2696 1406 2748 Rescripta:

1274 2872 1324 2920 Ad.
1336 2875 1361 2921 I.

1275 2959 1324 3008 Ad.
1336 2960 1377 3007 II.

1277 3111 1390 3159 etant.

1275 3253 1335 3299 Dies
1360 3253 1401 3308 (15

1247 3310 1318 3369 april.
1329 3312 1407 3368 1904).
