2959 4900
298 333 357 395 lltl
622 391 625 397 .
703 401 706 406 ,
737 359 941 398 supercurrere

295 466 397 523 missas
407 467 608 525 committendi
621 469 821 526 sacerdotibus
835 468 923 525 etiam
936 468 1061 524 aliarum
1075 467 1257 524 dioeceseum
1271 465 1373 524 directe

296 538 342 594 lex
362 539 543 613 apponitur:
565 561 582 592 n
605 541 768 597 dummodo
796 540 849 598 sibi
876 539 938 596 noti
961 539 1018 596 sint
1044 539 1185 612 omnique
1211 537 1374 612 exceptione

295 609 431 679 maiores,
444 621 473 667 et
487 611 624 686 legitima
643 613 817 669 documenta
835 612 924 668 edant
946 611 1021 668 inter
1036 609 1200 685 praefixum
1214 626 1372 682 congruum

295 693 411 757 tempus
423 681 529 755 quibus
542 683 577 739 de
592 696 692 740 exacta
705 685 867 740 eorundem
884 683 1080 740 satisfactione
1090 695 1202 739 constet
1215 704 1242 738 ri.
1259 683 1373 736 Decreto

299 753 340 808 Ut
356 753 465 819 debita,
484 754 542 811 hoc
559 772 652 811 unum
672 756 813 812 edicitur:
840 755 897 824 Qui
920 755 1021 812 missas
1035 754 1122 810 tradit
1135 753 1218 810 alteri
1231 752 1373 810 dicendas.

295 841 350 880 suo
363 825 422 896 agit
441 824 582 899 periculo,
603 841 637 882 et
652 827 736 884 tacite
759 828 884 901 spondet
905 826 1007 882 missas
1031 827 1209 883 celebratum
1231 823 1278 880 iri.
1302 824 1375 879 Hinc

296 895 424 952 nascitur
447 897 587 954 naturalis
608 898 748 971 obligatio
772 899 892 955 curandi
913 912 945 954 ut
966 915 1098 971 congruo
1122 913 1255 970 tempore
1270 895 1307 951 ab
1322 894 1374 949 alio

295 967 494 1031 celebrentur:
512 983 540 1026 et
561 969 708 1039 securitas,
730 987 782 1044 per
804 987 843 1040 se,
865 969 927 1026 sine
946 970 1011 1026 data
1032 967 1234 1041 celebrationis
1248 967 1305 1022 fide
1320 983 1375 1022 non

294 1039 459 1096 habebitur.
471 1041 528 1096 Sed
541 1041 575 1106 si,
585 1059 638 1114 pro
651 1056 720 1097 nota
734 1041 891 1098 sacerdotis
899 1041 1059 1114 diligentia,
1070 1060 1104 1097 ex
1115 1041 1178 1113 ipso
1189 1039 1251 1096 eius
1263 1037 1376 1118 silentio

295 1123 390 1167 certus
414 1129 475 1168 esse
517 1112 589 1169 ossis
610 1114 646 1170 de
668 1113 765 1170 missis
788 1113 883 1170 debite
904 1113 1066 1178 celebratis,
1088 1112 1162 1168 nihil
1181 1111 1259 1167 ultra
1273 1120 1316 1166 est
1330 1109 1377 1164 trbr

295 1181 470 1240 faciendum.
497 1130 619 1254 iterum,
639 1186 678 1241 ob
700 1186 794 1241 multa
809 1183 936 1259 pericula
964 1184 1089 1254 errandi,
1113 1201 1174 1239 non
1195 1191 1291 1256 potest
1314 1179 1377 1236 satis

294 1254 494 1312 commendari
519 1273 589 1311 usus
614 1257 747 1329 exigendi
773 1255 871 1313 fidem.
900 1258 1056 1313 Decretum
1078 1269 1176 1312 tamen
1201 1254 1298 1327 ipsum
1322 1269 1377 1308 non

295 1324 384 1382 dicit:
408 1327 578 1384 Sacerdotes
604 1327 727 1401 obligari
756 1329 792 1383 ad
820 1328 992 1401 exigendam
1014 1327 1112 1389 fidem,
1134 1327 1183 1382 sed
1206 1323 1378 1398 obligatione

294 1397 385 1454 teneri
408 1414 501 1471 usque
524 1400 596 1454 dum
617 1420 633 1450 (ι
647 1398 736 1458 fidem
759 1417 819 1454 non
833 1400 890 1456 sint
904 1401 1026 1456 assecuti
1040 1421 1066 1456 u.
1091 1401 1188 1471 Atque
1201 1397 1256 1453 hac
1269 1395 1378 1452 ratione

295 1466 489 1542 intellegenda
502 1483 544 1526 est
558 1471 589 1526 8ει
602 1484 701 1528 nostra
716 1472 879 1542 annotatio,
892 1488 919 1544 p.
936 1491 980 1544 49.

330 1558 356 1626 c]
380 1556 424 1610 Ex
435 1554 499 1628 ipso
518 1556 635 1612 decreto
653 1556 693 1612 Ut
714 1556 822 1623 debita,
839 1556 986 1613 Ordinarii
1010 1555 1062 1628 qui
1074 1555 1175 1626 missas
1195 1553 1379 1610 committant

294 1625 491 1683 sacerdotibus
501 1643 561 1682 non
575 1627 707 1696 subditis,
719 1645 770 1684 seu
786 1628 898 1696 alienis,
913 1639 941 1683 et
954 1627 1008 1702 ipsi
1021 1626 1141 1700 obligati
1155 1635 1276 1682 manent
1290 1625 1378 1680 donec

295 1696 383 1754 fidem
399 1698 555 1770 exegerint.
579 1699 657 1768 Quid
672 1711 771 1755 autern
792 1701 815 1756 si
839 1699 941 1756 missas
964 1698 1023 1756 suis
1036 1697 1238 1756 commiserint
1250 1695 1378 1758 subditis,

294 1770 338 1825 vel
358 1769 380 1825 si
401 1769 456 1844 ipsi
477 1772 485 1807 ¹
508 1770 608 1827 missas
635 1772 751 1826 tradant
773 1771 936 1828 Ordinariis
950 1788 1011 1827 non
1024 1770 1168 1844 propriis?
1184 1772 1251 1825 lura
1267 1781 1377 1834 tacent;

295 1841 431 1898 reicimur
452 1842 550 1915 itaque
574 1843 610 1897 ad
634 1843 798 1898 naturalem
820 1842 970 1900 iustitiam.
994 1845 1037 1898 Ac
1060 1854 1161 1899 nostra
1179 1841 1300 1914 quidem
1321 1857 1379 1896 sen-

294 1913 393 1982 tentia,
423 1932 458 1969 ex
484 1931 544 1986 quo
569 1914 619 1970 tibi
645 1914 826 1970 concreditas
853 1915 955 1971 missas
989 1914 1050 1970 sine
1075 1913 1200 1988 positivo
1228 1911 1379 1968 tribuentis

294 2000 414 2041 assensu
440 1984 488 2040 alii
513 1984 665 2040 tradideris
690 1986 888 2053 celebrandas,
915 1985 1036 2041 fortuito
1054 1986 1141 2042 etiam
1167 2001 1236 2040 casu
1264 1983 1377 2040 teneris.

293 2057 404 2113 Verum
429 2069 513 2113 erunt
539 2057 589 2130 qui
612 2054 767 2130 benignius
788 2058 1018 2131 respondebunt,
1044 2076 1060 2112 a
1087 2075 1216 2130 quorum
1240 2054 1379 2112 sententia

293 2127 528 2202 probabilitatem
547 2128 714 2184 abiudicare
729 2130 879 2185 nolumus.
904 2133 945 2185 lta
959 2130 1082 2198 videtur,
1095 2129 1197 2185 saltem
1211 2129 1248 2182 de
1262 2127 1379 2182 transla-

292 2199 373 2256 tione
385 2201 422 2254 ad
433 2200 615 2268 Ordinatios,
627 2200 734 2257 sentire
750 2202 935 2270 Rouururrou,
953 2202 1118 2256 Cruoursrr
1141 2215 1378 2267 coarsuronnrr,

293 2289 322 2344 p.
343 2273 406 2342 463,
436 2290 511 2345 ¹904·
534 2273 590 2328 Sed
615 2273 747 2346 prolecto
767 2272 925 2345 requiritur·
938 2287 970 2328 ut
990 2272 1015 2328 ei
1030 2289 1170 2347 personae
1192 2271 1379 2327 transferatur

293 2342 433 2424 obligatio
460 2343 641 2425 quae-omni
663 2357 745 2400 vacet
767 2344 944 2419 suspicione,
972 2362 1021 2400 seu
1042 2362 1127 2418 quae,
1156 2358 1187 2399 ut
1207 2342 1324 2412 dicitur,
1347 2341 1380 2397 sit

293 2431 374 2471 omnr
388 2427 557 2490 exceptione
569 2433 671 2473 maror.

339 2525 370 2569 2.
406 2500 619 2569 Prohibetur
649 2517 768 2571 tamen
800 2504 916 2571 omnis
948 2503 1125 2573 translatio
1158 2522 1248 2592 quae
1281 2516 1381 2590 turpe

293 2589 402 2681 sapiat
425 2590 698 2659 mercimonium
720 2592 776 2660 vel
805 2593 879 2660 eius
904 2592 1045 2661 inducat
1071 2591 1281 2683 periculum.
1302 2592 1381 2678 Qua

293 2679 440 2767 ratione,
459 2680 493 2747 id
512 2680 761 2770 explicavimus
778 2704 894 2771 supra,
913 2704 948 2772 p.
965 2705 1024 2773 49,
1042 2705 1077 2751 n.
1097 2707 1130 2772 9.
1155 2704 1204 2749 ιο.

338 2783 370 2851 3.
411 2782 594 2852 Inhibetur
625 2782 729 2851 etiam
757 2783 951 2873 quominus
980 2785 1105 2853 missae
1133 2784 1288 2853 studiose
1316 2781 1381 2851 col·

292 2872 444 2963 ligantur
486 2873 529 2941 ad
572 2893 629 2941 eas
670 2874 748 2941 aliis
790 2894 862 2941 non
906 2874 1054 2948 subditis
1096 2874 1293 2961 tradendae,
1335 2872 1380 2940 ob

293 2981 551 3051 quemcumque
575 2962 683 3030 finem
706 2976 841 3053 agatur,
867 2962 934 3031 nisi
959 2984 1040 3032 curn
1065 2964 1212 3053 positivo
1237 2984 1379 3031 assensu

292 3051 515 3121 offerentium
550 3053 791 3141 eleemosynas
821 3052 881 3120 fiat
913 3074 1035 3121 earum
1070 3052 1261 3121 translatio.
1304 3051 1377 3121 Cf.

292 3140 384 3298 {lecu
404 3142 453 3208 Ut
469 3140 592 3229 debita,
612 3155 645 3210 et
661 3156 797 3211 nostras
815 3141 1075 3230 declarationes
1094 3163 1129 3232 p.
1148 3143 1204 3231 48,
1224 3164 1259 3211 n.
1281 3142 1299 3209 5
1319 3167 1329 3229 3
1350 3155 1381 3209 et

315 3254 348 3319 o,
367 3252 403 3298 n.
428 3253 478 3300 ro.

338 3351 420 3436 Quo
435 3352 547 3417 modo
561 3352 736 3419 facienda
750 3354 804 3419 sit
815 3352 1031 3420 translatio.
1053 3384 1091 3397 -
1115 3368 1143 3413 1.
1161 3344 1229 3412 Per
1246 3364 1283 3412 se
1300 3357 1380 3413 sunt
1463 3394 1464 3425 ,

292 3433 338 3503 ita
365 3435 491 3503 missae
518 3435 773 3505 transferendae
790 3437 878 3521 aliis,
899 3451 936 3504 ut
954 3437 987 3504 hi
1005 3458 1044 3503 ex
1061 3434 1294 3505 celebratione
1326 3434 1379 3501 ius
1463 3426 1464 3453 ¹

292 3523 441 3592 habeant
463 3527 505 3593 ad
524 3526 708 3593 missarum
729 3526 968 3614 eleemosynas
992 3524 1207 3614 recipiendas
1229 3531 1323 3591 totas
1349 3539 1380 3591 et

292 3613 326 3679 in
353 3614 504 3704 propria
535 3614 653 3705 specie.
686 3615 835 3683 Prorsus
862 3629 979 3683 tamen
1006 3616 1098 3682 ultro
1126 3636 1164 3681 ac
1192 3612 1380 3681 liberaliter

292 3703 423 3792 aliquid
455 3704 498 3771 de
530 3703 703 3793 stipendio
735 3705 911 3773 remittere
942 3704 1067 3793 poterit
1099 3703 1291 3788 celebrans,
1326 3705 1379 3770 vel
1463 3766 1464 3787 ,

292 3793 395 3861 etiam
412 3792 516 3861 aliam
532 3814 604 3861 rem
622 3815 685 3879 pro
702 3794 877 3883 stipendio
894 3808 1083 3883 acceptare,
1102 3807 1140 3860 ut
1157 3791 1376 3880 monuimuS,
1463 3806 1464 3817 ¹

292 3903 325 3970 p.
345 3905 401 3972 49.
422 3885 475 3969 50,
494 3904 571 3972 no
614 3880 688 3953 cfr.
717 3883 1070 3971 C.D’ANN113ALE,t.
1092 3882 1124 3970 3,
1144 3904 1179 3950 n.
1204 3904 1277 3971 ¹90·
1303 3904 1373 3971 19¹·

341 3992 515 4061 Ecclesiae
545 4013 662 4062 tamen
693 3996 747 4062 vel
778 3995 857 4063 loco
883 3994 943 4084 pio
982 3994 1043 4083 qui
1071 4008 1183 4062 careat
1210 3992 1378 4062 reditibus

321 4208 329 4241 1
345 4206 411 4265 Ipsi,
425 4206 546 4267 inquam,
559 4206 699 4256 Ordinarii
711 4222 718 4263 ς
730 4221 858 4268 namque,
878 4220 911 4255 ex
929 4208 981 4256 art.
994 4214 1017 4263 6,
1034 4206 1162 4255 sacerdotes
1181 4218 1236 4254 non
1252 4206 1377 4254 videntur

292 4285 321 4319 se
330 4269 497 4345 obligatione
508 4275 599 4323 levare
615 4288 703 4333 posse,
719 4274 772 4321 nisi
792 4272 888 4322 missas
906 4272 1040 4322 tradendo
1057 4274 1100 4323 vel
1116 4274 1143 4323 S.
1157 4272 1376 4331 Sedi,ve10rdi-

292 4350 369 4385 narro
377 4341 482 4398 proprio.
