<?xml version="1.0" encoding="UTF-8"?>
<!DOCTYPE html PUBLIC "-//W3C//DTD XHTML 1.0 Transitional//EN"
    "http://www.w3.org/TR/xhtml1/DTD/xhtml1-transitional.dtd">
<html xmlns="http://www.w3.org/1999/xhtml" xml:lang="en" lang="en">
 <head>
  <title>
</title>
<meta http-equiv="Content-Type" content="text/html;charset=utf-8" />
  <meta name='ocr-system' content='tesseract 3.04.00' />
  <meta name='ocr-capabilities' content='ocr_page ocr_carea ocr_par ocr_line ocrx_word'/>
</head>
<body>
  <div class='ocr_page' id='page_1' title='image "./dereligiosisins01vermgoog_0241.png"; bbox 0 0 2959 4900; ppageno 0'>
   <div class='ocr_carea' id='block_1_1' title="bbox 85 326 1171 409">
    <p class='ocr_par' dir='ltr' id='par_1_1' title="bbox 85 326 1171 409">
     <span class='ocr_line' id='line_1_1' title="bbox 85 326 1171 409; baseline -0.002 -19"><span class='ocrx_word' id='word_1_1' title='bbox 85 328 206 409; x_wconf 63' lang='lat'><strong>[92-94]</strong></span> <span class='ocrx_word' id='word_1_2' title='bbox 239 351 416 388; x_wconf 81' lang='lat' dir='ltr'>oonrrssinii</span> <span class='ocrx_word' id='word_1_3' title='bbox 433 350 650 387; x_wconf 68' lang='lat' dir='ltr'>artimoniensi.</span> <span class='ocrx_word' id='word_1_4' title='bbox 667 350 817 387; x_wconf 78' lang='lat' dir='ltr'>rirunims</span> <span class='ocrx_word' id='word_1_5' title='bbox 832 351 909 387; x_wconf 78' lang='lat' dir='ltr'>reon.</span> <span class='ocrx_word' id='word_1_6' title='bbox 921 349 1088 387; x_wconf 75' lang='lat' dir='ltr'>tri-nisenus.</span> <span class='ocrx_word' id='word_1_7' title='bbox 1131 326 1171 388; x_wconf 80' lang='grc'>43</span> 
     </span>
    </p>
   </div>
   <div class='ocr_carea' id='block_1_2' title="bbox 85 477 1170 696">
    <p class='ocr_par' dir='ltr' id='par_1_2' title="bbox 85 477 1170 696">
     <span class='ocr_line' id='line_1_2' title="bbox 85 477 1170 554; baseline -0.001 -17"><span class='ocrx_word' id='word_1_8' title='bbox 85 481 273 554; x_wconf 89' lang='lat' dir='ltr'>Regularium</span> <span class='ocrx_word' id='word_1_9' title='bbox 306 478 540 551; x_wconf 81' lang='lat' dir='ltr'>congregatione</span> <span class='ocrx_word' id='word_1_10' title='bbox 573 479 760 551; x_wconf 92' lang='lat' dir='ltr'>sequentium</span> <span class='ocrx_word' id='word_1_11' title='bbox 796 477 964 535; x_wconf 89' lang='lat' dir='ltr'>dubiorum.</span> <span class='ocrx_word' id='word_1_12' title='bbox 991 479 1170 537; x_wconf 90' lang='lat' dir='ltr'>solutionem</span> 
     </span>
     <span class='ocr_line' id='line_1_3' title="bbox 85 549 583 625; baseline -0.006 -17"><span class='ocrx_word' id='word_1_13' title='bbox 85 552 249 608; x_wconf 87' lang='lat' dir='ltr'><strong>humillime</strong></span> <span class='ocrx_word' id='word_1_14' title='bbox 261 550 408 625; x_wconf 83' lang='lat' dir='ltr'>postulat3</span> <span class='ocrx_word' id='word_1_15' title='bbox 423 549 564 608; x_wconf 89' lang='lat' dir='ltr'>nimirum</span> <span class='ocrx_word' id='word_1_16' title='bbox 576 570 583 605; x_wconf 92' lang='lat'>:</span> 
     </span>
     <span class='ocr_line' id='line_1_4' title="bbox 114 620 1170 696; baseline -0.001 -17"><span class='ocrx_word' id='word_1_17' title='bbox 114 626 138 679; x_wconf 95' lang='lat' dir='ltr'>l.</span> <span class='ocrx_word' id='word_1_18' title='bbox 159 628 208 679; x_wconf 87' lang='lat' dir='ltr'>An</span> <span class='ocrx_word' id='word_1_19' title='bbox 231 622 394 696; x_wconf 87' lang='lat' dir='ltr'><strong>Episcopus</strong></span> <span class='ocrx_word' id='word_1_20' title='bbox 409 621 486 677; x_wconf 89' lang='lat' dir='ltr'>licite</span> <span class='ocrx_word' id='word_1_21' title='bbox 507 622 601 678; x_wconf 88' lang='lat' dir='ltr'>valeat</span> <span class='ocrx_word' id='word_1_22' title='bbox 622 620 842 677; x_wconf 88' lang='lat' dir='ltr'>Confessarium</span> <span class='ocrx_word' id='word_1_23' title='bbox 861 620 1044 677; x_wconf 88' lang='lat' dir='ltr'>ordinarium</span> <span class='ocrx_word' id='word_1_24' title='bbox 1058 622 1170 678; x_wconf 90' lang='lat' dir='ltr'>monia·</span> 
     </span>
    </p>
   </div>
   <div class='ocr_carea' id='block_1_3' title="bbox 82 691 1184 765">
    <p class='ocr_par' dir='ltr' id='par_1_3' title="bbox 82 691 1184 765">
     <span class='ocr_line' id='line_1_5' title="bbox 82 691 1184 765; baseline 0 -15"><span class='ocrx_word' id='word_1_25' title='bbox 82 696 152 751; x_wconf 91' lang='lat' dir='ltr'>lium</span> <span class='ocrx_word' id='word_1_26' title='bbox 174 694 266 750; x_wconf 90' lang='lat' dir='ltr'>unius</span> <span class='ocrx_word' id='word_1_27' title='bbox 285 693 455 749; x_wconf 89' lang='lat' dir='ltr'>monasterii</span> <span class='ocrx_word' id='word_1_28' title='bbox 476 708 531 765; x_wconf 94' lang='lat' dir='ltr'>pro</span> <span class='ocrx_word' id='word_1_29' title='bbox 549 692 625 747; x_wconf 89' lang='lat' dir='ltr'>alius</span> <span class='ocrx_word' id='word_1_30' title='bbox 637 691 807 748; x_wconf 87' lang='lat' dir='ltr'>monasterii</span> <span class='ocrx_word' id='word_1_31' title='bbox 822 692 998 748; x_wconf 90' lang='lat' dir='ltr'>monialium</span> <span class='ocrx_word' id='word_1_32' title='bbox 1020 693 1184 750; x_wconf 89' lang='lat' dir='ltr'>ordinario</span> 
     </span>
    </p>
   </div>
   <div class='ocr_carea' id='block_1_4' title="bbox 80 764 1170 1917">
    <p class='ocr_par' dir='ltr' id='par_1_4' title="bbox 82 764 879 839">
     <span class='ocr_line' id='line_1_6' title="bbox 82 764 879 839; baseline -0.008 -16"><span class='ocrx_word' id='word_1_33' title='bbox 82 766 258 823; x_wconf 88' lang='lat' dir='ltr'>confessario</span> <span class='ocrx_word' id='word_1_34' title='bbox 271 764 443 837; x_wconf 68' lang='lat' dir='ltr'>designaret</span> <span class='ocrx_word' id='word_1_35' title='bbox 457 796 491 803; x_wconf 94' lang='lat'><em>-</em></span> <span class='ocrx_word' id='word_1_36' title='bbox 507 766 544 819; x_wconf 89' lang='lat' dir='ltr'>Et</span> <span class='ocrx_word' id='word_1_37' title='bbox 556 775 703 837; x_wconf 91' lang='lat' dir='ltr'>quatenus</span> <span class='ocrx_word' id='word_1_38' title='bbox 718 764 879 839; x_wconf 81' lang='lat' dir='ltr'>negative:</span> 
     </span>
    </p>

    <p class='ocr_par' dir='ltr' id='par_1_5' title="bbox 81 834 1170 1054">
     <span class='ocr_line' id='line_1_7' title="bbox 114 834 1170 909; baseline -0.001 -16"><span class='ocrx_word' id='word_1_39' title='bbox 114 840 154 897; x_wconf 88' lang='lat' dir='ltr'>Il.</span> <span class='ocrx_word' id='word_1_40' title='bbox 174 839 223 892; x_wconf 85' lang='lat' dir='ltr'>An</span> <span class='ocrx_word' id='word_1_41' title='bbox 252 836 416 909; x_wconf 89' lang='lat' dir='ltr'>Episcopus</span> <span class='ocrx_word' id='word_1_42' title='bbox 442 834 652 891; x_wconf 83' lang='lat' dir='ltr'>confessarium</span> <span class='ocrx_word' id='word_1_43' title='bbox 676 834 860 890; x_wconf 86' lang='lat' dir='ltr'>ordinarium</span> <span class='ocrx_word' id='word_1_44' title='bbox 881 834 1058 891; x_wconf 88' lang='lat' dir='ltr'>monialium</span> <span class='ocrx_word' id='word_1_45' title='bbox 1081 836 1170 894; x_wconf 92' lang='lat' dir='ltr'>unius</span> 
     </span>
     <span class='ocr_line' id='line_1_8' title="bbox 82 904 1169 965; baseline -0.003 0"><span class='ocrx_word' id='word_1_46' title='bbox 82 908 250 965; x_wconf 91' lang='lat' dir='ltr'>monasterii</span> <span class='ocrx_word' id='word_1_47' title='bbox 271 908 308 963; x_wconf 89' lang='lat' dir='ltr'>ad</span> <span class='ocrx_word' id='word_1_48' title='bbox 329 923 439 962; x_wconf 92' lang='lat' dir='ltr'>munus</span> <span class='ocrx_word' id='word_1_49' title='bbox 451 905 592 962; x_wconf 88' lang='lat' dir='ltr'>ordinarii</span> <span class='ocrx_word' id='word_1_50' title='bbox 603 904 772 963; x_wconf 89' lang='lat' dir='ltr'>confessarii</span> <span class='ocrx_word' id='word_1_51' title='bbox 784 923 921 962; x_wconf 89' lang='lat' dir='ltr'>sororum</span> <span class='ocrx_word' id='word_1_52' title='bbox 943 918 1080 963; x_wconf 88' lang='lat' dir='ltr'>votorum</span> <span class='ocrx_word' id='word_1_53' title='bbox 1101 907 1169 963; x_wconf 87' lang='lat' dir='ltr'>sim·</span> 
     </span>
     <span class='ocr_line' id='line_1_9' title="bbox 81 978 876 1054; baseline -0.005 -18"><span class='ocrx_word' id='word_1_54' title='bbox 81 980 200 1054; x_wconf 79' lang='lat' dir='ltr'>plinium</span> <span class='ocrx_word' id='word_1_55' title='bbox 210 980 317 1051; x_wconf 88' lang='lat' dir='ltr'>eligere</span> <span class='ocrx_word' id='word_1_56' title='bbox 331 980 439 1050; x_wconf 78' lang='lat' dir='ltr'>queatl</span> <span class='ocrx_word' id='word_1_57' title='bbox 453 1009 490 1019; x_wconf 97' lang='lat'><em>-</em></span> <span class='ocrx_word' id='word_1_58' title='bbox 504 980 542 1033; x_wconf 91' lang='lat' dir='ltr'>Et</span> <span class='ocrx_word' id='word_1_59' title='bbox 555 989 700 1050; x_wconf 90' lang='lat' dir='ltr'>quatenus</span> <span class='ocrx_word' id='word_1_60' title='bbox 714 978 876 1052; x_wconf 79' lang='lat' dir='ltr'>negative:</span> 
     </span>
    </p>

    <p class='ocr_par' dir='ltr' id='par_1_6' title="bbox 81 1048 1169 1193">
     <span class='ocr_line' id='line_1_10' title="bbox 114 1048 1169 1124; baseline -0.002 -17"><span class='ocrx_word' id='word_1_61' title='bbox 114 1053 170 1107; x_wconf 93' lang='grc' dir='ltr'><strong>ΙΙΙ.</strong></span> <span class='ocrx_word' id='word_1_62' title='bbox 203 1052 313 1107; x_wconf 87' lang='lat' dir='ltr'>Utrum</span> <span class='ocrx_word' id='word_1_63' title='bbox 342 1050 505 1123; x_wconf 89' lang='lat' dir='ltr'>Episcopus</span> <span class='ocrx_word' id='word_1_64' title='bbox 534 1065 630 1104; x_wconf 91' lang='lat' dir='ltr'>unum</span> <span class='ocrx_word' id='word_1_65' title='bbox 659 1048 871 1105; x_wconf 88' lang='lat' dir='ltr'>confessarium</span> <span class='ocrx_word' id='word_1_66' title='bbox 903 1048 1086 1105; x_wconf 89' lang='lat' dir='ltr'>ordinarium</span> <span class='ocrx_word' id='word_1_67' title='bbox 1115 1066 1169 1124; x_wconf 93' lang='lat' dir='ltr'>pro</span> 
     </span>
     <span class='ocr_line' id='line_1_11' title="bbox 81 1119 990 1193; baseline -0.003 -16"><span class='ocrx_word' id='word_1_68' title='bbox 81 1124 194 1179; x_wconf 89' lang='lat' dir='ltr'>duabus</span> <span class='ocrx_word' id='word_1_69' title='bbox 207 1120 468 1178; x_wconf 87' lang='lat' dir='ltr'>communitatibus</span> <span class='ocrx_word' id='word_1_70' title='bbox 481 1122 625 1176; x_wconf 89' lang='lat' dir='ltr'>Sororum</span> <span class='ocrx_word' id='word_1_71' title='bbox 657 1120 728 1176; x_wconf 91' lang='lat' dir='ltr'>ossit</span> <span class='ocrx_word' id='word_1_72' title='bbox 739 1119 818 1177; x_wconf 92' lang='lat' dir='ltr'>licite</span> <span class='ocrx_word' id='word_1_73' title='bbox 830 1120 990 1193; x_wconf 70' lang='lat' dir='ltr'>deputaret</span> 
     </span>
    </p>

    <p class='ocr_par' dir='ltr' id='par_1_7' title="bbox 81 1136 1170 1392">
     <span class='ocr_line' id='line_1_12' title="bbox 112 1136 1170 1266; baseline -0.001 -18"><span class='ocrx_word' id='word_1_74' title='bbox 112 1196 165 1250; x_wconf 93' lang='lat' dir='ltr'>lV.</span> <span class='ocrx_word' id='word_1_75' title='bbox 196 1195 243 1247; x_wconf 80' lang='lat' dir='ltr'>An</span> <span class='ocrx_word' id='word_1_76' title='bbox 275 1192 459 1266; x_wconf 92' lang='lat' dir='ltr'>prohibitum</span> <span class='ocrx_word' id='word_1_77' title='bbox 489 1192 526 1247; x_wconf 91' lang='lat' dir='ltr'>sit</span> <span class='ocrx_word' id='word_1_78' title='bbox 557 1136 750 1263; x_wconf 61' lang='lat' dir='ltr'>Regularibus</span> <span class='ocrx_word' id='word_1_79' title='bbox 783 1189 975 1247; x_wconf 84' lang='lat' dir='ltr'>confessarios</span> <span class='ocrx_word' id='word_1_80' title='bbox 1006 1190 1170 1247; x_wconf 84' lang='lat' dir='ltr'>ordinarios</span> 
     </span>
     <span class='ocr_line' id='line_1_13' title="bbox 82 1261 1170 1337; baseline -0.002 -18"><span class='ocrx_word' id='word_1_81' title='bbox 82 1281 217 1320; x_wconf 92' lang='lat' dir='ltr'>sororum</span> <span class='ocrx_word' id='word_1_82' title='bbox 228 1276 367 1321; x_wconf 91' lang='lat' dir='ltr'>votorum</span> <span class='ocrx_word' id='word_1_83' title='bbox 381 1262 560 1336; x_wconf 89' lang='lat' dir='ltr'>simplicium</span> <span class='ocrx_word' id='word_1_84' title='bbox 570 1278 641 1332; x_wconf 86' lang='lat' dir='ltr'>esse,</span> <span class='ocrx_word' id='word_1_85' title='bbox 656 1262 731 1319; x_wconf 90' lang='lat' dir='ltr'>sicut</span> <span class='ocrx_word' id='word_1_86' title='bbox 745 1279 799 1337; x_wconf 91' lang='lat' dir='ltr'>pro</span> <span class='ocrx_word' id='word_1_87' title='bbox 811 1261 992 1319; x_wconf 89' lang='lat' dir='ltr'>monialibus</span> <span class='ocrx_word' id='word_1_88' title='bbox 1005 1262 1039 1317; x_wconf 90' lang='lat' dir='ltr'>iis</span> <span class='ocrx_word' id='word_1_89' title='bbox 1048 1262 1170 1319; x_wconf 89' lang='lat' dir='ltr'>vetitum</span> 
     </span>
     <span class='ocr_line' id='line_1_14' title="bbox 81 1339 142 1392; baseline 0 -1"><span class='ocrx_word' id='word_1_90' title='bbox 81 1339 142 1392; x_wconf 74' lang='lat' dir='ltr'>esti</span> 
     </span>
    </p>

    <p class='ocr_par' dir='ltr' id='par_1_8' title="bbox 80 1404 1170 1693">
     <span class='ocr_line' id='line_1_15' title="bbox 113 1404 1170 1479; baseline -0.004 -16"><span class='ocrx_word' id='word_1_91' title='bbox 113 1410 150 1463; x_wconf 90' lang='lat' dir='ltr'>Et</span> <span class='ocrx_word' id='word_1_92' title='bbox 164 1408 254 1462; x_wconf 85' lang='lat' dir='ltr'>Sacra</span> <span class='ocrx_word' id='word_1_93' title='bbox 276 1406 393 1479; x_wconf 90' lang='lat' dir='ltr'>Congre</span> <span class='ocrx_word' id='word_1_94' title='bbox 414 1405 473 1461; x_wconf 87' lang='lat' dir='ltr'>atio</span> <span class='ocrx_word' id='word_1_95' title='bbox 498 1406 609 1462; x_wconf 63' lang='lat' dir='ltr'>Ennium</span> <span class='ocrx_word' id='word_1_96' title='bbox 622 1421 656 1460; x_wconf 89' lang='lat' dir='ltr'>ac</span> <span class='ocrx_word' id='word_1_97' title='bbox 670 1405 782 1461; x_wconf 77' lang='lat' dir='ltr'>Rmorum</span> <span class='ocrx_word' id='word_1_98' title='bbox 804 1406 834 1461; x_wconf 90' lang='lat' dir='ltr'>S.</span> <span class='ocrx_word' id='word_1_99' title='bbox 860 1407 894 1460; x_wconf 89' lang='lat' dir='ltr'>R.</span> <span class='ocrx_word' id='word_1_100' title='bbox 910 1406 945 1460; x_wconf 91' lang='lat' dir='ltr'>E.</span> <span class='ocrx_word' id='word_1_101' title='bbox 966 1404 1170 1461; x_wconf 89' lang='lat' dir='ltr'>Cardinalium</span> 
     </span>
     <span class='ocr_line' id='line_1_16' title="bbox 82 1422 1169 1551; baseline -0.003 -17"><span class='ocrx_word' id='word_1_102' title='bbox 82 1477 213 1551; x_wconf 87' lang='lat' dir='ltr'>Negotiis</span> <span class='ocrx_word' id='word_1_103' title='bbox 236 1488 264 1533; x_wconf 89' lang='lat' dir='ltr'>et</span> <span class='ocrx_word' id='word_1_104' title='bbox 290 1422 565 1533; x_wconf 57' lang='lat' dir='ltr'>Consuftationibus</span> <span class='ocrx_word' id='word_1_105' title='bbox 585 1476 802 1550; x_wconf 91' lang='lat' dir='ltr'>Episcoporum</span> <span class='ocrx_word' id='word_1_106' title='bbox 824 1488 852 1532; x_wconf 91' lang='lat' dir='ltr'>et</span> <span class='ocrx_word' id='word_1_107' title='bbox 875 1475 1066 1548; x_wconf 87' lang='lat' dir='ltr'>Regularium</span> <span class='ocrx_word' id='word_1_108' title='bbox 1090 1492 1169 1549; x_wconf 88' lang='lat' dir='ltr'>prae-</span> 
     </span>
     <span class='ocr_line' id='line_1_17' title="bbox 80 1545 1167 1621; baseline -0.004 -16"><span class='ocrx_word' id='word_1_109' title='bbox 80 1552 183 1621; x_wconf 88' lang='lat' dir='ltr'>posita,</span> <span class='ocrx_word' id='word_1_110' title='bbox 210 1549 349 1605; x_wconf 89' lang='lat' dir='ltr'>omnibus</span> <span class='ocrx_word' id='word_1_111' title='bbox 375 1549 478 1604; x_wconf 91' lang='lat' dir='ltr'>sedulo</span> <span class='ocrx_word' id='word_1_112' title='bbox 504 1547 662 1621; x_wconf 86' lang='lat' dir='ltr'>perpensis,</span> <span class='ocrx_word' id='word_1_113' title='bbox 688 1547 928 1621; x_wconf 86' lang='lat' dir='ltr'>respondenduln</span> <span class='ocrx_word' id='word_1_114' title='bbox 956 1564 1017 1603; x_wconf 90' lang='lat' dir='ltr'>esse</span> <span class='ocrx_word' id='word_1_115' title='bbox 1045 1545 1167 1617; x_wconf 90' lang='lat' dir='ltr'>censuit,</span> 
     </span>
     <span class='ocr_line' id='line_1_18' title="bbox 81 1620 352 1693; baseline -0.004 -17"><span class='ocrx_word' id='word_1_116' title='bbox 81 1634 165 1693; x_wconf 89' lang='lat' dir='ltr'>prout</span> <span class='ocrx_word' id='word_1_117' title='bbox 176 1620 335 1693; x_wconf 86' lang='lat' dir='ltr'>respondet</span> <span class='ocrx_word' id='word_1_118' title='bbox 346 1640 352 1675; x_wconf 77' lang='grc' dir='ltr'><strong><em>ε</em></strong></span> 
     </span>
    </p>

    <p class='ocr_par' dir='ltr' id='par_1_9' title="bbox 110 1690 412 1766">
     <span class='ocr_line' id='line_1_19' title="bbox 110 1690 412 1766; baseline 0.003 -18"><span class='ocrx_word' id='word_1_119' title='bbox 110 1693 159 1748; x_wconf 87' lang='lat' dir='ltr'>Ad</span> <span class='ocrx_word' id='word_1_120' title='bbox 173 1693 197 1747; x_wconf 89' lang='lat' dir='ltr'>l.</span> <span class='ocrx_word' id='word_1_121' title='bbox 212 1695 238 1747; x_wconf 82' lang='lat' dir='ltr'><strong><em>A</em></strong></span> <span class='ocrx_word' id='word_1_122' title='bbox 237 1690 412 1766; x_wconf 85' lang='lat' dir='ltr'>ffirmativc.</span> 
     </span>
    </p>

    <p class='ocr_par' dir='ltr' id='par_1_10' title="bbox 111 1760 655 1833">
     <span class='ocr_line' id='line_1_20' title="bbox 111 1760 655 1833; baseline -0.002 -16"><span class='ocrx_word' id='word_1_123' title='bbox 111 1765 158 1818; x_wconf 84' lang='lat' dir='ltr'>Ad</span> <span class='ocrx_word' id='word_1_124' title='bbox 173 1764 201 1817; x_wconf 97' lang='lat' dir='ltr'>ll</span> <span class='ocrx_word' id='word_1_125' title='bbox 216 1775 245 1819; x_wconf 89' lang='lat' dir='ltr'>et</span> <span class='ocrx_word' id='word_1_126' title='bbox 260 1764 315 1821; x_wconf 89' lang='grc' dir='ltr'><strong>ΙΙΙ.</strong></span> <span class='ocrx_word' id='word_1_127' title='bbox 333 1761 488 1818; x_wconf 89' lang='lat' dir='ltr'>Provisum</span> <span class='ocrx_word' id='word_1_128' title='bbox 501 1761 531 1815; x_wconf 93' lang='lat' dir='ltr'>in</span> <span class='ocrx_word' id='word_1_129' title='bbox 546 1760 655 1833; x_wconf 92' lang='lat' dir='ltr'>primo.</span> 
     </span>
    </p>

    <p class='ocr_par' dir='ltr' id='par_1_11' title="bbox 110 1832 445 1917">
     <span class='ocr_line' id='line_1_21' title="bbox 110 1832 445 1917; baseline -0.003 -28"><span class='ocrx_word' id='word_1_130' title='bbox 110 1836 159 1889; x_wconf 85' lang='lat' dir='ltr'>Ad</span> <span class='ocrx_word' id='word_1_131' title='bbox 174 1835 225 1892; x_wconf 91' lang='lat' dir='ltr'>lV.</span> <span class='ocrx_word' id='word_1_132' title='bbox 244 1834 271 1888; x_wconf 92' lang='lat' dir='ltr'><em>A</em></span> <span class='ocrx_word' id='word_1_133' title='bbox 270 1832 445 1917; x_wconf 82' lang='lat' dir='ltr'>ffirmati&#39;ve.</span> 
     </span>
    </p>
   </div>
   <div class='ocr_carea' id='block_1_5' title="bbox 113 1903 1131 2120">
    <p class='ocr_par' dir='ltr' id='par_1_12' title="bbox 113 1903 1131 2120">
     <span class='ocr_line' id='line_1_22' title="bbox 113 1903 604 1978; baseline -0.004 -17"><span class='ocrx_word' id='word_1_134' title='bbox 113 1908 238 1974; x_wconf 85' lang='lat' dir='ltr'>Romae,</span> <span class='ocrx_word' id='word_1_135' title='bbox 253 1905 299 1961; x_wconf 93' lang='lat' dir='ltr'>die</span> <span class='ocrx_word' id='word_1_136' title='bbox 313 1924 323 1961; x_wconf 92' lang='lat' dir='ltr'>i</span> <span class='ocrx_word' id='word_1_137' title='bbox 338 1904 510 1978; x_wconf 89' lang='lat' dir='ltr'>septembris</span> <span class='ocrx_word' id='word_1_138' title='bbox 526 1903 604 1976; x_wconf 81' lang='lat'><strong>1905.</strong></span> 
     </span>
     <span class='ocr_line' id='line_1_23' title="bbox 609 1973 1129 2048; baseline -0.002 -19"><span class='ocrx_word' id='word_1_139' title='bbox 609 1975 644 2029; x_wconf 90' lang='lat' dir='ltr'>D.</span> <span class='ocrx_word' id='word_1_140' title='bbox 666 1973 752 2029; x_wconf 91' lang='lat' dir='ltr'>Card.</span> <span class='ocrx_word' id='word_1_141' title='bbox 775 1974 925 2043; x_wconf 76' lang='lat' dir='ltr'>Franirii,</span> <span class='ocrx_word' id='word_1_142' title='bbox 945 1974 1129 2048; x_wconf 70' lang='lat' dir='ltr'>Praefectus</span> 
     </span>
     <span class='ocr_line' id='line_1_24' title="bbox 601 2044 1131 2120; baseline -0.002 -19"><span class='ocrx_word' id='word_1_143' title='bbox 601 2044 760 2120; x_wconf 73' lang='lat' dir='ltr'>Philippus</span> <span class='ocrx_word' id='word_1_144' title='bbox 777 2044 918 2114; x_wconf 84' lang='lat' dir='ltr'>Giustini,</span> <span class='ocrx_word' id='word_1_145' title='bbox 934 2044 1131 2101; x_wconf 82' lang='lat' dir='ltr'>Secretarius.</span> 
     </span>
    </p>
   </div>
   <div class='ocr_carea' id='block_1_6' title="bbox 536 2167 714 2222">
    <p class='ocr_par' dir='ltr' id='par_1_13' title="bbox 536 2167 714 2222">
     <span class='ocr_line' id='line_1_25' title="bbox 536 2167 714 2222; baseline -0.011 0"><span class='ocrx_word' id='word_1_146' title='bbox 536 2167 714 2222; x_wconf 82' lang='lat' dir='ltr'>Aunoriirio</span> 
     </span>
    </p>
   </div>
   <div class='ocr_carea' id='block_1_7' title="bbox 79 2286 1171 2646">
    <p class='ocr_par' dir='ltr' id='par_1_14' title="bbox 79 2286 1171 2646">
     <span class='ocr_line' id='line_1_26' title="bbox 113 2286 1170 2368; baseline -0.002 -25"><span class='ocrx_word' id='word_1_147' title='bbox 113 2290 267 2361; x_wconf 90' lang='lat' dir='ltr'>Responso</span> <span class='ocrx_word' id='word_1_148' title='bbox 281 2303 342 2359; x_wconf 91' lang='lat' dir='ltr'>quo</span> <span class='ocrx_word' id='word_1_149' title='bbox 357 2287 517 2359; x_wconf 85' lang='lat' dir='ltr'>Regulares</span> <span class='ocrx_word' id='word_1_150' title='bbox 527 2286 721 2359; x_wconf 87' lang='lat' dir='ltr'>prohibentur</span> <span class='ocrx_word' id='word_1_151' title='bbox 732 2286 822 2342; x_wconf 89' lang='lat' dir='ltr'>etiam</span> <span class='ocrx_word' id='word_1_152' title='bbox 834 2286 914 2368; x_wconf 88' lang='lat' dir='ltr'>apud</span> <span class='ocrx_word' id='word_1_153' title='bbox 927 2287 1049 2343; x_wconf 89' lang='lat' dir='ltr'>Sorores</span> <span class='ocrx_word' id='word_1_154' title='bbox 1061 2301 1170 2341; x_wconf 89' lang='lat' dir='ltr'>munus</span> 
     </span>
     <span class='ocr_line' id='line_1_27' title="bbox 80 2357 1170 2431; baseline -0.003 -15"><span class='ocrx_word' id='word_1_155' title='bbox 80 2375 176 2431; x_wconf 90' lang='lat' dir='ltr'>gerere</span> <span class='ocrx_word' id='word_1_156' title='bbox 186 2357 364 2415; x_wconf 87' lang='lat' dir='ltr'>Confessarii</span> <span class='ocrx_word' id='word_1_157' title='bbox 378 2358 537 2426; x_wconf 90' lang='lat' dir='ltr'>Ordinarii,</span> <span class='ocrx_word' id='word_1_158' title='bbox 552 2375 613 2413; x_wconf 92' lang='lat' dir='ltr'>non</span> <span class='ocrx_word' id='word_1_159' title='bbox 626 2375 741 2430; x_wconf 90' lang='lat' dir='ltr'>parum,</span> <span class='ocrx_word' id='word_1_160' title='bbox 756 2370 790 2413; x_wconf 95' lang='lat' dir='ltr'>ut</span> <span class='ocrx_word' id='word_1_161' title='bbox 801 2358 958 2415; x_wconf 87' lang='lat' dir='ltr'>verisimile</span> <span class='ocrx_word' id='word_1_162' title='bbox 973 2369 1025 2428; x_wconf 88' lang='lat' dir='ltr'>est,</span> <span class='ocrx_word' id='word_1_163' title='bbox 1039 2374 1170 2413; x_wconf 89' lang='lat' dir='ltr'>commo·</span> 
     </span>
     <span class='ocr_line' id='line_1_28' title="bbox 79 2428 1170 2510; baseline 0 -26"><span class='ocrx_word' id='word_1_164' title='bbox 79 2432 223 2488; x_wconf 90' lang='lat' dir='ltr'>vebuntur</span> <span class='ocrx_word' id='word_1_165' title='bbox 236 2430 346 2505; x_wconf 90' lang='lat' dir='ltr'>plures.</span> <span class='ocrx_word' id='word_1_166' title='bbox 368 2430 431 2486; x_wconf 90' lang='lat' dir='ltr'>Nec</span> <span class='ocrx_word' id='word_1_167' title='bbox 452 2428 637 2485; x_wconf 88' lang='lat' dir='ltr'>diffitendum</span> <span class='ocrx_word' id='word_1_168' title='bbox 658 2441 701 2486; x_wconf 94' lang='lat' dir='ltr'>est</span> <span class='ocrx_word' id='word_1_169' title='bbox 720 2428 879 2503; x_wconf 83' lang='lat' dir='ltr'>pristinum</span> <span class='ocrx_word' id='word_1_170' title='bbox 892 2428 1016 2488; x_wconf 90' lang='lat' dir='ltr'>vetitum</span> <span class='ocrx_word' id='word_1_171' title='bbox 1036 2428 1170 2510; x_wconf 89' lang='lat' dir='ltr'>ampliari</span> 
     </span>
     <span class='ocr_line' id='line_1_29' title="bbox 80 2501 1171 2575; baseline -0.002 -18"><span class='ocrx_word' id='word_1_172' title='bbox 80 2503 133 2559; x_wconf 89' lang='lat' dir='ltr'>bac</span> <span class='ocrx_word' id='word_1_173' title='bbox 147 2504 176 2558; x_wconf 87' lang='lat' dir='ltr'>S.</span> <span class='ocrx_word' id='word_1_174' title='bbox 191 2501 434 2574; x_wconf 88' lang='lat' dir='ltr'>Congregationis</span> <span class='ocrx_word' id='word_1_175' title='bbox 448 2501 647 2574; x_wconf 85' lang='lat' dir='ltr'>responsione,</span> <span class='ocrx_word' id='word_1_176' title='bbox 671 2519 747 2574; x_wconf 87' lang='lat' dir='ltr'>quae</span> <span class='ocrx_word' id='word_1_177' title='bbox 762 2515 882 2575; x_wconf 87' lang='lat' dir='ltr'>propter</span> <span class='ocrx_word' id='word_1_178' title='bbox 896 2518 1051 2562; x_wconf 83' lang='lat' dir='ltr'>causarum</span> <span class='ocrx_word' id='word_1_179' title='bbox 1071 2501 1171 2556; x_wconf 91' lang='lat' dir='ltr'>simili·</span> 
     </span>
     <span class='ocr_line' id='line_1_30' title="bbox 80 2572 1171 2646; baseline 0 -18"><span class='ocrx_word' id='word_1_180' title='bbox 80 2575 209 2630; x_wconf 84' lang='lat' dir='ltr'>tudinem</span> <span class='ocrx_word' id='word_1_181' title='bbox 229 2575 298 2629; x_wconf 88' lang='lat' dir='ltr'>data</span> <span class='ocrx_word' id='word_1_182' title='bbox 310 2590 373 2630; x_wconf 88' lang='lat' dir='ltr'>esse</span> <span class='ocrx_word' id='word_1_183' title='bbox 387 2573 512 2629; x_wconf 89' lang='lat' dir='ltr'>videtur.</span> <span class='ocrx_word' id='word_1_184' title='bbox 533 2573 642 2629; x_wconf 84' lang='lat' dir='ltr'>Causas</span> <span class='ocrx_word' id='word_1_185' title='bbox 655 2585 754 2628; x_wconf 89' lang='lat' dir='ltr'>tamen</span> <span class='ocrx_word' id='word_1_186' title='bbox 769 2573 892 2629; x_wconf 91' lang='lat' dir='ltr'>omnino</span> <span class='ocrx_word' id='word_1_187' title='bbox 907 2590 991 2646; x_wconf 88' lang='lat' dir='ltr'>pares</span> <span class='ocrx_word' id='word_1_188' title='bbox 1003 2572 1171 2646; x_wconf 89' lang='lat' dir='ltr'>praedicare</span> 
     </span>
    </p>
   </div>
   <div class='ocr_carea' id='block_1_8' title="bbox 81 2642 1209 2717">
    <p class='ocr_par' dir='ltr' id='par_1_15' title="bbox 81 2642 1209 2717">
     <span class='ocr_line' id='line_1_31' title="bbox 81 2642 1209 2717; baseline -0.002 -17"><span class='ocrx_word' id='word_1_189' title='bbox 81 2646 214 2700; x_wconf 91' lang='lat' dir='ltr'>nolimus.</span> <span class='ocrx_word' id='word_1_190' title='bbox 241 2647 394 2714; x_wconf 90' lang='lat' dir='ltr'>Quantum</span> <span class='ocrx_word' id='word_1_191' title='bbox 417 2643 497 2699; x_wconf 92' lang='lat' dir='ltr'>enim</span> <span class='ocrx_word' id='word_1_192' title='bbox 520 2642 617 2699; x_wconf 89' lang='lat' dir='ltr'>differt</span> <span class='ocrx_word' id='word_1_193' title='bbox 638 2643 713 2699; x_wconf 88' lang='lat' dir='ltr'>ratio</span> <span class='ocrx_word' id='word_1_194' title='bbox 734 2643 851 2700; x_wconf 90' lang='lat' dir='ltr'>vivendi</span> <span class='ocrx_word' id='word_1_195' title='bbox 879 2643 1065 2712; x_wconf 87' lang='lat' dir='ltr'>monialium,</span> <span class='ocrx_word' id='word_1_196' title='bbox 1083 2660 1169 2717; x_wconf 87' lang='lat' dir='ltr'>quae,</span> <span class='ocrx_word' id='word_1_197' title='bbox 1207 2660 1209 2664; x_wconf 89' lang='lat'>·</span> 
     </span>
    </p>
   </div>
   <div class='ocr_carea' id='block_1_9' title="bbox 80 2715 1171 3216">
    <p class='ocr_par' dir='ltr' id='par_1_16' title="bbox 80 2715 1171 2931">
     <span class='ocr_line' id='line_1_32' title="bbox 80 2715 1171 2788; baseline 0.001 -18"><span class='ocrx_word' id='word_1_198' title='bbox 80 2716 131 2770; x_wconf 93' lang='lat' dir='ltr'>uni</span> <span class='ocrx_word' id='word_1_199' title='bbox 145 2716 324 2773; x_wconf 88' lang='lat' dir='ltr'>monasterio</span> <span class='ocrx_word' id='word_1_200' title='bbox 348 2715 489 2783; x_wconf 85' lang='lat' dir='ltr'>addictae,</span> <span class='ocrx_word' id='word_1_201' title='bbox 505 2715 603 2771; x_wconf 88' lang='lat' dir='ltr'>stricta</span> <span class='ocrx_word' id='word_1_202' title='bbox 624 2715 851 2771; x_wconf 89' lang='lat' dir='ltr'>continebantur</span> <span class='ocrx_word' id='word_1_203' title='bbox 872 2715 1016 2783; x_wconf 87' lang='lat' dir='ltr'>clausura,</span> <span class='ocrx_word' id='word_1_204' title='bbox 1031 2732 1048 2770; x_wconf 92' lang='lat' dir='ltr'>a</span> <span class='ocrx_word' id='word_1_205' title='bbox 1066 2731 1171 2788; x_wconf 89' lang='lat' dir='ltr'>genere</span> 
     </span>
     <span class='ocr_line' id='line_1_33' title="bbox 82 2785 1171 2862; baseline 0 -20"><span class='ocrx_word' id='word_1_206' title='bbox 82 2789 153 2843; x_wconf 87' lang='lat' dir='ltr'>vitae</span> <span class='ocrx_word' id='word_1_207' title='bbox 164 2788 376 2862; x_wconf 90' lang='lat' dir='ltr'>plerarumque</span> <span class='ocrx_word' id='word_1_208' title='bbox 387 2803 533 2856; x_wconf 92' lang='lat' dir='ltr'>sororum,</span> <span class='ocrx_word' id='word_1_209' title='bbox 547 2803 622 2859; x_wconf 92' lang='lat' dir='ltr'>quae</span> <span class='ocrx_word' id='word_1_210' title='bbox 632 2788 669 2842; x_wconf 91' lang='lat' dir='ltr'>ad</span> <span class='ocrx_word' id='word_1_211' title='bbox 676 2785 756 2841; x_wconf 86' lang='lat' dir='ltr'>varia</span> <span class='ocrx_word' id='word_1_212' title='bbox 770 2785 897 2842; x_wconf 85' lang='lat' dir='ltr'>caritatis</span> <span class='ocrx_word' id='word_1_213' title='bbox 910 2804 998 2862; x_wconf 89' lang='lat' dir='ltr'>opera</span> <span class='ocrx_word' id='word_1_214' title='bbox 1012 2787 1171 2843; x_wconf 87' lang='lat' dir='ltr'>exercenda</span> 
     </span>
     <span class='ocr_line' id='line_1_34' title="bbox 82 2857 1066 2931; baseline -0.001 -18"><span class='ocrx_word' id='word_1_215' title='bbox 82 2859 164 2915; x_wconf 87' lang='lat' dir='ltr'>etiam</span> <span class='ocrx_word' id='word_1_216' title='bbox 176 2872 258 2915; x_wconf 80' lang='lat' dir='ltr'>extra</span> <span class='ocrx_word' id='word_1_217' title='bbox 270 2857 489 2915; x_wconf 89' lang='lat' dir='ltr'>conservatoria</span> <span class='ocrx_word' id='word_1_218' title='bbox 499 2869 658 2913; x_wconf 85' lang='lat' dir='ltr'>excurrunt</span> <span class='ocrx_word' id='word_1_219' title='bbox 670 2869 698 2913; x_wconf 91' lang='lat' dir='ltr'>et</span> <span class='ocrx_word' id='word_1_220' title='bbox 711 2874 796 2931; x_wconf 90' lang='lat' dir='ltr'>saepe</span> <span class='ocrx_word' id='word_1_221' title='bbox 808 2858 929 2914; x_wconf 90' lang='lat' dir='ltr'>domum</span> <span class='ocrx_word' id='word_1_222' title='bbox 942 2868 1066 2914; x_wconf 90' lang='lat' dir='ltr'>mutant.</span> 
     </span>
    </p>

    <p class='ocr_par' dir='ltr' id='par_1_17' title="bbox 82 2928 1171 3216">
     <span class='ocr_line' id='line_1_35' title="bbox 115 2928 1171 3002; baseline -0.001 -18"><span class='ocrx_word' id='word_1_223' title='bbox 115 2932 273 2998; x_wconf 84' lang='lat' dir='ltr'>Praeterea,</span> <span class='ocrx_word' id='word_1_224' title='bbox 286 2931 311 2986; x_wconf 94' lang='lat' dir='ltr'>si</span> <span class='ocrx_word' id='word_1_225' title='bbox 321 2941 535 3002; x_wconf 86' lang='lat' dir='ltr'>consequenter</span> <span class='ocrx_word' id='word_1_226' title='bbox 545 2930 722 3002; x_wconf 89' lang='lat' dir='ltr'>respondere</span> <span class='ocrx_word' id='word_1_227' title='bbox 735 2929 927 2997; x_wconf 89' lang='lat' dir='ltr'>voluerimus,</span> <span class='ocrx_word' id='word_1_228' title='bbox 941 2930 1029 2986; x_wconf 90' lang='lat' dir='ltr'>etiam</span> <span class='ocrx_word' id='word_1_229' title='bbox 1041 2929 1072 2984; x_wconf 94' lang='lat' dir='ltr'>in</span> <span class='ocrx_word' id='word_1_230' title='bbox 1080 2928 1171 2984; x_wconf 89' lang='lat' dir='ltr'>alum-</span> 
     </span>
     <span class='ocr_line' id='line_1_36' title="bbox 82 2999 1171 3080; baseline 0.001 -27"><span class='ocrx_word' id='word_1_231' title='bbox 82 3016 133 3055; x_wconf 90' lang='lat' dir='ltr'>nos</span> <span class='ocrx_word' id='word_1_232' title='bbox 145 3001 412 3074; x_wconf 89' lang='lat' dir='ltr'>Congregationem</span> <span class='ocrx_word' id='word_1_233' title='bbox 423 3001 556 3057; x_wconf 89' lang='lat' dir='ltr'>virorum</span> <span class='ocrx_word' id='word_1_234' title='bbox 564 3000 720 3056; x_wconf 89' lang='lat' dir='ltr'>transferre</span> <span class='ocrx_word' id='word_1_235' title='bbox 732 2999 904 3055; x_wconf 91' lang='lat' dir='ltr'>debebimus</span> <span class='ocrx_word' id='word_1_236' title='bbox 914 3001 1008 3072; x_wconf 91' lang='lat' dir='ltr'>legem</span> <span class='ocrx_word' id='word_1_237' title='bbox 1017 3000 1108 3056; x_wconf 89' lang='lat' dir='ltr'>latam</span> <span class='ocrx_word' id='word_1_238' title='bbox 1117 3017 1171 3080; x_wconf 91' lang='lat' dir='ltr'>pro</span> 
     </span>
     <span class='ocr_line' id='line_1_37' title="bbox 84 3070 1171 3153; baseline 0 -27"><span class='ocrx_word' id='word_1_239' title='bbox 84 3071 282 3148; x_wconf 74' lang='lat' dir='ltr'>RegularibuS,</span> <span class='ocrx_word' id='word_1_240' title='bbox 297 3073 382 3129; x_wconf 89' lang='lat' dir='ltr'>itaut</span> <span class='ocrx_word' id='word_1_241' title='bbox 397 3089 435 3128; x_wconf 89' lang='lat' dir='ltr'>ne</span> <span class='ocrx_word' id='word_1_242' title='bbox 456 3072 499 3127; x_wconf 91' lang='lat' dir='ltr'>illi</span> <span class='ocrx_word' id='word_1_243' title='bbox 512 3071 641 3144; x_wconf 91' lang='lat' dir='ltr'>quidem,</span> <span class='ocrx_word' id='word_1_244' title='bbox 656 3082 759 3127; x_wconf 85' lang='lat' dir='ltr'>contra</span> <span class='ocrx_word' id='word_1_245' title='bbox 773 3088 807 3127; x_wconf 91' lang='lat' dir='ltr'>ac</span> <span class='ocrx_word' id='word_1_246' title='bbox 815 3072 988 3153; x_wconf 88' lang='lat' dir='ltr'>saepissime</span> <span class='ocrx_word' id='word_1_247' title='bbox 1001 3070 1043 3142; x_wconf 91' lang='lat' dir='ltr'>fit,</span> <span class='ocrx_word' id='word_1_248' title='bbox 1059 3070 1171 3127; x_wconf 89' lang='lat' dir='ltr'>institui</span> 
     </span>
     <span class='ocr_line' id='line_1_38' title="bbox 83 3142 914 3216; baseline 0.001 -18"><span class='ocrx_word' id='word_1_249' title='bbox 83 3159 138 3198; x_wconf 86' lang='lat' dir='ltr'>tam</span> <span class='ocrx_word' id='word_1_250' title='bbox 149 3157 265 3216; x_wconf 89' lang='lat' dir='ltr'>possent</span> <span class='ocrx_word' id='word_1_251' title='bbox 276 3143 454 3200; x_wconf 87' lang='lat' dir='ltr'>Confessarii</span> <span class='ocrx_word' id='word_1_252' title='bbox 465 3142 614 3200; x_wconf 90' lang='lat' dir='ltr'>Ordinarii</span> <span class='ocrx_word' id='word_1_253' title='bbox 627 3143 658 3197; x_wconf 91' lang='lat' dir='ltr'>in</span> <span class='ocrx_word' id='word_1_254' title='bbox 670 3143 914 3199; x_wconf 87' lang='lat' dir='ltr'>Conservatoriis.</span> 
     </span>
    </p>
   </div>
   <div class='ocr_carea' id='block_1_10' title="bbox 108 3486 1145 3590">
    <p class='ocr_par' dir='ltr' id='par_1_18' title="bbox 108 3486 1145 3590">
     <span class='ocr_line' id='line_1_39' title="bbox 108 3486 1145 3590; baseline 0.002 -18"><span class='ocrx_word' id='word_1_255' title='bbox 108 3486 172 3574; x_wconf 84' lang='lat'>94.</span> <span class='ocrx_word' id='word_1_256' title='bbox 196 3541 240 3552; x_wconf 92' lang='lat'><em>-</em></span> <span class='ocrx_word' id='word_1_257' title='bbox 261 3502 299 3572; x_wconf 89' lang='lat' dir='ltr'>s.</span> <span class='ocrx_word' id='word_1_258' title='bbox 323 3503 470 3572; x_wconf 85' lang='lat' dir='ltr'>iiiiuuii</span> <span class='ocrx_word' id='word_1_259' title='bbox 500 3503 840 3574; x_wconf 74' lang='lat' dir='ltr'>concarnationis</span> <span class='ocrx_word' id='word_1_260' title='bbox 870 3503 909 3589; x_wconf 79' lang='lat' dir='ltr'>(a</span> <span class='ocrx_word' id='word_1_261' title='bbox 926 3505 1020 3590; x_wconf 70' lang='lat' dir='ltr'>sipi.</span> <span class='ocrx_word' id='word_1_262' title='bbox 1045 3503 1145 3587; x_wconf 81' lang='lat' dir='ltr'>iens)</span> 
     </span>
    </p>
   </div>
   <div class='ocr_carea' id='block_1_11' title="bbox 82 3685 1171 3745">
    <p class='ocr_par' dir='ltr' id='par_1_19' title="bbox 82 3685 1171 3745">
     <span class='ocr_line' id='line_1_40' title="bbox 82 3685 1171 3745; baseline 0.002 -4"><span class='ocrx_word' id='word_1_263' title='bbox 82 3685 316 3743; x_wconf 77' lang='lat' dir='ltr'><strong><em>RESPONSUM</em></strong></span> <span class='ocrx_word' id='word_1_264' title='bbox 332 3689 387 3743; x_wconf 78' lang='lat' dir='ltr'>nt:</span> <span class='ocrx_word' id='word_1_265' title='bbox 400 3689 442 3742; x_wconf 84' lang='lat' dir='ltr'>TI</span> <span class='ocrx_word' id='word_1_266' title='bbox 443 3689 593 3745; x_wconf 82' lang='lat' dir='ltr'><strong><em>TULARI</em></strong></span> <span class='ocrx_word' id='word_1_267' title='bbox 606 3689 835 3744; x_wconf 66' lang='lat' dir='ltr'>ecciesiae</span> <span class='ocrx_word' id='word_1_268' title='bbox 846 3691 894 3745; x_wconf 88' lang='lat' dir='ltr'>IN</span> <span class='ocrx_word' id='word_1_269' title='bbox 902 3689 1171 3745; x_wconf 77' lang='lat' dir='ltr'>DISPERSIONE</span> 
     </span>
    </p>
   </div>
   <div class='ocr_carea' id='block_1_12' title="bbox 100 3845 1153 3922">
    <p class='ocr_par' dir='ltr' id='par_1_20' title="bbox 100 3845 1153 3922">
     <span class='ocr_line' id='line_1_41' title="bbox 100 3845 1153 3922; baseline 0.008 -22"><span class='ocrx_word' id='word_1_270' title='bbox 100 3845 239 3905; x_wconf 80' lang='lat' dir='ltr'>Ordinis</span> <span class='ocrx_word' id='word_1_271' title='bbox 250 3850 429 3907; x_wconf 78' lang='lat' dir='ltr'>Minorum</span> <span class='ocrx_word' id='word_1_272' title='bbox 442 3851 477 3908; x_wconf 84' lang='lat' dir='ltr'>S.</span> <span class='ocrx_word' id='word_1_273' title='bbox 491 3851 671 3907; x_wconf 56' lang='lat' dir='ltr'>&amp;meieni</span> <span class='ocrx_word' id='word_1_274' title='bbox 685 3851 961 3922; x_wconf 81' lang='lat' dir='ltr'>capuccinorum</span> <span class='ocrx_word' id='word_1_275' title='bbox 979 3853 1017 3906; x_wconf 90' lang='lat' dir='ltr'>in</span> <span class='ocrx_word' id='word_1_276' title='bbox 1037 3851 1153 3908; x_wconf 78' lang='lat' dir='ltr'>Gallia</span> 
     </span>
    </p>
   </div>
   <div class='ocr_carea' id='block_1_13' title="bbox 82 4013 1172 4380">
    <p class='ocr_par' dir='ltr' id='par_1_21' title="bbox 100 4013 1172 4097">
     <span class='ocr_line' id='line_1_42' title="bbox 100 4013 1172 4097; baseline 0.006 -25"><span class='ocrx_word' id='word_1_277' title='bbox 100 4018 219 4097; x_wconf 24' lang='lat' dir='ltr'>‘Ferme</span> <span class='ocrx_word' id='word_1_278' title='bbox 230 4037 334 4077; x_wconf 89' lang='lat' dir='ltr'>omnes</span> <span class='ocrx_word' id='word_1_279' title='bbox 362 4013 510 4077; x_wconf 78' lang='lat' dir='ltr'>Ecclesiae</span> <span class='ocrx_word' id='word_1_280' title='bbox 530 4021 649 4078; x_wconf 91' lang='lat' dir='ltr'>Ordinis</span> <span class='ocrx_word' id='word_1_281' title='bbox 674 4021 828 4077; x_wconf 90' lang='lat' dir='ltr'>Minorum</span> <span class='ocrx_word' id='word_1_282' title='bbox 846 4022 876 4078; x_wconf 88' lang='lat' dir='ltr'>S.</span> <span class='ocrx_word' id='word_1_283' title='bbox 892 4021 1037 4077; x_wconf 90' lang='lat' dir='ltr'>Francisci</span> <span class='ocrx_word' id='word_1_284' title='bbox 1058 4023 1172 4094; x_wconf 90' lang='lat' dir='ltr'>Capuc·</span> 
     </span>
    </p>

    <p class='ocr_par' dir='ltr' id='par_1_22' title="bbox 82 4091 1169 4380">
     <span class='ocr_line' id='line_1_43' title="bbox 84 4091 1169 4164; baseline 0.006 -23"><span class='ocrx_word' id='word_1_285' title='bbox 84 4103 214 4145; x_wconf 87' lang='lat' dir='ltr'>cinomm</span> <span class='ocrx_word' id='word_1_286' title='bbox 226 4091 255 4146; x_wconf 91' lang='lat' dir='ltr'>in</span> <span class='ocrx_word' id='word_1_287' title='bbox 279 4092 375 4149; x_wconf 87' lang='lat' dir='ltr'>Gallia</span> <span class='ocrx_word' id='word_1_288' title='bbox 387 4105 456 4148; x_wconf 91' lang='lat' dir='ltr'>sunt</span> <span class='ocrx_word' id='word_1_289' title='bbox 476 4094 592 4149; x_wconf 90' lang='lat' dir='ltr'>clausae</span> <span class='ocrx_word' id='word_1_290' title='bbox 609 4105 637 4148; x_wconf 92' lang='lat' dir='ltr'>et</span> <span class='ocrx_word' id='word_1_291' title='bbox 660 4095 830 4148; x_wconf 89' lang='lat' dir='ltr'>Conventus</span> <span class='ocrx_word' id='word_1_292' title='bbox 848 4092 991 4164; x_wconf 91' lang='lat' dir='ltr'>religiosis</span> <span class='ocrx_word' id='word_1_293' title='bbox 1005 4105 1119 4152; x_wconf 86' lang='lat' dir='ltr'>vacant.</span> <span class='ocrx_word' id='word_1_294' title='bbox 1136 4095 1169 4148; x_wconf 91' lang='lat' dir='ltr'>ln</span> 
     </span>
     <span class='ocr_line' id='line_1_44' title="bbox 82 4161 1168 4246; baseline 0.006 -33"><span class='ocrx_word' id='word_1_295' title='bbox 82 4175 186 4238; x_wconf 83' lang='lat' dir='ltr'>manus</span> <span class='ocrx_word' id='word_1_296' title='bbox 199 4161 238 4218; x_wconf 91' lang='lat' dir='ltr'>sic</span> <span class='ocrx_word' id='word_1_297' title='bbox 249 4163 319 4219; x_wconf 92' lang='lat' dir='ltr'>dicti</span> <span class='ocrx_word' id='word_1_298' title='bbox 342 4164 550 4246; x_wconf 69' lang='lat' dir='ltr'>Liquidatoris</span> <span class='ocrx_word' id='word_1_299' title='bbox 570 4164 748 4220; x_wconf 88' lang='lat' dir='ltr'>transierunt</span> <span class='ocrx_word' id='word_1_300' title='bbox 772 4164 919 4219; x_wconf 90' lang='lat' dir='ltr'>Ecclesiae</span> <span class='ocrx_word' id='word_1_301' title='bbox 932 4176 960 4220; x_wconf 89' lang='lat' dir='ltr'>et</span> <span class='ocrx_word' id='word_1_302' title='bbox 979 4164 1148 4220; x_wconf 91' lang='lat' dir='ltr'>Conventus</span> <span class='ocrx_word' id='word_1_303' title='bbox 1161 4187 1168 4235; x_wconf 90' lang='lat'>;</span> 
     </span>
     <span class='ocr_line' id='line_1_45' title="bbox 84 4230 1168 4311; baseline 0.008 -28"><span class='ocrx_word' id='word_1_304' title='bbox 84 4230 271 4311; x_wconf 78' lang='lat' dir='ltr'>nibilominus</span> <span class='ocrx_word' id='word_1_305' title='bbox 296 4235 327 4289; x_wconf 93' lang='lat' dir='ltr'>in</span> <span class='ocrx_word' id='word_1_306' title='bbox 345 4235 419 4291; x_wconf 87' lang='lat' dir='ltr'>locis</span> <span class='ocrx_word' id='word_1_307' title='bbox 442 4235 494 4291; x_wconf 92' lang='lat' dir='ltr'>ubi</span> <span class='ocrx_word' id='word_1_308' title='bbox 518 4247 600 4291; x_wconf 89' lang='lat' dir='ltr'>erant</span> <span class='ocrx_word' id='word_1_309' title='bbox 615 4238 785 4291; x_wconf 89' lang='lat' dir='ltr'>Conventus</span> <span class='ocrx_word' id='word_1_310' title='bbox 808 4246 1011 4290; x_wconf 89' lang='lat' dir='ltr'>remanserunt</span> <span class='ocrx_word' id='word_1_311' title='bbox 1029 4236 1168 4309; x_wconf 90' lang='lat' dir='ltr'>religiosi,</span> 
     </span>
     <span class='ocr_line' id='line_1_46' title="bbox 85 4301 1026 4380; baseline 0.01 -26"><span class='ocrx_word' id='word_1_312' title='bbox 85 4318 138 4372; x_wconf 92' lang='lat' dir='ltr'>qui</span> <span class='ocrx_word' id='word_1_313' title='bbox 157 4301 218 4359; x_wconf 89' lang='lat' dir='ltr'>licet</span> <span class='ocrx_word' id='word_1_314' title='bbox 236 4306 393 4379; x_wconf 90' lang='lat' dir='ltr'>separatim</span> <span class='ocrx_word' id='word_1_315' title='bbox 418 4305 525 4377; x_wconf 91' lang='lat' dir='ltr'>vivant,</span> <span class='ocrx_word' id='word_1_316' title='bbox 551 4307 739 4380; x_wconf 89' lang='lat' dir='ltr'>Superiorem</span> <span class='ocrx_word' id='word_1_317' title='bbox 765 4305 890 4362; x_wconf 86' lang='lat' dir='ltr'>localem</span> <span class='ocrx_word' id='word_1_318' title='bbox 908 4307 1026 4369; x_wconf 84' lang='lat' dir='ltr'>habent.</span> 
     </span>
    </p>
   </div>
   <div class='ocr_carea' id='block_1_14' title="bbox 1219 634 1384 1088">
    <p class='ocr_par' dir='ltr' id='par_1_23' title="bbox 1219 634 1384 1088">
     <span class='ocr_line' id='line_1_47' title="bbox 1242 634 1384 693; baseline -0.014 -10"><span class='ocrx_word' id='word_1_319' title='bbox 1242 634 1384 693; x_wconf 80' lang='lat' dir='ltr'>Designatio</span> 
     </span>
     <span class='ocr_line' id='line_1_48' title="bbox 1223 692 1384 741; baseline 0 -3"><span class='ocrx_word' id='word_1_320' title='bbox 1223 692 1384 741; x_wconf 79' lang='lat' dir='ltr'>eiusdimcon·</span> 
     </span>
     <span class='ocr_line' id='line_1_49' title="bbox 1219 750 1384 811; baseline -0.024 -13"><span class='ocrx_word' id='word_1_321' title='bbox 1219 750 1321 811; x_wconf 66' lang='lat' dir='ltr'>fossarii</span> <span class='ocrx_word' id='word_1_322' title='bbox 1340 755 1384 808; x_wconf 82' lang='lat' dir='ltr'>pra</span> 
     </span>
     <span class='ocr_line' id='line_1_50' title="bbox 1223 808 1382 857; baseline -0.019 -2"><span class='ocrx_word' id='word_1_323' title='bbox 1223 808 1310 857; x_wconf 79' lang='lat' dir='ltr'>duobus</span> <span class='ocrx_word' id='word_1_324' title='bbox 1334 820 1382 853; x_wconf 88' lang='lat' dir='ltr'>ma-</span> 
     </span>
     <span class='ocr_line' id='line_1_51' title="bbox 1225 864 1384 921; baseline -0.025 -8"><span class='ocrx_word' id='word_1_325' title='bbox 1225 870 1341 921; x_wconf 78' lang='lat' dir='ltr'>nasteriis,</span> <span class='ocrx_word' id='word_1_326' title='bbox 1351 864 1384 911; x_wconf 83' lang='lat' dir='ltr'>vel</span> 
     </span>
     <span class='ocr_line' id='line_1_52' title="bbox 1221 928 1384 985; baseline -0.025 -14"><span class='ocrx_word' id='word_1_327' title='bbox 1221 928 1384 985; x_wconf 72' lang='lat' dir='ltr'>promanaru-</span> 
     </span>
     <span class='ocr_line' id='line_1_53' title="bbox 1223 984 1384 1029; baseline -0.006 -2"><span class='ocrx_word' id='word_1_328' title='bbox 1223 984 1384 1029; x_wconf 81' lang='lat' dir='ltr'>rioetaonser-</span> 
     </span>
     <span class='ocr_line' id='line_1_54' title="bbox 1223 1042 1326 1088; baseline 0.01 -1"><span class='ocrx_word' id='word_1_329' title='bbox 1223 1042 1326 1088; x_wconf 79' lang='lat' dir='ltr'>notoria.</span> 
     </span>
    </p>
   </div>
   <div class='ocr_carea' id='block_1_15' title="bbox 1218 1193 1385 1789">
    <p class='ocr_par' dir='ltr' id='par_1_24' title="bbox 1218 1193 1385 1662">
     <span class='ocr_line' id='line_1_55' title="bbox 1240 1193 1384 1250; baseline -0.035 -9"><span class='ocrx_word' id='word_1_330' title='bbox 1240 1193 1384 1250; x_wconf 73' lang='lat' dir='ltr'>Designatia</span> 
     </span>
     <span class='ocr_line' id='line_1_56' title="bbox 1223 1250 1384 1309; baseline -0.031 -10"><span class='ocrx_word' id='word_1_331' title='bbox 1223 1252 1273 1299; x_wconf 88' lang='lat' dir='ltr'>viri</span> <span class='ocrx_word' id='word_1_332' title='bbox 1283 1250 1384 1309; x_wconf 79' lang='lat' dir='ltr'>Regula-</span> 
     </span>
     <span class='ocr_line' id='line_1_57' title="bbox 1224 1306 1382 1355; baseline -0.025 0"><span class='ocrx_word' id='word_1_333' title='bbox 1224 1311 1261 1355; x_wconf 83' lang='lat' dir='ltr'>ris</span> <span class='ocrx_word' id='word_1_334' title='bbox 1276 1313 1301 1354; x_wconf 83' lang='lat' dir='ltr'>iit</span> <span class='ocrx_word' id='word_1_335' title='bbox 1318 1306 1382 1354; x_wconf 87' lang='lat' dir='ltr'>ordi-</span> 
     </span>
     <span class='ocr_line' id='line_1_58' title="bbox 1223 1366 1385 1414; baseline -0.019 0"><span class='ocrx_word' id='word_1_336' title='bbox 1223 1367 1291 1414; x_wconf 81' lang='lat' dir='ltr'>narii</span> <span class='ocrx_word' id='word_1_337' title='bbox 1322 1366 1385 1412; x_wconf 85' lang='lat' dir='ltr'>Can·</span> 
     </span>
     <span class='ocr_line' id='line_1_59' title="bbox 1218 1424 1382 1485; baseline -0.012 -15"><span class='ocrx_word' id='word_1_338' title='bbox 1218 1424 1320 1485; x_wconf 75' lang='lat' dir='ltr'>ferrarii</span> <span class='ocrx_word' id='word_1_339' title='bbox 1346 1436 1382 1468; x_wconf 87' lang='lat' dir='ltr'>so·</span> 
     </span>
     <span class='ocr_line' id='line_1_60' title="bbox 1223 1483 1382 1527; baseline -0.006 0"><span class='ocrx_word' id='word_1_340' title='bbox 1223 1495 1303 1527; x_wconf 83' lang='lat' dir='ltr'>rorum</span> <span class='ocrx_word' id='word_1_341' title='bbox 1326 1483 1382 1527; x_wconf 83' lang='lat' dir='ltr'>sim·</span> 
     </span>
     <span class='ocr_line' id='line_1_61' title="bbox 1223 1540 1326 1598; baseline 0.01 -13"><span class='ocrx_word' id='word_1_342' title='bbox 1223 1540 1326 1598; x_wconf 70' lang='lat' dir='ltr'>plinium.</span> 
     </span>
     <span class='ocr_line' id='line_1_62' title="bbox 1227 1613 1377 1662; baseline -0.007 -9"><span class='ocrx_word' id='word_1_343' title='bbox 1227 1613 1377 1662; x_wconf 72' lang='lat' dir='ltr'>Responnn</span> 
     </span>
    </p>

    <p class='ocr_par' dir='ltr' id='par_1_25' title="bbox 1226 1674 1385 1789">
     <span class='ocr_line' id='line_1_63' title="bbox 1254 1674 1385 1721; baseline -0.031 0"><span class='ocrx_word' id='word_1_344' title='bbox 1254 1674 1385 1721; x_wconf 75' lang='lat' dir='ltr'>Daunitate</span> 
     </span>
     <span class='ocr_line' id='line_1_64' title="bbox 1226 1729 1382 1789; baseline 0 -12"><span class='ocrx_word' id='word_1_345' title='bbox 1226 1729 1382 1789; x_wconf 75' lang='lat' dir='ltr'>confessarii.</span> 
     </span>
    </p>
   </div>
   <div class='ocr_carea' id='block_1_16' title="bbox 1222 1814 1433 2119">
    <p class='ocr_par' dir='ltr' id='par_1_26' title="bbox 1222 1814 1433 2119">
     <span class='ocr_line' id='line_1_65' title="bbox 1251 1814 1384 1862; baseline -0.008 0"><span class='ocrx_word' id='word_1_346' title='bbox 1251 1814 1384 1862; x_wconf 80' lang='lat' dir='ltr'>Deliabili·</span> 
     </span>
     <span class='ocr_line' id='line_1_66' title="bbox 1224 1872 1382 1920; baseline 0 -3"><span class='ocrx_word' id='word_1_347' title='bbox 1224 1878 1269 1920; x_wconf 81' lang='lat' dir='ltr'>tate</span> <span class='ocrx_word' id='word_1_348' title='bbox 1279 1874 1329 1919; x_wconf 83' lang='lat' dir='ltr'>viri</span> <span class='ocrx_word' id='word_1_349' title='bbox 1338 1872 1382 1918; x_wconf 79' lang='lat' dir='ltr'>Ra·</span> 
     </span>
     <span class='ocr_line' id='line_1_67' title="bbox 1222 1930 1324 1989; baseline 0 -12"><span class='ocrx_word' id='word_1_350' title='bbox 1222 1930 1324 1989; x_wconf 76' lang='lat' dir='ltr'>galatis.</span> 
     </span>
     <span class='ocr_line' id='line_1_68' title="bbox 1232 2001 1380 2059; baseline -0.007 -12"><span class='ocrx_word' id='word_1_351' title='bbox 1232 2001 1380 2059; x_wconf 75' lang='lat' dir='ltr'>Dias(rsept.</span> 
     </span>
     <span class='ocr_line' id='line_1_69' title="bbox 1222 2059 1433 2119; baseline -0.009 -12"><span class='ocrx_word' id='word_1_352' title='bbox 1222 2059 1302 2119; x_wconf 77' lang='lat'><em>1905).</em></span> <span class='ocrx_word' id='word_1_353' title='bbox 1429 2064 1433 2073; x_wconf 96' lang='grc'>’</span> 
     </span>
    </p>
   </div>
   <div class='ocr_carea' id='block_1_17' title="bbox 1224 4031 1385 4254">
    <p class='ocr_par' dir='ltr' id='par_1_27' title="bbox 1224 4031 1385 4254">
     <span class='ocr_line' id='line_1_70' title="bbox 1255 4031 1344 4078; baseline 0 0"><span class='ocrx_word' id='word_1_354' title='bbox 1255 4031 1344 4078; x_wconf 86' lang='lat' dir='ltr'>Clausa</span> 
     </span>
     <span class='ocr_line' id='line_1_71' title="bbox 1224 4093 1385 4138; baseline -0.019 -1"><span class='ocrx_word' id='word_1_355' title='bbox 1224 4105 1275 4138; x_wconf 83' lang='lat' dir='ltr'>aum</span> <span class='ocrx_word' id='word_1_356' title='bbox 1285 4093 1334 4136; x_wconf 84' lang='lat' dir='ltr'>sint</span> <span class='ocrx_word' id='word_1_357' title='bbox 1350 4103 1385 4135; x_wconf 86' lang='lat' dir='ltr'>ec·</span> 
     </span>
     <span class='ocr_line' id='line_1_72' title="bbox 1224 4148 1385 4196; baseline -0.012 -1"><span class='ocrx_word' id='word_1_358' title='bbox 1224 4148 1385 4196; x_wconf 79' lang='lat' dir='ltr'>alcsiaeetcon·</span> 
     </span>
     <span class='ocr_line' id='line_1_73' title="bbox 1224 4214 1311 4254; baseline 0 0"><span class='ocrx_word' id='word_1_359' title='bbox 1224 4214 1311 4254; x_wconf 82' lang='lat' dir='ltr'>ventus.</span> 
     </span>
    </p>
   </div>
   <div class='ocr_carea' id='block_1_18' title="bbox 0 0 1485 4900">
    <p class='ocr_par' dir='ltr' id='par_1_28' title="bbox 0 0 1485 4900">
     <span class='ocr_line' id='line_1_74' title="bbox 0 0 1485 4900; baseline 0 0"><span class='ocrx_word' id='word_1_360' title='bbox 0 0 1485 4900; x_wconf 95' lang='lat' dir='ltr'> </span> 
     </span>
    </p>
   </div>
  </div>
 </body>
</html>
