2959 4900
140 333 226 419 [162]
242 362 263 395 s.
276 359 426 397 couuuuro
437 360 550 395 runrnur
561 359 620 395 nou
633 359 733 394 rarum.
747 357 874 393 coaonae
885 360 909 393 r.
922 358 1143 393 cuucrounonuu
1174 334 1233 397 183

75 548 77 552 Α
141 490 269 562 recipere
282 494 533 549 communionem.
552 492 606 559 lbi,
626 490 657 545 id
672 502 714 545 est
734 491 764 546 in
786 489 916 545 oratorio
937 490 982 546 vel
1002 490 1032 543 in
1051 489 1114 562 ipsa
1132 490 1233 558 domo,

142 578 176 616 ex
189 564 328 629 oratorio,
343 563 367 617 si
382 562 585 619 decubuerint.

151 698 153 701 ¹
178 633 286 701 Quare,
302 634 325 689 si
335 647 469 689 accurate
482 634 578 689 dicere
587 632 778 697 voluerimus,
789 632 845 694 hae
854 631 899 687 vel
914 631 1002 685 simili
1015 631 1095 686 brevi
1107 631 1235 686 formula

67 768 69 771 Ι
141 720 202 757 non
218 716 261 760 est
272 707 416 761 utendum
431 725 437 760 :
463 726 479 755 α
499 707 533 760 ln
546 702 734 783 quacumque
748 704 839 757 domo
850 704 895 768 vel
909 702 1131 758 sanctissimum
1145 712 1235 756 asser·

141 786 223 830 vetur
246 776 291 832 vel
319 776 409 832 Missa
436 776 575 833 celebrari
603 786 797 844 permittatur,
826 785 972 845 quotquot
1003 791 1019 827 a
1043 789 1143 829 mense
1167 785 1236 829 sunt

141 847 263 917 aegroti,
288 849 378 904 semel
401 848 446 902 vel
468 848 512 903 bis
537 848 567 901 in
589 846 774 901 hebdomada
799 846 851 900 SS.
873 844 1087 912 Eucharistiam
1108 843 1235 916 recipere

142 930 264 987 possunt
276 918 410 992 quamvis
429 917 572 974 ieiunium
594 916 727 973 naturale
739 916 837 972 stricte
850 932 963 972 servare
975 928 1132 988 nequeant.
1146 937 1163 967 »
1178 915 1235 971 Sed

142 986 383 1060 distinguendum
409 1003 452 1045 est
477 990 639 1044 oratorium
671 987 823 1060 publicum
853 988 898 1042 vel
932 987 1169 1058 semi-publicum
1198 987 1255 1042 ab'

141 1062 272 1116 oratorio
286 1062 384 1117 stricte
396 1061 528 1133 privato;
552 1072 589 1125 et,
611 1072 679 1114 cum
701 1060 788 1115 missa
801 1058 907 1114 dicitur
926 1059 957 1113 in
978 1058 1108 1114 oratorio
1129 1059 1236 1113 domus
1293 1059 1295 1065 '

142 1129 281 1209 privatae,
305 1132 488 1205 privilegium
509 1132 589 1187 solos
611 1128 702 1185 afficit
730 1129 905 1186 indultarios
930 1130 985 1185 nisi
1011 1147 1045 1185 ex
1066 1129 1235 1202 ,apostolico

143 1200 259 1258 indulto
272 1204 367 1259 maior
380 1220 519 1260 concessa
533 1203 569 1257 sit
582 1202 683 1273 gratia.
739 1214 740 1225 ¹

179 1281 240 1336 Cur
250 1295 352 1338 ‘autem
371 1284 401 1338 in
420 1281 557 1339 domibus
579 1282 630 1337 ubi
644 1281 808 1337 celebratur
830 1279 918 1335 missa
938 1280 1119 1352 frequentior
1134 1296 1238 1335 conce·

142 1352 229 1407 datur
249 1370 321 1409 usus
342 1345 496 1427 privilegii,
521 1353 629 1426 duplex
650 1354 722 1407 haec
743 1350 839 1407 afferri
861 1364 958 1423 potest
969 1369 1066 1418 causa,
1087 1351 1156 1423 quia
1168 1368 1237 1407 curn

142 1423 258 1481 minore
272 1425 428 1481 sacerdotis
441 1424 632 1481 incommodo
647 1423 821 1479 eucharistia
836 1423 877 1478 ibi
886 1424 1055 1495 porrigitur,
1067 1439 1122 1477 nec
1133 1423 1237 1478 timen-

142 1494 215 1550 dum
234 1508 276 1553 est
299 1514 336 1552 ne
360 1514 395 1553 ex
416 1496 504 1552 nimis
528 1495 673 1568 hequenti
695 1494 841 1550 delatione
862 1511 913 1566 per
931 1494 992 1549 vias
1013 1511 1047 1550 ac
1064 1496 1184 1566 plateas,
1200 1494 1236 1549 de

142 1568 304 1623 reverentia
319 1585 387 1640 erga
401 1569 453 1624 SS.
470 1566 685 1623 Eucharistiam
698 1566 810 1638 aliquid
825 1566 1004 1621 detrahatur.

178 1646 352 1703 Semelam
374 1648 417 1703 bis
441 1648 470 1704 in
495 1646 679 1702 hebdomada
706 1646 811 1701 autin
837 1662 945 1702 mense.
975 1645 1030 1700 His
1054 1644 1149 1699 verbis
1176 1661 1237 1699 non

143 1717 321 1791 praecipitur
332 1731 366 1774 ut
378 1719 464 1774 binae
476 1717 701 1774 communiones
724 1729 895 1788 separentur
916 1716 1074 1773 intervallis
1090 1715 1179 1770 trium
1190 1714 1236 1771 vel

143 1788 314 1911 quindecim
336 1790 471 1856 dierum;
494 1790 544 1844 sed
566 1790 588 1845 si
608 1788 683 1843 ratio
702 1788 856 1857 peculiaris
878 1788 907 1843 id
927 1787 1009 1855 ferat,
1032 1786 1096 1844 fieri
1115 1798 1237 1858 possunt

164 1861 258 1916 uabus
277 1862 380 1917 diebus
401 1862 489 1917 etiam
510 1860 668 1916 continuis.
689 1861 878 1931 Quamquam
890 1876 975 1915 mens
988 1872 1031 1915 est
1045 1857 1193 1915 Ecclesiae
1203 1870 1238 1912 ut

142 1946 274 2003 congrua
289 1932 386 2005 potius
399 1934 579 1988 intercedant
592 1931 694 2004 spatia.
993 1945 994 1948 ’

179 2002 234 2059 SS.
252 2003 474 2059 Eucharistiam
489 2018 607 2060 sumere
617 2002 740 2075 possint,
757 2001 812 2058 etsi
826 2000 943 2075 aliquid
946 2018 1004 2074 per
1020 2002 1139 2056 modum
1150 2012 1238 2075 potus

143 2084 234 2128 antea
246 2076 434 2149 sumpserint.
688 2124 692 2131 .
1024 2101 1031 2142 ,f

181 2146 249 2212 Quo
259 2159 367 2219 spectet
379 2146 451 2201 haec
465 2143 611 2212 condicio,
626 2160 702 2215 quae
712 2143 830 2215 privatis
843 2144 873 2199 S.
891 2142 988 2205 Officii
1002 2143 1149 2217 rescriptis
1163 2144 1239 2215 exigi

143 2230 344 2287 consueverat,
365 2216 522 2273 declaravit
543 2214 605 2286 ipsa
628 2215 658 2270 S.
675 2214 773 2271 Officii
798 2215 1002 2287 Congregatio,
1025 2240 1043 2287 4
1061 2216 1125 2271 iulii
1148 2216 1237 2288 1893:

145 2286 202 2341 Cui
225 2288 402 2360 permittitur
424 2287 535 2360 aliquid
557 2302 672 2342 sumere
694 2304 745 2357 per
768 2286 891 2342 modum
912 2299 1008 2357 potuS,
1035 2287 1104 2344 licet
1124 2302 1239 2343 sumere

145 2358 302 2427 iusculum‚
323 2358 477 2427 cetheum,
500 2356 546 2413 vel
565 2357 658 2413 alium
676 2358 777 2414 cibum
792 2358 949 2431 liquidum,
965 2360 1099 2430 quamvis
1113 2359 1238 2414 mixtum

145 2442 228 2503 parte
251 2431 378 2504 quadam
401 2430 503 2496 solida,
526 2441 560 2484 ut
581 2428 731 2499 (semoule,
752 2429 934 2504 chapelure:
957 2429 1141 2502 semmolitm,
1162 2447 1240 2505 pon-

141 2505 291 2575 granato)
305 2503 467 2558 dummodo
481 2519 519 2557 ne
532 2513 630 2573 pereat
644 2501 757 2574 liquida
770 2503 827 2558 cibi
841 2500 976 2575 qualitas.

181 2605 215 2612 -
238 2576 370 2644 Quaeres
392 2574 527 2647 denique,
551 2573 667 2644 quidsi
689 2584 825 2640 aegrotus
849 2573 901 2646 qui
924 2572 1067 2629 ieiunium
1090 2572 1238 2629 moraliter

145 2660 260 2701 servare
280 2645 392 2717 nequit,
407 2656 542 2718 superata
561 2657 659 2698 tamen
679 2643 860 2709 difficultate,
883 2644 1076 2700 nihilominus
1090 2645 1237 2701 interdum

145 2717 343 2772 communicet
357 2717 491 2772 ieiunusl
508 2715 656 2770 Poteritne
668 2716 710 2770 ad¹
719 2715 945 2771 communiones
958 2717 1037 2782 istas,
1058 2732 1134 2787 quae
1146 2728 1238 2772 extra·

143 2787 311 2843 ordinariae
333 2805 412 2844 suae
427 2785 591 2842 devotionis
613 2799 681 2841 sunt
701 2785 821 2855 fructuS,
845 2788 950 2842 addere
963 2788 1187 2842 communiones
1198 2805 1239 2857 ex

145 2860 290 2928 praesenti
302 2859 418 2915 indulto
432 2859 604 2914 concessasl

183 2931 323 2998 Quamvis
336 2930 491 2986 laudabilis
504 2929 583 2984 zelus
597 2929 728 3003 praemio
744 2945 799 2984 suo
812 2928 848 2984 sit
870 2928 985 3000 dignus,
1009 2929 1039 2982 id
1057 2941 1155 2984 tamen
1177 2945 1239 2985 non

144 3001 323 3057 arbitramur
345 3002 400 3074 ipsi
413 3002 510 3057 licere.
538 3001 607 3055 ldeo
626 2999 705 3054 enim
724 3000 875 3055 decretum
894 3009 938 3054 est
956 3000 1049 3055 latum
1070 3012 1103 3054 ut
1122 3012 1240 3071 aegroto

145 3075 231 3143 copia
245 3075 330 3132 detur
344 3071 582 3128 communicandi
602 3070 691 3126 semel
706 3070 751 3126 vel
765 3069 852 3126 bisin
865 3087 966 3127 mense
980 3082 1031 3126 aut
1044 3071 1237 3126 hebdomada.

147 3143 206 3210 Qui
219 3145 289 3216 ergo
303 3143 361 3199 alia
379 3143 425 3199 via
447 3143 502 3199 sibi
525 3141 674 3196 inhaere
696 3141 887 3210 consuluerit,
911 3142 1024 3198 ratione
1046 3154 1074 3197 et
1096 3141 1239 3198 beneficio

146 3214 252 3271 decreti
267 3215 398 3271 excidere
413 3229 531 3286 prorsus
544 3212 666 3269 videtur.

495 3489 592 3574 162.
614 3541 656 3552 -
679 3502 888 3574 enarratu

145 3658 200 3715 De
218 3660 389 3719 facultate
414 3663 630 3718 annectendi
653 3663 795 3718 coronis
818 3661 1061 3734 indulgentiae
1082 3662 1196 3719 dietae
1217 3675 1239 3719 a

258 3769 264 3781 =
502 3745 668 3802 Patribus
687 3746 886 3817 crucigerie

185 3890 254 3944 Non
269 3901 392 3958 tantum,
407 3903 440 3946 ut
460 3891 632 3947 monuimus
651 3909 749 3965 supra,
770 3902 888 3962 n.159,
909 3909 939 3964 p.
959 3892 1018 3964 173,
1034 3891 1157 3948 facultas
1171 3894 1240 3950 istas

148 3958 344 4034 indulgentias
366 3963 483 4018 coronis
502 3963 675 4019 annectendi
696 3961 816 4019 cuilibet
837 3964 979 4020 sacerdoti
998 3964 1119 4019 concedi
1137 3978 1240 4038 coepta

146 4040 201 4098 est,
214 4033 294 4112 sed,
309 4044 343 4087 ut
364 4034 452 4091 modo
466 4034 641 4107 accepimus,
664 4052 681 4088 a
706 4034 735 4088 S.
751 4033 784 4089 C.
803 4035 1012 4108 Propagandae
1028 4035 1108 4090 Fidei
1127 4037 1239 4092 missio-

147 4103 237 4184 narirs
261 4105 426 4176 apostolicis
449 4106 491 4175 (in
514 4105 586 4161 locis
606 4105 782 4159 missionum
801 4109 976 4178 exterarum)
995 4107 1140 4162 tribuetur
1159 4124 1238 4164 com-

147 4190 256 4230 munis.

532 4357 849 4368 ———.-.
