2959 4900
72 443 206 502 Eleemosy-

44 515 77 547 na
106 507 140 548 est
180 504 208 547 in

40 562 141 618 propria
159 563 208 617 spe·

44 621 77 664 cic
94 615 208 664 tradenda

44 675 179 722 celebranti.

73 734 203 790 Abrogan·

46 797 84 836 tur
93 791 208 848 rescripta

44 854 65 894 cl
80 846 209 909 privilegia

45 907 178 952 contraria.

60 1103 209 1209 Nullapacia

46 1162 130 1211 venam
150 1165 160 1209 i
188 1166 209 1208 el

46 1219 136 1268 emendi
169 1219 209 1277 fa·

45 1277 128 1326 cienda
148 1291 195 1324 esse

45 1344 85 1396 ope
99 1337 184 1383 missa·

45 1409 106 1440 rum.

75 1450 143 1512 Quod
152 1463 210 1510 qua-

46 1511 165 1557 damianus

45 1567 106 1615 valet
116 1567 142 1613 de
156 1567 208 1613 elce·

45 1627 210 1731 nertin:

47 1746 92 1788 tae.

70 1823 208 1870 Novumre·

46 1883 150 1940 quiritur
170 1883 209 1927 in-

46 1939 136 1986 dultum
146 1943 172 1984 ut
181 1951 210 1986 ex

46 1995 175 2056 stipendio·

47 2070 100 2102 rum
140 2058 209 2113 parre

46 2111 137 2160 consuli
153 2117 209 2170 pos-

46 2174 78 2218 sit
86 2175 180 2217 sanctu-

46 2231 155 2276 ariorum
169 2226 208 2274 de·

45 2289 105 2334 cori.

74 2369 176 2416 Poenae.

73 2522 208 2583 Confirma-

46 2583 183 2628 tursanctio

46 2638 84 2685 cu
121 2640 207 2697 Apos-

46 2696 147 2801 pplicae
161 2697 205 2745 Se·

66 2768 98 2801 rs.

74 2948 194 2994 Pristinis

46 3004 155 3059 indultis,
164 3009 206 3052 etc.

46 3062 78 3109 cd
98 3060 172 3123 finem

47 3124 108 3168 anni
123 3122 160 3167 uli
176 3118 207 3167 tr·-

47 3183 89 3226 cet.

75 3450 139 3510 Quae
156 3451 207 3498 elee-

46 3522 143 3565 mosyna
176 3513 209 3557 sit

47 3566 162 3613 tradenda

44 3630 87 3683 pro
97 3626 179 3671 missis

41 3683 153 3741 fundatis
175 3684 209 3730 vel

46 3739 152 3807 benefitio
163 3754 207 3788 an-

46 3812 122 3847 nexis.

181 3953 188 3977 Q

266 279 306 342 46
723 305 904 342 uouunertrr

299 448 330 509 90
351 439 434 493 luxta
445 453 482 490 ea
496 453 572 508 quae
585 437 615 491 in
629 437 778 516 superiore
791 437 914 494 articulo
928 437 1086 493 constituta
1098 446 1167 491 sunt
1180 436 1355 505 decernitur,

263 525 316 580 pro
331 507 427 562 missis
439 507 626 580 manualibus
639 521 674 562 sti
697 525 774 564 ema
788 507 925 565 fidelibus
937 508 1123 575 assignatam.
1136 519 1187 562 aut
1197 524 1251 580 pro
1262 507 1357 562 missis

263 578 393 634 fundatis
409 591 459 633 aut
479 578 565 634 alicui
588 581 661 635 bene
685 579 731 635 cio
750 580 871 636 annexis
891 580 978 652 (quae
1000 581 1037 634 ad
1061 579 1152 634 instar
1173 578 1358 633 manualium

264 650 470 721 celebrantur),
501 649 719 724 eleemosynam
744 651 824 706 iuxta
854 669 884 707 se
906 664 1009 706 uentes
1041 649 1180 706 articulos
1207 650 1358 723 propriam

263 738 418 792 nunquam
432 721 559 793 separari
583 739 670 795 posse
683 741 700 778 a
714 722 820 778 missae
833 723 894 779 cele
915 721 1039 781 ratione.
1053 737 1147 796 neque
1165 720 1196 776 in
1215 720 1296 776 alias
1311 737 1359 776 res

263 792 444 848 commutari
456 804 509 847 aut
521 792 669 862 imminui,
686 793 738 848 sed
752 794 911 850 celebranti
931 811 966 848 ex
985 793 1100 866 integro
1112 805 1140 848 et
1153 790 1184 846 in
1197 793 1293 872 specie
1306 809 1359 847 sua

263 881 325 919 esse
335 864 517 930 tradendam,
529 863 650 920 sublatis
660 865 916 934 declarationibus,
932 863 1063 931 indultis,
1079 862 1246 937 privilegiis,
1258 863 1358 920 rescri-

263 935 320 1009 ptis
335 934 394 992 sive
417 935 564 1008 perpetuis
579 935 639 991 sive
657 937 694 991 ad
716 948 833 1009 tempus
851 936 957 1005 ubivis,
973 935 1079 1008 quovis
1091 934 1188 1005 titulo,
1204 933 1300 990 forma
1314 934 1358 990 vel

263 1024 280 1060 a
294 1006 424 1079 qualibet
438 1005 609 1062 auctoritate
621 1007 768 1063 concessis
782 1020 811 1064 et
824 1008 894 1064 huic
907 1007 965 1080 legi
977 1005 1141 1063 contrariis,

303 1110 348 1152 100
369 1097 497 1170 Ideoque
518 1097 619 1166 libros
641 1116 722 1154 sacra
743 1099 880 1155 utensilia
903 1099 948 1155 vel
972 1097 1118 1171 quaslibet
1138 1097 1210 1153 alias
1232 1114 1279 1152 res
1292 1113 1360 1153 ven-

263 1168 332 1224 dere
354 1181 404 1224 aut
426 1186 523 1225 emere
547 1182 575 1225 et
597 1169 806 1226 associationes
829 1170 883 1238 (uti
905 1173 1022 1241 vocant)
1035 1186 1105 1224 cum
1118 1168 1217 1224 diariis
1231 1182 1290 1224 ete
1312 1169 1360 1224 he·

263 1239 425 1296 meridibus
438 1239 511 1296 inire
523 1257 580 1313 ope
592 1241 760 1311 missarum,
774 1241 855 1298 nefas
874 1259 935 1298 esse
954 1256 1042 1314 atque
1056 1240 1179 1296 omnino
1198 1187 1358 1312 prohilleri.

266 1311 333 1367 Hoc
351 1324 451 1367 autem
465 1311 561 1368 valere
580 1329 641 1368 non
655 1313 746 1368 modo
765 1314 788 1369 si
808 1327 910 1385 agatur
930 1315 966 1369 de
985 1311 1080 1368 missis
1102 1310 1294 1379 celebrandis,
1310 1311 1360 1366 sed

264 1381 377 1438 etiamsi
391 1384 426 1438 de
440 1382 601 1452 celebratis,
617 1384 754 1456 quotiens
768 1385 798 1440 id
817 1386 847 1440 in
860 1403 948 1440 usum
967 1397 995 1441 et
1007 1382 1211 1440 habitudinem
1229 1383 1315 1438 cedat
1332 1392 1362 1436 et

264 1453 293 1508 in
309 1452 473 1509 subsidium
487 1454 609 1511 alicuius
624 1456 794 1512 commercii
808 1469 916 1530 vergat.

303 1539 435 1593 110ltem
458 1537 520 1593 sine
538 1555 615 1594 nova
631 1552 658 1595 et
672 1539 790 1612 speciali
804 1541 834 1596 S.
849 1540 932 1596 Sedis
953 1539 1038 1596 venia
1059 1539 1147 1620 (quae
1165 1555 1227 1593 non
1242 1537 1360 1593 dabitur

264 1608 319 1664 nisi
333 1619 401 1663 ante
414 1609 576 1665 constiterit
589 1612 625 1666 de
637 1628 704 1666 vera
717 1612 899 1679 necessitate,
912 1624 940 1666 et
949 1629 1019 1666 cum
1028 1611 1133 1667 debitis
1147 1623 1175 1666 et
1185 1608 1361 1682 opportunis

264 1679 407 1751 cautelis),
423 1697 458 1735 ex
472 1680 665 1754 eleemosynis
678 1682 845 1751 missarum,
860 1700 934 1755 quas
947 1681 1047 1738 fideles
1065 1681 1276 1740 celebrioribus
1295 1697 1360 1735 san-

264 1751 384 1807 ctuariis
406 1751 519 1807 tradere
538 1751 643 1821 solent,
661 1771 723 1808 non
743 1754 830 1810 licere
844 1754 1004 1827 quicquam
1018 1753 1170 1810 detrahere
1182 1764 1216 1807 ut
1227 1752 1362 1825 ipsorum

264 1822 364 1879 decori
379 1833 407 1878 et
420 1837 596 1880 ornamento
609 1826 789 1885 consulatur.

304 1919 348 1962 120
367 1905 426 1974 Qui
448 1921 548 1963 autem
560 1921 668 1964 statuta
691 1908 720 1962 in
735 1909 977 1981 praecedentibus
997 1909 1127 1964 articulis
1141 1910 1167 1978 8,
1200 1951 1208 1976 ‚
1227 1926 1258 1964 ιο
1271 1919 1300 1963 et
1317 1925 1360 1975 rr,

265 1977 488 2050 quomodolibet
501 1992 553 2034 aut
570 1981 675 2051 quovis
696 1992 848 2053 praetextu
869 1979 1049 2053 perfringere
1067 1997 1155 2035 ausus
1175 1929 1272 2048 fuerit,
1287 1977 1312 2032 si
1321 1995 1363 2034 ex

265 2049 368 2104 ordine
389 2050 562 2107 sacerdotali
584 2052 629 2120 sit,
647 2051 832 2123 suspensioni
846 2069 865 2106 a
881 2051 991 2107 divinis
1010 2052 1041 2108 S.
1062 2052 1130 2107 Sedi
1149 2062 1311 2108 reservatae
1333 2061 1363 2106 et

264 2120 328 2194 ipso
343 2120 420 2176 facto
433 2121 626 2177 incurrendae
639 2123 787 2178 obnoxius
797 2122 867 2191 erit3
882 2123 905 2178 si
916 2123 1038 2179 clericus
1051 2122 1214 2179 sacerdotio
1224 2121 1363 2177 nondum

264 2191 405 2258 initiatus,
426 2193 611 2258 suspensioni
633 2212 650 2248 a
669 2194 811 2267 susceptis
833 2194 986 2250 ordinibus
1006 2194 1115 2269 pariter
1136 2192 1306 2260 subiacebit,
1333 2205 1363 2249 et

264 2262 383 2336 insuper
398 2263 535 2319 inhabilis
558 2262 608 2318 fiet
631 2266 667 2320 ad
690 2266 856 2338 superiores
877 2265 996 2322 ordines
1014 2267 1230 2346 assequend0s;
1251 2264 1274 2319 si
1288 2279 1361 2318 vero

263 2333 365 2462 lagcus,
398 2334 703 2393 excommunicatione
733 2339 810 2393 latae
841 2337 1001 2393 sententiae
1035 2339 1181 2410 Episcopo
1213 2345 1362 2392 reservata

263 2422 282 2461 o
305 2417 470 2478 stringetur.

286 2490 349 2569 '13⁰¹
368 2492 487 2545 Etcum
502 2489 532 2545 in
547 2492 648 2549 Const.
662 2496 688 2548 A
691 2493 856 2566 postolicae
874 2492 961 2548 Sedis
974 2504 1116 2547 statutum
1134 2491 1170 2546 sit
1190 2508 1361 2548 excommu-

264 2573 442 2615 nicationem
456 2561 530 2618 latae
550 2564 710 2620 sententiae
726 2566 851 2620 Summo
872 2562 1008 2619 Pontifici
1027 2576 1189 2619 reservatae
1209 2562 1361 2618 subiacere

263 2652 279 2681 «
294 2631 464 2757 colligentes
477 2633 678 2707 eleemosynas
687 2636 809 2692 maioris
822 2634 916 2708 pretii,
932 2647 960 2690 et
973 2652 1007 2690 ex
1020 2635 1055 2691 iis
1068 2634 1183 2690 lucrum
1196 2646 1359 2707 captantes,

263 2702 356 2758 facien
377 2720 395 2759 ο
420 2720 468 2759 eas
493 2704 639 2761 celebrare
666 2706 696 2761 in
723 2708 795 2762 locis
817 2706 868 2763 ubi
890 2705 1047 2761 missarum
1071 2705 1214 2778 stipendia
1235 2704 1361 2759 minoris

263 2773 347 2846 pretii
362 2791 423 2830 esse
437 2775 569 2844 solent»,
583 2779 613 2833 S.
625 2779 658 2832 C.
671 2778 800 2834 declarat
812 2778 881 2834 huic
893 2777 950 2850 legi
963 2791 991 2833 et
1001 2776 1145 2832 sanctioni
1160 2792 1211 2848 per
1221 2791 1360 2849 praesens

264 2845 415 2901 decretum
428 2846 501 2902 nihil
518 2865 579 2904 esse
592 2849 765 2905 detractum.

304 2942 348 3001 140
361 2931 499 2985 Attamen
514 2948 551 2987 ne
564 2932 659 2987 subita
675 2932 830 2988 innovatio
843 2931 898 3004 piis
911 2930 1058 3003 aliquibus
1069 2930 1164 2985 causis
1174 2942 1202 2985 et
1215 2927 1360 3001 religiosis

262 3000 511 3073 publicationibus
525 3003 613 3058 noxia
627 3003 673 3072 sit,
688 3004 858 3083 indulgetur
869 3014 901 3056 ut
913 3001 1121 3057 associationes
1134 3018 1189 3073 ope
1202 3001 1360 3055 missarum

262 3074 321 3127 iarn
334 3072 424 3128 initae
437 3091 530 3144 usque
542 3076 578 3129 ad
590 3074 700 3130 exitum
709 3092 780 3129 anni
790 3093 808 3129 a
838 3091 879 3129 uo
889 3072 1039 3128 institutae
1054 3085 1121 3127 sunt
1138 3072 1359 3146 protrahantur.

265 3144 397 3217 ltemque
411 3145 582 3200 conceditur
594 3158 627 3200 ut
644 3146 760 3203 indulta
779 3092 960 3201 recluctionis
974 3144 1178 3217 eleemosynae
1189 3143 1359 3211 missarum,

263 3215 391 3287 quaein
416 3214 592 3271 beneficium
614 3216 858 3272 Sanctuariorum
881 3216 1041 3272 aliarumve
1064 3215 1180 3289 piarum
1203 3231 1360 3270 causarum

263 3284 411 3365 aliquibus
433 3304 570 3343 concessa
593 3289 780 3361 reperiuntur
806 3305 901 3359 usque
925 3287 960 3343 ad
985 3286 1128 3343 currentis
1155 3285 1225 3341 anni
1248 3286 1360 3341 exitum

262 3370 387 3429 vigeant.

301 3442 347 3497 150
359 3440 491 3514 Denique
502 3443 582 3514 quod
592 3454 701 3515 spectat
715 3443 818 3497 missas
832 3442 982 3498 beneficiis
992 3460 1130 3511 annexas,
1146 3439 1282 3514 quotiens
1295 3438 1359 3495 aliis

263 3512 463 3568 sacerdotibus
482 3515 672 3569 celebrandae
694 3515 863 3582 traduntur,
885 3513 1117 3569 Eminentissimi
1142 3514 1242 3568 Patres
1265 3510 1359 3567 decla·

262 3596 328 3639 rant
341 3600 375 3639 ac
388 3596 529 3652 statuunt,
545 3584 763 3658 eleemosynam
777 3602 839 3640 non
859 3584 946 3639 aliam
969 3602 1031 3640 esse
1050 3585 1156 3640 debere
1169 3600 1260 3656 quam
1273 3599 1359 3656 syno-

264 3655 359 3711 dalem
373 3656 429 3711 loci
444 3654 475 3710 in
490 3672 550 3727 quo
564 3656 706 3711 beneficia
721 3670 816 3712 erecta
829 3669 908 3711 sunt.

301 3742 359 3794 Pro
373 3739 468 3794 missis
481 3757 551 3795 vero
562 3740 593 3794 in
612 3740 755 3812 paroeciis
769 3739 892 3812 aliisque
906 3738 1034 3795 ecclesiis
1048 3738 1186 3805 fundatis,
1198 3738 1358 3811 eleemosy-

264 3828 333 3867 nam
346 3828 422 3884 quae
435 3810 572 3865 tribuitur
588 3829 649 3867 non
662 3812 751 3866 aliam
761 3828 824 3866 esse
834 3812 940 3867 debere
950 3828 1039 3883 quam
1050 3827 1126 3883 quae
1142 3810 1173 3864 in
1186 3808 1358 3865 fundatione

263 3882 308 3937 vel
323 3882 353 3936 in
369 3882 531 3937 successivo
545 3882 724 3939 reductionis
737 3882 854 3938 indulto
867 3882 1012 3955 reperitur
1023 3882 1054 3936 in
1065 3893 1240 3955 perpetuum
1251 3893 1357 3948 taxata,

264 3953 349 4009 salvis
363 3965 461 4008 tamen
485 3971 599 4026 semper
621 3953 745 4022 iuribuS,
762 3954 785 4007 si
800 3970 876 4026 quae
896 3953 963 4021 sint,
984 3952 1112 4025 legitime
1129 3951 1287 4023 recognitis
1300 3952 1359 4007 sive

262 4042 316 4098 pro
330 4024 446 4080 fabricis
459 4025 658 4093 ecclesiarum,
676 4025 734 4081 sive
747 4042 802 4097 pro
817 4042 918 4080 earum
943 4023 1115 4090 rectoribus
1130 4023 1209 4078 iuxta
1231 4023 1358 4079 declara-

262 4096 358 4151 tiones
381 4114 398 4150 a
422 4097 452 4151 S.
474 4097 507 4152 C.
531 4096 672 4152 exhibitas
692 4096 722 4150 in
741 4098 903 4153 Monacen.
926 4096 958 4151 25
979 4095 1042 4150 iulii
1066 4096 1133 4168 1874
1145 4106 1174 4149 et
1186 4094 1356 4151 Hildest'en.

263 4185 293 4222 21
312 4166 437 4222 ianuarii
455 4168 531 4240 1898.

300 4254 332 4307 ln
346 4252 506 4309 Monacen.
521 4251 599 4307 enim
615 4273 631 4303 tt
646 4253 767 4308 Attento
786 4252 867 4324 quod
880 4250 1085 4324 eleemosynae
1103 4250 1263 4305 missarum
1285 4265 1357 4323 quo-
