2959 4900
101 319 163 402 [42.
176 317 229 400 43]
254 340 374 377 srurnrx
391 339 580 376 raurrnrarrs
593 339 701 376 vorum.
717 339 803 375 numa
817 337 902 374 varta
917 339 939 374 s.
957 337 1068 374 arruuu
1130 311 1188 376 123

142 500 213 586 43.
229 552 270 562 —
289 512 325 583 8.
350 511 498 582 lllTllllll
522 509 862 583 conantaattottts
884 508 948 595 (ts
964 507 1029 578 lulll
1045 506 1150 590 1904)

105 702 161 756 DE
177 699 313 756 VARIIS
324 698 460 754 DUBIIS
471 695 775 753 SPHGTANTIBUS
786 693 941 752 SAGROS
956 692 1073 750 RITUS
1083 689 1191 746 APUD

523 788 765 846 REGULARES

223 954 367 1012 ordinm
386 953 553 1011 Fratrum
572 953 750 1011 uiuorum
770 952 872 1010 Prov.
890 951 1043 1025 angliae
1062 952 1073 988 1

140 1127 328 1182 Reverendus
344 1128 430 1182 Pater
447 1126 606 1182 Thaddeus
620 1128 778 1196 Hermans,
794 1123 997 1182 Kalendarista
1021 1120 1192 1178 Provinciae

101 1197 247 1271 Anglicae
269 1197 390 1253 Ordinis
404 1199 540 1253 Fratrum
551 1198 713 1266 Minorum,
725 1198 761 1253 de
774 1213 919 1253 consensu
929 1196 974 1252 sui
990 1192 1193 1250 Procuratoris

103 1268 267 1337 Generalis,
282 1269 463 1326 solutionem
482 1269 667 1342 sequentium
679 1268 838 1324 dubiorum
856 1285 874 1322 a
897 1269 1055 1324 Sacrorum
1071 1264 1192 1320 Rituunr

99 1339 337 1413 Congregatione
350 1340 515 1397 humillime
530 1341 697 1414 postulavit,
712 1340 870 1396 nimirum:

140 1485 196 1539 lll.
219 1484 327 1538 Utrum
342 1483 499 1556 Regulares
519 1483 549 1538 in
568 1484 676 1556 Anglia
690 1496 719 1539 et
731 1483 801 1539 alibi
821 1493 1046 1548 commorantes,
1062 1478 1093 1533 in
1112 1495 1192 1534 reco-

99 1555 193 1611 lendo
206 1554 404 1610 anniversario
420 1555 567 1611 Ecclesiae
582 1555 773 1621 Cathedralis,
788 1554 831 1610 uti
844 1551 951 1609 limites
965 1551 1096 1608 Civitatis
1109 1549 1192 1606 intel·

101 1627 202 1700 legere
216 1625 341 1682 debeant
354 1623 442 1681 etiam
461 1625 601 1682 suburbia
615 1626 746 1683 Civitatis
768 1624 948 1692 hodiernae,
964 1641 1002 1679 an
1026 1621 1122 1697 potius
1142 1639 1192 1677 eos

99 1697 277 1768 restringere
290 1696 365 1752 lines
379 1697 415 1752 ad
428 1697 606 1770 primitivam
621 1698 776 1754 Civitatem
790 1713 841 1752 seu
856 1698 998 1767 Burgum,
1013 1694 1192 1768 quandoque

100 1783 146 1826 sat
161 1769 312 1841 exiguum,
327 1767 377 1824 ubi
392 1769 521 1825 Ecclesia
536 1769 717 1826 cathedralis
729 1767 880 1825 aedificata
893 1768 1006 1823 fueratl

137 1912 192 1966 Vl.
214 1911 324 1966 Utrum
338 1911 508 1968 Sacerdotes
520 1913 678 1983 Regulares
691 1912 868 1969 celebrantes
881 1910 912 1964 in
926 1909 1062 1965 Oratorio
1076 1908 1191 1963 interno

103 1985 250 2038 Sororum
265 1981 430 2055 cuiuspiam
443 1984 602 2039 modernae
616 1982 859 2064 Congregationis
878 1994 906 2038 et
920 1979 1057 2036 fidelibus
1071 1978 1192 2035 minime

102 2052 226 2128 patenti,
241 2053 364 2109 Missam
375 2052 456 2111 iuxta
473 2055 680 2111 Kalendarium
696 2073 741 2110 sur
757 2052 876 2110 Ordinis
890 2052 1015 2108 debeant
1029 2049 1190 2118 celebrare3

103 2143 139 2181 an
159 2124 259 2198 potius
281 2124 361 2180 iuxta
381 2125 523 2182 Ordinem
544 2126 710 2182 dioeceseos
731 2126 762 2180 in
785 2142 844 2198 qua
866 2125 987 2180 Sorores
1010 2120 1190 2189 huiusmodi,

106 2195 318 2322 Kalendariphm
331 2197 482 2322 prpprium
493 2214 528 2254 ex
542 2198 693 2272 privilegio
703 2198 749 2254 vel
759 2215 815 2253 usu
826 2194 956 2267 legitimo
967 2212 1027 2249 non
1041 2194 1190 2261 habentes,

106 2285 222 2324 moram
237 2279 263 2322 tr
302 2278 357 2323 unt

138 2412 224 2467 Vlll.
246 2410 329 2465 Num
354 2409 528 2467 Ordinarius
554 2412 650 2486 praeci
672 2428 719 2469 ere
746 2411 846 2486 possit,
875 2422 910 2466 ut
935 2409 1108 2475 sacerdotes,
1132 2419 1193 2463 tam

106 2484 278 2539 Saeculares
319 2499 388 2536 uam
413 2483 579 2554 Regulares,
600 2484 630 2539 in
685 2484 748 2540 issis
769 2483 851 2539 lectis
871 2482 991 2539 tertium
1010 2497 1129 2537 cereum
1146 2495 1193 2534 ac-

105 2554 231 2609 cendant
249 2555 280 2607 in
346 2570 424 2609 none
444 2555 522 2627 apud
544 2573 608 2610 eam
628 2556 796 2621 dioecesim,
818 2554 879 2621 ubi,
906 2555 981 2609 sicut
1007 2554 1037 2608 in
1058 2551 1193 2609 universa

107 2625 235 2697 regione,
259 2642 326 2680 mos
348 2624 433 2681 illum
456 2627 634 2683 accendendi
658 2627 688 2683 in
709 2626 890 2683 oblivionem
915 2642 949 2681 ac
970 2622 1194 2681 desuetudinem

108 2696 281 2752 iamdudum
294 2695 416 2752 abieritl

144 2840 178 2894 X.
200 2841 279 2894 Cum
298 2839 496 2894 anniversaria
514 2839 571 2894 late
594 2855 710 2914 sumpta
729 2857 765 2897 ex
788 2841 911 2896 Decreto
930 2840 982 2894 SS.
1000 2839 1062 2893 RR.
1083 2837 1193 2908 Congr.

109 2909 165 2965 diei
188 2928 203 2964 2
226 2910 389 2966 decembris
415 2911 491 2983 1891,
513 2928 543 2965 n.
569 2911 648 2985 3753,
672 2912 729 2969 sint
752 2929 786 2967 ea
809 2928 885 2985 quae
906 2910 999 2966 semel
1022 2910 1051 2965 in
1071 2924 1149 2963 anno
1176 2924 1193 2961 a

110 2980 378 3037 Communitatibus
392 2979 456 3037 lien
469 2981 583 3038 solent:
599 3000 672 3039 num
687 2984 770 3040 Ritus
784 2979 893 3055 duplex
907 2982 943 3037 sit
957 2980 1125 3037 retinendus
1139 2993 1193 3051 pro

111 3050 215 3109 Officio
228 3051 448 3124 generalissimo
463 3052 607 3110 Omnium
631 3055 843 3111 Delunctorum
857 3053 976 3110 Ordinis
989 3049 1156 3132 Sacraphici
1165 3060 1194 3105 et

110 3140 165 3197 pro
182 3123 388 3179 Anniversario
409 3122 551 3180 Omnium
570 3126 735 3182 Parentum
757 3136 944 3191 nostrorum
966 3137 1055 3196 atque
1076 3140 1106 3177 m
1129 3120 1194 3177 aliis

109 3194 201 3250 tribus
213 3194 426 3261 anniversariis,
447 3195 489 3251 sic
509 3197 628 3264 vocatis,
644 3198 674 3252 in
692 3197 803 3253 Ordine
821 3194 960 3253 celebrari
985 3193 1086 3261 solitis,
1110 3192 1193 3248 Ritus

113 3264 292 3338 semidupler
304 3266 342 3322 sit
354 3265 556 3347 assignandus,
577 3282 694 3342 tresque
713 3268 862 3324 orationes
883 3268 913 3323 in
925 3266 1061 3339 Vesperis
1073 3278 1101 3321 et
1118 3265 1193 3319 Lau·

112 3337 197 3392 dibus
210 3353 243 3391 ac
257 3338 347 3393 Missa
361 3338 545 3393 recitandae?

149 3409 187 3486 Et
196 3408 281 3463 Sacra
290 3409 393 3465 eadem
403 3410 609 3481 congregatio,
625 3411 661 3465 ad
676 3409 849 3466 relationem
863 3407 1016 3480 subscripti
1031 3404 1192 3473 Secretarii,

112 3479 212 3559 audito
223 3492 289 3536 voto
301 3479 525 3536 commissionis
541 3481 716 3554 Liturgicae,
731 3481 943 3554 omnisbusque
957 3480 1059 3535 sedulo
1073 3493 1195 3551 perpen-

113 3566 163 3615 srs,
178 3550 392 3608 rescribendum
404 3550 534 3607 censuit:

114 3666 123 3677 ’
150 3667 197 3746 n'd
210 3668 267 3750 ills
282 3668 464 3774 Aliirmai'ive
476 3669 513 3749 ad
522 3663 777 3775 primampa‘rtein
789 3668 952 3766 ,negauve
969 3669 1006 3747 ad
1025 3664 1193 3748 secundam:

151 3764 198 3817 Ad
211 3766 259 3823 Vl.
281 3767 423 3837 Negauve
435 3765 472 3820 ad
486 3783 611 3839 primam
626 3778 738 3839 partem
751 3787 758 3833 3
780 3765 950 3821 affirmative
971 3765 1007 3820 ad
1026 3765 1194 3819 secundam.

153 3834 199 3888 Ad
211 3837 290 3892 Vlll.
310 3835 492 3893 Affirmative
511 3854 546 3893 ex
568 3837 684 3893 rubrica
704 3837 833 3909 generali
856 3836 992 3900 MissaliS,
1015 3835 1059 3890 tit.
1083 3836 1148 3901 XX,
1168 3848 1197 3891 et

116 3906 266 3963 accedente
279 3908 452 3964 auctoritate
466 3908 624 3976 Ordinarii,
650 3926 711 3963 non
725 3908 822 3964 obstat
836 3909 983 3965 decretum
997 3925 1078 3979 4029,
1093 3912 1196 3963 Postu·

118 3975 236 4033 lationis
249 3979 415 4049 dubiorum,
430 3998 447 4052 9
462 3978 536 4035 iunii
553 3980 629 4053 1899,
644 3982 680 4035 ad
695 3998 709 4035 2
724 3982 747 4035 2.
1054 4011 1059 4023 ·

148 4198 155 4232 1
174 4197 246 4245 arra
255 4200 281 4249 S.
293 4201 382 4254 sams.
394 4204 405 4247 t
427 4207 454 4257 ³7
466 4201 623 4258 (rom-1905),
635 4214 662 4259 p.
676 4207 717 4247 rra
727 4212 764 4247 ss.

146 4264 158 4298 ²
176 4262 287 4334 «Ouum
297 4266 352 4314 alia
362 4266 532 4314 consuetudo
548 4266 651 4315 servari
667 4266 753 4326 possit
771 4278 826 4313 non
844 4262 1012 4313 accendendi
1031 4262 1142 4311 tertium
1152 4274 1197 4311 ce·

118 4340 200 4377 reum
209 4341 235 4375 m
243 4332 327 4380 missis
338 4332 414 4381 lectis
424 4346 442 4380 a
451 4331 657 4381 consecratione
666 4330 703 4381 ad
712 4330 985 4380 communioneml-
992 4328 1170 4379 Affirmative.
1185 4346 1194 4373 r

1275 1504 1330 1552 III.
1344 1502 1385 1549 An

1247 1562 1359 1610 suburbia

1243 1624 1301 1678 pars
1316 1621 1366 1667 sint

1246 1679 1364 1726 civitatis.

1280 1928 1327 1976 VI.
1346 1928 1392 1976 Ca-

1247 1985 1382 2034 tendamur»

1248 2044 1362 2092 Oratorir'

1246 2102 1372 2150 Sororum.

1253 2388 1322 2471 VIII
1325 2420 1405 2470 ,Ρναι-

1246 2480 1390 2605 libell·

1247 2600 1345 2643 statuam
1355 2607 1407 2642 mo-

1247 2667 1296 2700 rem
1310 2653 1407 2712 liturgi-

1249 2725 1309 2759 cum.

1280 2852 1305 2899 X
1310 2850 1392 2898 ,Εὔας

1250 2911 1387 2957 anniversa-

1251 2970 1342 3014 riorum
1350 2978 1408 3013 com·

1250 3026 1365 3073 munium.

1277 3706 1383 3756 aaliz.

1278 3782 1321 3832 Ad
1336 3780 1382 3833 VI.

1276 3857 1318 3907 Ad
1333 3859 1410 3909 VIII.
