2959 4900
316 287 356 349 lo
744 306 881 354 oonsstm
895 305 980 343 usam

315 449 410 511 tate¹
441 439 773 509 Animadversiones
800 454 917 509 autem
939 441 982 508 ad
1003 441 1162 509 Instituta
1190 441 1258 508 iam
1281 460 1388 528 appro-

317 531 396 601 bata
412 551 522 614 perse
538 550 612 598 non
628 543 794 619 spectant.

363 621 395 688 3.
414 619 536 687 Tertio
552 640 617 687 suo
632 633 840 709 argumento
857 618 1002 706 scriptor
1018 618 1252 708 ephemeridis
1267 618 1336 685 Attt
1352 632 1391 706 uu

305 708 487 796 Culmus,
520 722 558 776 ut
585 708 821 797 plurimorum
847 707 1013 798 infringat
1046 708 1261 797 prudentum
1288 711 1391 774 aucto·

319 798 467 885 ritatem,
496 796 676 867 contendit
703 797 948 887 praeferendos
964 817 1039 865 esse
1066 797 1250 885 scriptores
1276 797 1333 886 qui
1359 794 1393 861 ad

320 885 358 957 S.
387 886 707 977 Congregationem
734 886 854 975 aliquo
872 885 977 955 modo
1004 886 1212 976 pertineant,
1238 906 1318 954 cum
1340 881 1393 971 ipsi

318 974 453 1065 possint
487 977 613 1045 melius
641 990 824 1066 penetrare
865 974 901 1045 S.
937 974 1229 1065 Congregationis
1262 994 1345 1042 usus
1371 984 1395 1039 et

320 1079 486 1134 mentem.

366 1154 499 1222 Nonne
513 1154 628 1222 statim
644 1152 852 1243 perspicitur
875 1155 960 1221 haec
983 1152 1090 1221 nimis
1116 1152 1323 1243 generaliter
1337 1170 1396 1217 esse
1443 1206 1444 1231 ,

291 1266 294 1274 ¹
320 1243 459 1331 positu?
483 1241 567 1327 Sed,
584 1262 630 1311 ne
644 1247 682 1310 in
706 1242 860 1330 aliquam
877 1243 1098 1311 incurramus
1113 1242 1297 1329 invidiam,
1313 1241 1397 1329 plura
1443 1260 1444 1263 ¹

321 1352 411 1420 quae
426 1330 494 1401 dici
511 1334 646 1420 possint
662 1330 718 1399 hic
734 1332 873 1401 silentio
890 1332 1211 1421 praetermittimus.

368 1418 458 1491 Satis
485 1420 549 1489 erit
575 1421 787 1509 respondere
818 1421 865 1491 ad
898 1422 1081 1491 hominem.
1113 1420 1333 1489 Notissimus
1361 1431 1399 1483 est

322 1510 508 1578 Romanus
525 1509 700 1600 professor
716 1510 802 1579 iuris
818 1510 991 1597 canonici,
1008 1510 1169 1581 WERNZ.
1188 1511 1354 1598 idemque
1368 1504 1399 1571 ad
1443 1572 1444 1575 ,

323 1598 522 1688 potissimas
551 1598 851 1690 Congregationes
878 1599 1041 1687 pertinet,
1069 1621 1143 1667 non
1166 1599 1400 1689 qualicumque
1443 1642 1444 1645 ,

323 1688 436 1773 titulo,
450 1687 510 1756 sed
526 1705 566 1755 ut
578 1688 771 1757 Consultor
785 1709 945 1757 summae
957 1688 1081 1757 famae.
1099 1689 1180 1775 lpse
1196 1704 1316 1757 autem
1331 1680 1400 1773 quid
1443 1718 1444 1721 =

323 1776 368 1845 de
382 1778 553 1845 severiore
569 1777 674 1845 habet
688 1778 871 1865 sententia,
884 1778 970 1867 quid
984 1779 1027 1847 de
1038 1776 1173 1868 placitis
1187 1780 1399 1846 NERvsottA.

326 1865 364 1934 in
387 1866 487 1935 cuius
509 1865 615 1935 verba
638 1869 761 1936 volunt
783 1882 823 1935 ut
845 1868 1029 1937 iuremus?
1055 1894 1068 1931 t
1104 1867 1205 1954 Quae
1231 1868 1401 1953 Nervegna

325 1955 428 2023 tradit
442 1956 487 2023 de
502 1977 582 2025 vera
597 1957 851 2044 interruptione
867 1956 1116 2025 noviciatus...¹
1138 1956 1323 2025 continent
1336 1956 1401 2019 doc·

325 2044 454 2113 trinam
465 2066 506 2112 ex
519 2046 594 2113 iure
606 2045 790 2114 communi
802 2046 903 2113 nimis
911 2045 1064 2135 rigidam
1077 2044 1178 2135 atque
1190 2063 1398 2113 erroneam.r

326 2133 404 2217 (Ius
418 2133 665 2218 Decretalt‘um,
683 2151 707 2204 t.
727 2135 760 2219 3,
791 2157 826 2222 p.
844 2136 922 2225 676.
952 2150 1035 2203 nota
1059 2136 1135 2225 259.
1164 2136 1306 2201 Locum
1332 2145 1401 2198 attu-

327 2223 435 2291 limus
450 2222 640 2313 integrum,
658 2225 694 2291 in
711 2244 818 2312 opere
833 2226 888 2292 De
903 2223 1100 2313 Religiosis,
1119 2241 1142 2291 t.
1164 2247 1197 2307 2,
1211 2247 1248 2313 p.
1275 2224 1334 2311 137
1351 2223 1361 2302 l

326 2371 331 2383 ,
373 2315 587 2381 Conclusio.
621 2336 648 2380 r.
677 2312 818 2382 Seclusa
846 2315 985 2403 speciali
1013 2312 1322 2383 Constitutionum
1343 2329 1402 2406 san-

328 2399 455 2482 ctione,
484 2420 539 2468 tes
565 2415 701 2470 tantum
716 2402 859 2492 ambigi
881 2416 1000 2496 potest
1025 2424 1090 2492 pro
1117 2402 1160 2471 iis
1186 2402 1359 2470 institutis
1376 2415 1404 2464 tn

191 2515 222 2583 ᾗ
330 2488 459 2576 quibus
485 2489 678 2558 noviciatus
702 2504 792 2559 extra
811 2494 956 2560 domum
982 2514 1002 2559 a
1031 2491 1067 2561 S.
1088 2490 1178 2562 Sede
1202 2493 1404 2593 designatam

329 2576 404 2644 fieri
435 2578 568 2666 nequit.
602 2578 675 2648 Cfr.
709 2596 793 2648 tunc
829 2602 918 2669 quae
952 2581 1034 2649 satis
1072 2581 1147 2650 fuse
1173 2581 1403 2657 disseruimus

329 2667 386 2734 De
399 2667 597 2756 Religiosis,
615 2685 639 2735 t.
661 2693 693 2741 2.
712 2694 746 2753 p.
772 2669 845 2754 136,
869 2669 930 2760 137¹

375 2777 407 2823 2.
438 2754 474 2824 Si
514 2777 610 2841 vero,
650 2759 846 2826 secundum
885 2757 1093 2847 approbatas
1128 2757 1405 2834 Constitutiones,

329 2844 459 2914 domus
473 2845 667 2914 noviciatus
682 2869 756 2914 non
784 2863 834 2916 est
861 2847 1054 2937 specialiter
1080 2847 1312 2938 designanda,
1340 2861 1407 2912 tunc

331 2953 378 3001 ne
391 2935 504 3020 specie
526 2949 629 3003 tenus
645 2935 791 3024 quidem
807 2949 1054 3026 argumentum
1070 2933 1217 3005 habetur
1242 2959 1310 3027 pro
1332 2953 1407 3002 seve·

331 3023 422 3091 riore
438 3023 619 3092 sententia.
635 3024 810 3112 Quocirca
822 3029 859 3094 in
871 3047 939 3095 usu
952 3025 1157 3116 benigniore
1172 3037 1250 3093 tuto
1269 3042 1407 3116 perseve-

331 3111 398 3181 rari
410 3112 548 3195 poterit.
564 3111 794 3204 Quamquam
812 3115 1060 3206 Superioribus
1074 3114 1211 3182 videtur
1227 3114 1408 3184 cavendum

331 3216 371 3268 ut
385 3201 433 3269 ob
444 3223 565 3292 graves
577 3219 713 3271 tantum
727 3221 907 3280 causas-et
923 3203 966 3272 ad
980 3204 1084 3273 breve
1100 3204 1252 3272 omnino
1269 3220 1407 3292 tempus,

332 3292 625 3361 commorationes
640 3305 730 3360 extra
748 3293 894 3362 claustra
910 3295 1121 3382 permittant.

364 3511 371 3544 ¹
382 3506 492 3556 Indulta
499 3506 552 3555 ista
559 3507 643 3555 luisse
650 3516 732 3567 saepe
739 3508 835 3556 saltem
842 3505 878 3554 ad
886 3505 1022 3553 cautelam
1030 3502 1103 3562 data,
1110 3507 1190 3564 putat
1197 3505 1231 3554 D.
1240 3505 1409 3554 Bounomos.

334 3571 482 3623 Canoniste
491 3571 706 3633 contemporain,
719 3579 785 3632 1905,
798 3587 825 3634 p.
837 3578 888 3622 560.
