2959 4900
78 292 167 375 [155]
185 317 207 353 s.
221 316 245 353 e.
259 316 283 354 c.
299 311 324 353 ιε
335 316 412 355 suar.
426 310 490 364 1906.
504 316 655 354 contutans
665 314 756 354 coust.
766 304 924 355 'ruanoauu
934 316 1091 355 manarate.
1110 294 1170 359 163

74 467 93 499 (ι
110 448 189 505 table
203 450 427 525 eucharistique,
439 467 480 508 on
490 469 507 507 a
517 463 656 508 coutume
667 452 703 508 de
712 450 755 509 les
766 467 804 508 en
813 451 889 508 tenir
901 450 1031 523 eloignes
1040 452 1169 526 pendant

76 538 92 569 «
110 518 288 593 longtemps,
304 522 368 578 leur
381 522 549 591 defendant,
559 524 632 579 dans
645 522 769 579 certains
779 522 920 591 endroits,
936 523 972 578 de
985 523 1170 579 communier

73 609 92 641 «
110 608 149 646 au
164 602 259 666 temps
274 594 309 651 de
325 590 450 667 Paques,
464 594 578 651 l'annee
591 594 643 667 qui
656 593 713 655 suit
723 593 788 651 leur
796 594 940 666 premiere
954 594 1166 651 Communion.

75 681 91 711 α
111 662 250 729 Qu'enlin
265 664 285 719 il
300 682 320 738 y
332 682 349 720 a
362 666 460 722 meme
471 666 521 723 des
534 666 702 723 seminaires
716 665 758 722 oia
775 668 864 738 regne
885 665 996 737 l’usage
1009 664 1169 737 d’eloigner

74 752 91 782 «
110 749 188 805 pour
201 734 346 807 plusieurs
364 736 441 793 mois
459 737 501 793 les
513 736 614 809 jeunes
627 737 728 794 eleves
747 738 787 793 du
809 738 978 793 Sacrement
997 737 1033 792 de
1056 736 1167 804 l‘autel,

70 824 90 854 α
108 820 179 860 sous
197 806 334 878 'pretexte
358 808 518 864 d'attendre
540 825 599 866 une
624 810 690 883 plus
709 809 794 865 mitte
817 807 1012 881 preparation.
1040 808 1168 864 Sacbant

74 896 90 925 «
109 876 246 933 combien
260 878 289 933 la
301 878 517 952 frequentation
532 882 582 937 des
597 891 773 937 sacrements
782 879 818 936 de
827 879 980 952 penitence
992 889 1021 935 et
1033 878 1167 935 d’eucha·

73 966 89 997 a
107 944 188 1003 ristie
207 948 334 1023 imposte
347 954 364 1005 a
375 951 404 1007 la
417 951 505 1023 garde
517 967 545 1009 et
558 956 574 1009 a
588 952 616 1008 la
630 952 834 1009 conservation
848 950 885 1005 de
899 950 1081 1008 l’innocence
1094 951 1167 1006 dans

70 1037 88 1067 «
107 1016 150 1097 les
162 1018 297 1089 eufants3
320 1022 440 1078 cachant
452 1038 510 1096 que
523 1036 568 1080 cet
580 1040 670 1097 usage
687 1022 822 1149 frequent
839 1022 891 1077 des
909 1035 1084 1103 sacrements
1097 1037 1168 1077 con·

73 1109 89 1139 (ε
108 1088 207 1147 tribue
219 1091 464 1150 admirablement
483 1096 500 1149 a
518 1096 671 1151 alimenter
689 1108 718 1150 et
748 1092 862 1149 ortifier
879 1092 908 1148 la
926 1093 1002 1165 prete
1020 1094 1165 1149 naissante

72 1180 87 1211 (ι
106 1159 180 1217 dans
193 1162 235 1217 les
246 1160 349 1236 jeunes
360 1181 457 1221 coeurs
467 1167 610 1239 auxquels
622 1166 677 1222 elle
689 1165 739 1222 fait
753 1166 917 1221 embrasser
928 1180 997 1220 avec
1009 1164 1114 1221 atdeur
1125 1163 1166 1219 les

70 1251 88 1281 <t
106 1231 257 1305 pratiques
282 1235 319 1291 de
338 1248 419 1292 notre
438 1236 530 1294 sainte
550 1237 708 1309 religion...
729 1238 757 1293 le
776 1236 955 1302 sant-pere,
977 1234 1112 1291 desireux
1130 1235 1166 1291 de

71 1324 87 1354 a
106 1302 321 1362 voirmodifier
339 1324 380 1361 un
394 1310 519 1379 systeme
534 1308 557 1365 si
576 1309 635 1365 mal
651 1309 780 1366 entendu
799 1308 863 1363 etsi
883 1304 1091 1380 prejudictable
1108 1323 1165 1361 aux

70 1396 88 1425 (ι
106 1373 227 1432 interets
240 1376 386 1449 spirituels
400 1380 450 1434 des
459 1381 561 1451 jeunes
573 1379 697 1444 enfants,
714 1382 770 1435 m’a
781 1379 887 1450 charge
900 1378 1048 1450 d’appeler
1057 1394 1107 1433 sur
1119 1391 1165 1433 cet

72 1466 90 1497 a
107 1446 181 1502 abus
202 1447 367 1505 l’attention
379 1450 415 1506 de
428 1450 464 1510 V.
480 1452 534 1507 S...
550 1451 611 1507 alin
630 1452 665 1508 de
680 1450 814 1523 parvenit
832 1453 848 1505 a
867 1450 1018 1510 reformet.
1033 1448 1105 1505 dans
1123 1466 1165 1504 un

74 1538 89 1567 ct
107 1534 173 1573 sens
198 1518 264 1590 plus
283 1520 434 1576 conforme
454 1524 471 1577 a
490 1524 645 1605 l'espritnent
664 1526 680 1579 a
704 1523 732 1577 la
755 1521 908 1594 discipline
926 1520 963 1576 de
981 1520 1111 1592 l’Eglise,
1132 1537 1165 1577 ce

77 1609 93 1639 «
110 1588 1126 1667 defectueuxsystemedesoinssprntuelsal’egarddes·enfaats.-»-
1206 1588 1223 1629 ’-
1271 1626 1306 1636 -.
1349 1628 1353 1631 -
1420 1627 1450 1635 .-

108 1661 176 1715 Hoc
189 1661 268 1717 idem
280 1662 391 1718 eruitur
403 1680 438 1720 ex
453 1666 570 1721 decreto
584 1667 620 1721 ab
635 1666 689 1722 hac
709 1666 739 1721 S.
755 1665 788 1720 C.
810 1664 856 1719 die
869 1681 905 1719 ao
915 1663 1077 1720 decembris
1095 1663 1162 1737 1905

69 1731 160 1797 edito,
187 1731 218 1786 in
237 1750 298 1803 quo
316 1734 452 1791 omnibus
471 1736 717 1811 Christifidelihus
735 1738 958 1792 commendatur
975 1734 1113 1807 frequens
1131 1750 1166 1790 ac

70 1802 218 1859 cotidiana
239 1803 435 1875 Communi03
461 1824 577 1864 necnon
590 1826 625 1865 ex
639 1811 756 1865 duobus
779 1806 843 1862 aliis
862 1806 996 1879 superius
1015 1805 1165 1861 recensitis

69 1874 193 1930 decretis
208 1875 237 1930 S.
255 1874 291 1931 C.
309 1876 373 1932 lnd.
388 1891 417 1934 et
430 1880 483 1936 SS.
500 1881 574 1949 Rel.,
586 1880 694 1953 quibus
708 1881 763 1935 hac
773 1881 809 1934 de
818 1894 906 1933 causa
918 1877 1056 1949 speciales
1069 1875 1164 1932 indul·

69 1946 186 2014 gentiae
194 1963 229 2002 ac
239 1946 388 2019 privilegia
401 1951 535 2007 omnibus
545 1952 799 2007 indiscriminatim
800 1948 943 2025 fidelibus
953 1948 1162 2028 conceduntur.

71 2018 149 2072 lnter
170 2034 245 2090 quos
260 2018 387 2092 proinde
407 2022 496 2080 etiam
514 2039 621 2097 pueros
644 2024 695 2096 qui
716 2040 804 2078 usum
835 2021 957 2076 rationis
975 2021 1070 2093 adepti
1095 2032 1164 2074 sunt

68 2087 180 2160 quique
205 2090 332 2160 primam
360 2106 553 2167 perceperunt
584 2096 845 2160 Communionem‚
875 2108 937 2147 non
967 2104 1009 2147 est
1040 2090 1162 2146 dubium

68 2161 264 2216 recensendos
282 2178 354 2221 esse.
374 2166 455 2221 Haec
469 2167 499 2221 S.
521 2166 555 2224 C.
577 2166 726 2223 mandavit
745 2165 873 2237 quidem,
894 2178 927 2218 ut
945 2163 976 2217 in
989 2162 1164 2218 clericorum

67 2230 240 2287 Seminariis
252 2232 378 2307 aliisque
390 2236 556 2293 christianis
574 2254 663 2294 omne
676 2254 768 2309 genus
783 2235 916 2309 ephebeis
931 2251 1024 2306 quarn
1035 2233 1163 2289 maxime

66 2301 202 2357 foveatur
228 2304 375 2361 cotidiana
390 2308 579 2375 Communio,
600 2310 649 2365 sed
663 2307 961 2382 praeterquamquod
982 2305 1047 2361 heic
1065 2322 1163 2384 sermo

67 2384 109 2428 est
122 2372 160 2428 de
174 2374 314 2445 peculiari
328 2379 583 2436 commendatione
602 2381 772 2437 Seminariis
790 2396 824 2435 ac
837 2377 975 2452 ephebeis
988 2377 1073 2440 facta,
1089 2393 1162 2454 quin

66 2443 116 2500 alii
131 2443 235 2502 fideles
249 2447 450 2516 excludantur,
466 2469 521 2509 vox
535 2453 728 2526 ephebeorum
746 2455 805 2507 lato
818 2468 905 2508 sensu
921 2448 1089 2521 accipienda
1101 2465 1164 2529 esse

66 2517 192 2597 videtur,
220 2531 253 2574 ut
271 2535 377 2594 nempe
395 2522 539 2594 significet
558 2524 659 2579 omnia
678 2527 726 2598 pia
746 2524 878 2579 instituta
896 2522 927 2577 in
946 2522 1054 2594 quibus
1073 2535 1162 2575 et1am

65 2588 150 2659 pueri
162 2601 347 2650 ¹instruantur
357 2605 443 2666 atque
455 2595 625 2654 educentur.

103 2660 147 2714 Ex
167 2659 276 2733 quibus
294 2665 432 2720 omnibus
450 2682 511 2722 non
531 2666 679 2726 immerito
701 2665 825 2722 infertur
852 2663 1030 2720 cotidianam
1051 2661 1162 2717 Eucha-

67 2729 164 2786 ristiae
177 2732 375 2804 sumptionem
388 2753 449 2792 non
462 2727 559 2794 solum
572 2738 679 2794 adultis
694 2739 744 2794 sed
759 2736 846 2792 etiam
859 2735 956 2810 pueris
975 2750 1162 2805 summopere

67 2801 247 2858 suadendam
261 2821 332 2861 esse.
893 2858 895 2862 ,

103 2874 210 2940 Quoad
232 2875 356 2931 alterum
370 2878 549 2950 quaestionis
567 2890 721 2953 punctum,
742 2892 847 2935 notum
867 2877 932 2934 Emis
954 2876 1088 2932 Patribus
1107 2885 1159 2942 est,

68 2943 97 2998 S.
113 2944 147 2999 C.
163 2945 193 2999 S.
209 2945 306 3002 Officii
325 2950 484 3006 concedere
503 2951 597 3007 solere
618 2963 720 3006 nostro
732 2967 805 3006 aevo
823 2950 933 3021 largius
952 2965 985 3003 ac
1006 2947 1161 3019 benignius

66 3031 155 3093 quam
170 3016 253 3080 olim,
267 3030 298 3073 ut
313 3021 396 3075 senio
409 3035 459 3075 aut
469 3021 607 3077 chronica
618 3020 788 3078 infirmitate
798 3021 972 3079 laborantes.
990 3030 1018 3074 et
1027 3017 1160 3073 naturale

68 3086 210 3142 ieiunium
224 3105 337 3146 servare
350 3109 410 3146 non
423 3092 561 3161 valentes,
576 3094 665 3149 semel
684 3093 714 3147 in
734 3093 920 3148 hebdomada
931 3091 976 3145 vel
998 3090 1086 3144 etiam
1096 3088 1160 3162 plu·

67 3158 131 3227 ries,
154 3159 178 3213 si
202 3172 305 3231 agatur
332 3163 368 3218 de
393 3164 570 3220 monialibus
594 3177 644 3220 aut
666 3163 721 3236 piis
748 3182 782 3220 ac
805 3163 947 3235 religiosis
966 3161 1044 3225 viris,
1068 3165 1104 3215 ad
1128 3161 1159 3215 S.

68 3230 351 3311 Mensam'accedere
364 3234 485 3306 possint,
501 3236 634 3308 quamvis
649 3236 760 3309 aliquid
774 3237 855 3309 prius
873 3252 925 3309 per
936 3234 1059 3289 modum
1074 3244 1160 3306 potus

68 3315 255 3373 sumpserint.

100 3370 212 3428 Verum
231 3374 385 3431 occasione
400 3390 514 3450 arrepta
529 3377 637 3434 decreti
656 3379 713 3434 diei
728 3397 763 3434 ao
778 3377 939 3433 decembris
954 3378 1032 3448 1905,
1048 3373 1160 3446 aliquid

66 3444 190 3516 amplius
215 3446 354 3517 postulari
375 3448 496 3514 videtur,
513 3462 540 3505 et
551 3467 637 3520 super
653 3450 710 3504 hoc
724 3450 868 3506 sententia
883 3449 944 3505 EE.
959 3448 1022 3502 VV.
1038 3445 1160 3519 requiri·

65 3527 120 3582 tur,
135 3533 173 3570 an
187 3516 337 3573 scilicetet
353 3536 594 3590 quaenamnova
614 3521 768 3593 disciplina
787 3521 934 3577 haedere
947 3519 1158 3591 possitoppor-

65 3599 134 3642 tune
147 3587 258 3642 induci.

102 3658 150 3713 Uti
164 3670 253 3738 patet,
269 3658 335 3714 heic
348 3676 444 3716 sermo
459 3679 520 3717 non
540 3677 583 3718 est
601 3663 637 3719 de
656 3661 782 3718 infirmis
800 3664 926 3736 graviter
941 3663 1159 3733 aegrotantibus

66 3740 194 3800 atquem
211 3731 343 3802 proximo
363 3734 465 3787 mortis
479 3733 610 3805 periculo
629 3737 820 3804 versantibus,
844 3735 896 3808 qui
911 3736 963 3790 etsi
983 3752 1044 3790 non
1057 3735 1157 3802 ieiuni,

64 3800 100 3853 ad
114 3800 328 3856 Eucharistiam
344 3819 395 3875 per
414 3806 537 3859 modum
551 3806 655 3861 Viatici
676 3808 850 3862 sumendam
864 3807 976 3862 admitti
992 3819 1113 3877 possunt
1125 3823 1159 3877 ac

62 3870 177 3927 debent.
196 3873 312 3927 Rituale
331 3875 411 3930 enim
426 3876 594 3931 Romanum
607 3882 613 3940 l
619 3879 662 3932 tit.
683 3893 710 3946 4,
732 3895 797 3951 cap.
812 3896 839 3948 4,
855 3897 905 3933 nn.
920 3880 940 3933 3
955 3889 983 3933 et
995 3880 1024 3947 4)
1037 3879 1074 3931 ad
1096 3895 1159 3932 rem

63 3943 180 3998 statuit:
203 3965 218 3994 α
234 3945 292 3998 Pro
312 3944 426 4000 Viatico
439 3960 538 4001 autem
552 3949 727 4004 ministrabit
741 3951 911 4024 (parochus)
926 3966 993 4004 cum
1009 3950 1159 4022 probabile

62 4033 81 4062 «
101 4027 151 4071 est.
167 4015 250 4084 quod
263 4013 422 4086 (infirmus)
437 4034 502 4072 eam
521 4020 647 4090 amplius
668 4038 783 4077 sumere
806 4039 866 4077 non
886 4021 1024 4090 poterit...
1050 4020 1159 4076 Poterit

62 4103 80 4133 u
100 4084 218 4155 quidem
231 4086 379 4141 Viaticum
398 4089 476 4143 brevi
491 4091 640 4146 morituris
650 4093 719 4146 dare
733 4110 794 4148 non
808 4093 912 4147 ieiunis
926 4115 952 4147 ›>.
968 4093 1158 4147 Consuetudo

61 4168 160 4211 autem
175 4157 333 4222 Ecclesiae,
344 4171 378 4212 ut
388 4158 475 4215 habet
489 4162 596 4216 Reuter
607 4163 906 4236 (Neo-confessarius,
914 4175 996 4237 part.
1012 4166 1039 4232 3,
1051 4181 1116 4238 cap.
1130 4166 1156 4231 6,

61 4243 94 4279 n.
115 4228 151 4296 3),
183 4249 199 4280 ‹<
221 4229 336 4284 videtur
358 4231 491 4288 absolute
509 4251 526 4287 a
546 4248 699 4307 praecepto
722 4236 823 4291 ieiunii
847 4237 973 4293 eximere
995 4236 1158 4308 periculose

60 4294 206 4370 infirmos,
222 4300 247 4355 si
261 4302 415 4357 commode
429 4319 489 4358 non
504 4305 615 4376 possint
627 4324 747 4363 manere
758 4308 848 4363 ieiuni
863 4330 889 4364 a.

1247 1672 1268 1714 et
1284 1681 1312 1715 ex
1327 1681 1365 1713 re·

1218 1726 1367 1780 acutioribus,

1218 1782 1323 1832 decretis.

1245 2682 1369 2731 Conclusio

1212 2746 1257 2801 pro
1274 2741 1377 2803 cotidia-

1216 2814 1249 2845 na
1265 2798 1367 2846 collemu-

1215 2859 1293 2904 niune.

1243 2939 1277 2986 B.
1290 2939 1332 3003 De

1214 3002 1374 3112 ῧῖἱῖοὲῗςογ-

1208 3108 1272 3170 ficii.

1245 3394 1375 3454 Proposito

1213 3455 1326 3510 quaestio.

1243 3686 1300 3732 Non
1320 3687 1374 3743 ogi-

1214 3748 1252 3790 lur
1270 3743 1296 3789 dc
1310 3746 1374 3801 peri·

1212 3801 1287 3849 culoso
1306 3802 1346 3846 de-

1212 3859 1337 3905 camoena·-

1213 3917 1264 3964 dus.

1242 4007 1338 4054 Horum

1213 4077 1284 4111 causo
1291 4070 1374 4125 paucis

1212 4123 1288 4169 verbis
1305 4132 1374 4187 expo·

1212 4182 1289 4230 nitur.
