2959 4900
314 298 372 361 136
766 324 945 360 nouuuau'rx

346 474 372 527 7.
388 455 436 510 De
454 466 543 512 vetita
562 458 791 513 commutatione
810 459 839 513 in
866 457 945 514 alias
969 474 1026 514 rer.
1054 455 1177 513 Gravior
1202 469 1230 511 et
1255 453 1391 510 difficilior

310 527 443 599 quaestio
456 526 570 583 videtur
582 529 732 602 proposita
746 545 807 584 esse
826 529 862 584 ab
881 529 1020 602 episcopo
1036 528 1214 584 Bredanensi
1227 541 1254 582 et
1268 527 1306 581 ab
1320 525 1392 600 Epis-

309 615 384 670 copo
398 598 428 652 S.
445 599 576 655 Deodati.
589 601 790 668 Quaerebatur
800 599 919 666 etenim,
932 613 1032 656 utrum
1046 616 1148 664 necne,
1165 616 1218 671 pro
1232 597 1310 654 victu
1323 597 1391 670 apud

309 668 472 740 parochum
482 682 608 744 recepto,
624 684 742 744 possent
752 671 861 740 vicarii,
873 671 912 726 ibi
932 671 1058 744 hospitio
1072 670 1190 743 recepti,
1205 669 1279 725 facta
1292 669 1391 741 pactio·

310 757 357 807 ne,
372 741 474 799 cedere
490 742 535 796 vel
558 743 717 798 cotidianas
731 742 886 798 missarum
903 744 1103 814 eleemosynas
1118 741 1162 796 vel
1176 753 1269 796 ratam
1289 751 1392 812 partem

229 840 233 848 ·
304 811 521 888 „stipendiorum
556 813 735 886 inguiorum.
751 816 793 869 Ac
806 813 900 887 prima
915 815 1008 888 specie
1021 814 1155 869 videntur
1168 813 1239 868 tales
1252 810 1392 892 pactiones

309 899 473 955 repugnare
485 831 579 940 vedis
599 902 628 939 n.
644 885 791 965 9decreti‚
813 904 872 958 quo
890 886 1024 942 absolute
1036 885 1154 941 iubetur
1173 895 1205 938 ut
1224 883 1392 953 stipendium

310 954 456 1026 integrum
470 956 541 1010 etin
554 972 671 1029 propria
686 956 782 1029 specie
794 957 925 1012 tradatur
938 956 1105 1013 celebranti.
1118 955 1174 1010 Sed
1187 954 1210 1010 si
1224 954 1391 1019 consideres,

310 1040 356 1093 eo,
372 1042 407 1080 eir
425 1037 479 1082 art.
497 1027 524 1092 6,
539 1041 668 1098 spectare
687 1027 758 1100 legis
780 1027 1013 1101 dispositionem,
1030 1040 1063 1083 ut
1082 1044 1170 1083 omne
1190 1027 1224 1081 de
1243 1025 1392 1080 missarum

310 1095 502 1176 eleemosynis
517 1099 716 1170 supprimatur
729 1099 912 1154 mercimonii
933 1117 1033 1170 genus,
1050 1113 1078 1154 et
1093 1097 1227 1154 absoluta
1239 1097 1326 1153 verba
1341 1114 1393 1166 aq

310 1184 380 1240 poni
394 1179 428 1221 ut
443 1171 621 1224 consectaria
634 1170 749 1224 numeri
766 1170 897 1242 proxime
911 1171 1069 1244 superioris
1084 1172 1112 1235 (a
1129 1172 1211 1224 luxta
1226 1184 1259 1223 ea
1274 1185 1350 1240 quae
1370 1167 1392 1220 iri

310 1237 458 1309 superiore
481 1240 605 1296 articulo
627 1241 782 1296 constituta
803 1245 911 1314 sunt»)
935 1242 1092 1297 concludes
1111 1241 1140 1296 id
1160 1257 1221 1295 non
1241 1237 1391 1311 prohiberi.

309 1308 399 1435 sigubi
419 1327 508 1365 omne
527 1312 601 1366 absit
614 1313 797 1368 mercimonii
811 1331 912 1384 genus.
928 1313 1024 1369 Omne
1037 1330 1117 1381 ver0,
1129 1313 1159 1367 in
1170 1312 1294 1382 allegata
1307 1309 1393 1381 specie

309 1399 327 1434 a
347 1397 418 1443 esse,
433 1396 573 1454 apparet:

343 1476 371 1544 a)
393 1474 436 1528 Ex
459 1475 596 1545 qualitate
616 1477 747 1547 parochi,
764 1477 813 1549 qui
835 1477 974 1547 negotiari
998 1477 1176 1546 prohibetur,
1200 1488 1228 1530 et
1248 1475 1328 1529 nulia
1350 1490 1394 1544 pro

309 1543 472 1669 hospitibus
484 1547 598 1617 quaerit
610 1549 810 1628 eleemosynas
822 1562 854 1603 ut
867 1566 916 1603 eos
930 1549 1057 1622 hospitio
1067 1547 1185 1628 recipiat
1198 1567 1204 1612 ;
1220 1547 1249 1617 b)
1268 1548 1311 1600 Eo
1321 1543 1393 1616 quod

309 1615 391 1669 nula
415 1615 448 1670 lit
466 1617 599 1673 collectio
621 1618 844 1690 stipendiorum,
866 1637 919 1675 nec
942 1637 955 1674 s
978 1619 1217 1692 estipendrorum
1233 1617 1394 1672 alliciuntur

308 1686 406 1741 vicarii
420 1687 457 1741 ad
466 1688 555 1744 talem
567 1690 793 1746 conventionem
807 1638 1026 1746 admittendam.

345 1779 443 1858 Quare
465 1779 495 1834 S.
517 1781 712 1862 congregatio
731 1783 876 1852 sapienter
896 1783 1046 1855 respondit
1059 1779 1303 1837 consuetudinem
1317 1779 1393 1832 istam

309 1863 444 1930 sustineri
458 1867 554 1923 posse.
584 1854 620 1907 Et
635 1871 693 1906 iarn
707 1865 775 1908 ante
789 1853 891 1908 similis
905 1854 999 1923 pactio
1022 1853 1160 1927 permissa
1175 1865 1237 1907 erat
1250 1869 1267 1905 a
1280 1851 1310 1906 S.
1324 1849 1394 1904 Con·

308 1932 484 1992 gregatrone‚
501 1923 530 1977 in
545 1924 721 1991 Trevirensi,
740 1942 767 1979 ii
785 1925 854 1980 maii
874 1925 951 1983 1888.

346 2023 388 2076 De
410 2023 511 2076 eadem
534 2024 724 2097 responsione
744 2024 816 2080 illud
830 2039 977 2098 praeterea
992 2025 1205 2082 observandum
1226 2033 1278 2090 est,
1294 2039 1359 2076 eam
1372 2019 1393 2073 vi

308 2093 435 2166 cuipiam
457 2095 677 2164 consuetudinis
696 2094 864 2152 nullatenus
888 2097 982 2152 inniti.
1011 2099 1157 2168 Namque,
1179 2106 1212 2148 ut
1225 2104 1345 2175 apparet
1367 2109 1393 2146 ei

308 2164 430 2237 supplici
450 2164 559 2232 libello,
580 2168 763 2222 consuetudo
785 2185 846 2223 non
871 2181 932 2223 erat
955 2168 1121 2223 centenaria
1143 2166 1187 2221 vel
1210 2163 1392 2246 privilegiata.

308 2237 364 2291 Sed
377 2236 471 2291 verbis
485 2238 592 2292 decreti
606 2259 621 2288 rr
639 2239 800 2294 Contrariis
813 2239 992 2312 quibuslibet
1011 2257 1071 2295 non
1091 2238 1286 2306 obstantibus,
1301 2257 1316 2287 >i
1331 2251 1393 2289 con-

307 2307 476 2363 suetudines
496 2308 683 2380 particulares
696 2327 757 2364 non
771 2310 968 2383 privilegiatae
981 2324 1050 2366 sunt
1063 2325 1243 2383 suppressae.

344 2411 400 2464 Res
414 2409 512 2482 itaque
523 2410 583 2483 ipsa
596 2410 709 2467 videtur
719 2411 774 2484 legi
787 2430 847 2468 non
862 2430 1032 2485 repugnare.
1045 2411 1200 2481 Quocirca,
1216 2410 1246 2465 in
1258 2408 1393 2465 similibus

307 2481 410 2538 causis.
425 2481 474 2535 illa
488 2483 678 2552 responsione
700 2484 858 2563 prudenter
880 2486 921 2540 uti
943 2484 1039 2541 licebit
1061 2498 1093 2539 ut
1112 2484 1173 2557 ipse
1195 2483 1225 2536 in
1252 2500 1304 2537 sua
1326 2480 1393 2534 rela-

307 2552 388 2607 tione
414 2553 509 2607 innuit
536 2554 779 2625 Congregationis
804 2556 983 2611 secretarius.
1010 2556 1106 2628 Atque
1125 2556 1161 2609 ad
1183 2554 1256 2608 haec
1278 2554 1334 2606 duo
1359 2563 1394 2605 est

307 2622 493 2697 potissimum
501 2626 719 2681 attendendum:
730 2628 769 2681 Ut
780 2628 910 2682 studiosa
919 2628 1024 2682 vitetur
1034 2626 1247 2700 stipendiorum
1257 2623 1393 2686 collectio,

308 2696 457 2760 nequead
477 2695 637 2750 obtinenda
656 2697 799 2769 stipendia
813 2699 977 2753 sacerdotes
997 2700 1032 2753 ad
1052 2698 1219 2771 pactionem
1238 2694 1392 2751 ineundam
1458 2714 1459 2765 j

308 2765 500 2821 adducantur.
518 2767 625 2834 Quare,
639 2768 662 2823 si
675 2769 780 2841 hospes
793 2770 914 2842 quidam
928 2770 1006 2834 velit,
1018 2768 1189 2841 conquisitis
1200 2768 1282 2841 prius
1293 2766 1393 2837 stipen·
1457 2774 1459 2841 Ῑ

308 2836 372 2898 diis,
388 2836 502 2892 efficere
524 2851 556 2892 ut
576 2841 736 2894 sacerdotes
750 2842 827 2913 apud
837 2859 876 2905 vse
897 2841 1089 2914 hospitentur,
1105 2840 1133 2894 id
1149 2839 1236 2894 fuerit
1249 2854 1393 2910 prorsusa

308 2909 414 2963 decreti
429 2909 667 2979 dispositionibus
686 2911 835 2980 alienum,
850 2926 951 2967 contra
964 2926 1063 2968 autem
1082 2924 1221 2985 poterunt
1235 2909 1392 2985 sacerdotes

308 2979 348 3035 sic
367 2997 420 3060 pro
434 2980 511 3060 victu
534 2980 652 3036 cuilibet
674 2983 776 3037 cedere
798 2996 910 3057 partem
930 2984 1142 3057 stipendiorum
1162 3000 1239 3055 quae
1253 2982 1330 3054 ipsos
1343 2978 1391 3033 sibi
1457 3000 1459 3059 ᾗ

307 3065 525 3123 conquisituros
540 3069 600 3106 esse
614 3067 739 3124 sperent.

342 3153 368 3206 8.
391 3152 437 3206 De
457 3170 513 3206 non
528 3155 681 3209 retinenda
691 3166 780 3227 parre
793 3157 933 3227 stipendii
947 3157 1105 3211 missarum
1120 3171 1194 3228 quas
1208 3152 1281 3207 aliis
1294 3150 1393 3229 trqdas

306 3222 509 3302 celebrandas.
547 3225 659 3294 Duplex
693 3238 735 3281 est
766 3228 944 3301 exceptionis
974 3227 1068 3282 sorma
1102 3227 1131 3281 S.
1170 3226 1392 3296 Congregauoni

250 3341 253 3344 .
306 3306 466 3367 proposita.
943 3330 946 3339 ι

343 3390 371 3456 a)
384 3388 417 3440 ln
430 3388 605 3442 Bredanensi
618 3388 752 3454 dioecesi,
763 3391 868 3445 missae
878 3390 1013 3464 parochis
1023 3390 1198 3445 commissae
1208 3401 1236 3443 et
1247 3388 1282 3443 ab
1294 3386 1326 3441 iis
1338 3383 1392 3438 alio

307 3457 502 3523 transmissae,
513 3459 542 3511 in
554 3460 673 3515 ecclesia
687 3461 878 3516 nihilominus
892 3480 907 3517 e
921 3475 1057 3533 suggestu
1068 3461 1180 3534 populo
1190 3458 1317 3514 nuntiari
1328 3472 1392 3511 con·

308 3543 473 3584 sueverunt.
492 3531 549 3583 Pro
562 3549 621 3602 qua
640 3532 824 3588 nuntiatione
844 3546 872 3588 et
887 3534 948 3606 ipsa
962 3534 1003 3589 rei
1017 3532 1269 3588 administratione
1287 3540 1391 3592 partem

308 3599 442 3671 stipendii
459 3600 633 3668 retinebant,
649 3618 773 3674 eamque
787 3623 846 3660 non
861 3610 1005 3677 exiguam,
1031 3622 1099 3659 cum
1123 3621 1176 3677 pro
1199 3620 1261 3657 uno
1285 3601 1392 3656 floreno

307 3670 352 3738 (fr.
370 3679 444 3743 aaa)
458 3672 615 3727 retinerent
626 3691 662 3742 40
675 3688 751 3729 cent.
767 3676 813 3747 (90
826 3681 915 3745 cent.)

305 3949 426 3999 refundit
441 3950 525 3998 verba
541 3967 569 3997 n.
586 3968 608 4006 7,
630 3970 639 3996 r
658 3952 789 4001 Ordinarr'r'
809 3954 949 4007 dioecesani,
970 3971 978 3997 i
996 3951 1155 4000 observabis
1177 3950 1298 3998 eiusdem
1315 3959 1389 3994 usum

305 4017 485 4074 praecipuum
496 4032 513 4064 a
524 4017 604 4065 nobis
612 4019 706 4067 relerri
717 4020 745 4066 in
754 4018 838 4067 verba
849 4030 1001 4078 postremae
1012 4020 1097 4077 partis
1109 4019 1188 4065 istius
1198 4017 1306 4065 articuli
1317 4029 1322 4062 :
1334 4011 1388 4085 aliis

306 4082 456 4130 Ordinarr'r's.
468 4084 576 4130 Etenim
587 4082 623 4131 ob
634 4085 755 4141 regimen
766 4087 946 4144 paupertatis,
960 4100 1022 4133 raro
1032 4085 1079 4133 fiet
1090 4092 1120 4131 ut
1130 4086 1266 4139 regulares
1277 4091 1388 4149 propriis

307 4148 439 4195 Praelatis
457 4149 638 4197 exuberantes
658 4151 755 4199 missas
774 4151 882 4199 tradere
899 4151 1016 4199 debeant
1026 4166 1032 4207 ;
1053 4153 1101 4198 sed
1120 4150 1172 4197 hoc
1187 4152 1286 4211 rescire
1301 4157 1386 4201 marani

306 4213 444 4268 intererat,
471 4224 563 4262 utrum
588 4230 683 4270 necne,
710 4218 844 4264 tradendo
872 4218 968 4265 missas
994 4216 1187 4275 Superioribus
1212 4208 1386 4277 regularibus,

296 4279 436 4345 ¹Episcopi
448 4286 476 4329 et
485 4282 532 4331 alii
546 4282 686 4330 Ordinarii
698 4281 867 4343 obligatione
876 4298 925 4331 sua
937 4286 1101 4333 levarentur.
