2959 4900
92 265 154 346 [26.
166 265 220 347 27]
234 288 257 324 s.
266 289 291 326 c.
302 289 344 325 nr.
355 288 391 325 rr
400 289 426 326 a.
437 287 662 328 nenxsnrrrout
671 289 774 326 nnana.
785 290 792 334 ;
804 290 841 325 aa
849 288 1007 325 nrmssrona
1015 288 1126 325 rueram
1142 263 1187 327 83
1204 275 1210 286 “

105 455 109 462 ν
127 446 144 476 n
162 425 322 482 scribatur
342 425 509 482 Ordinarr'n'
523 425 564 482 ad
578 431 714 481 mentem.
730 425 816 493 Mens
830 436 883 487 est,
898 426 979 497 quod
995 425 1145 499 exemptio
1159 444 1185 480 a

93 495 296 552 iurisdictione
304 496 462 570 episcopali
477 496 627 554 Fratribus
637 496 804 552 Minoribus
814 496 845 552 S.
856 494 1003 554 Francisci
1015 507 1184 569 competens

92 567 258 624 extenditur
270 567 358 624 etiam
371 569 408 624 ad
423 568 529 626 Missas
542 568 694 624 manuales
705 588 712 636 ς
729 567 856 648 ideoque
869 566 1033 642 Episcopus
1046 565 1077 622 in
1090 566 1186 624 visita·

91 640 172 694 tione
184 638 327 699 canonica
340 639 454 696 nullam
466 638 521 695 sibi
534 639 682 696 vindicare
701 651 797 712 potest
811 638 1023 712 inspectionem
1041 638 1186 695 librorum

94 711 252 766 Missamm
264 710 448 767 manualium
461 710 491 765 in
505 710 639 784 paroecia
656 711 793 766 Fratrum
803 710 956 766 Minorum
972 710 1002 765 in
1015 726 1095 767 casu.
1111 732 1127 762 >t

130 785 184 854 Die
201 815 228 852 11
246 798 314 852 maii
333 816 411 870 ¹904·
510 807 512 812 '

294 899 297 902 ·
708 869 743 924 D.
763 869 850 925 Card.
872 871 1022 937 Faunine,
1042 868 1150 942 Praes.

754 954 810 1010 Ph.
833 954 974 1024 Giustini‚
995 955 1106 1011 Secret.

484 1105 804 1120 m

99 1309 103 1316 .
133 1219 206 1312 tt.
228 1253 269 1284 -’-
291 1235 324 1306 s.
348 1235 489 1308 consa.
512 1233 790 1310 rrtscoaonun
815 1235 867 1305 ετ
889 1181 1143 1306 resultatura

420 1397 582 1454 ueclsw
601 1397 640 1460 13
657 1396 755 1454 ΜΑΗ
773 1397 855 1451 1904

336 1535 391 1592 De
409 1535 615 1594 dimissione
634 1537 679 1594 ob
698 1535 946 1592 infirmitatem

98 1739 100 1744 ,
130 1681 272 1738 Iuvenis¹
308 1681 417 1752 uidam,
441 1682 562 1738 nomine
577 1684 679 1738 Petrus
701 1683 833 1741 Salmon.
854 1694 1011 1754 postquam
1024 1681 1054 1738 in
1069 1683 1185 1740 abbatia

92 1751 273 1816 solesmensi
287 1699 359 1810 grd.
374 1754 405 1809 S.
421 1753 580 1822 Benedicti,
597 1766 628 1808 a⁰
645 1754 710 1828 1899
726 1753 757 1808 in
767 1752 912 1824 professos
925 1766 1063 1809 votorum
1076 1753 1185 1826 simpli·

91 1825 172 1880 cium
186 1835 249 1880 erat
260 1837 424 1897 cooptatus,
441 1823 592 1886 novembri
605 1840 707 1888 mense
724 1837 787 1897 1901
813 1836 854 1879 est
871 1825 908 1878 ab
922 1824 1033 1880 Ordine
1048 1823 1185 1881 dimissus

92 1897 131 1951 ob
154 1894 305 1950 infirmam
317 1894 514 1952 valetudinem
539 1897 566 1965 (a
585 1895 825 1954 neurastheniam
844 1898 871 1966 »)
918 1913 956 1950 ua
976 1895 1125 1952 moraliter
1145 1896 1186 1953 ita

92 1979 154 2021 erat
166 1965 298 2035 affectus,
310 1980 342 2022 ut
355 1967 470 2024 futurae
484 1967 646 2026 dementiae
660 1967 792 2024 subesset
805 1913 981 2038 periculum.

132 2054 198 2124 lpse
212 2062 311 2106 tamen
323 2050 420 2108 noluit
439 2050 469 2108 in
488 2067 572 2108 suam
584 2050 796 2120 ,dimissionem
814 2052 989 2119 consentire,
1014 2067 1134 2123 remque
1148 2051 1186 2106 ad

94 2124 216 2177 Sacram
228 2121 332 2188 detulit
345 2119 616 2196 congregationem,
633 2123 782 2183 affirmans
792 2140 822 2179 se
832 2123 906 2179 velle
919 2123 1014 2181 vivere
1024 2134 1053 2178 et
1065 2121 1140 2178 mori
1155 2122 1186 2178 in

94 2193 208 2248 Ordine
229 2193 277 2250 cui
298 2211 331 2249 se
354 2193 429 2250 votis
452 2193 633 2258 astrinxerat.
663 2194 834 2268 Superiores
856 2194 1023 2251 obiciebant
1046 2195 1186 2248 morbum

95 2281 184 2338 quem
201 2265 332 2338 ingressu
345 2265 376 2320 in
390 2264 562 2338 religionem
575 2265 774 2338 antiquiorem
789 2266 1005 2337 praedicabant,
1026 2282 1063 2320 ne
1083 2264 1186 2336 attingi

94 2335 264 2394 viderentur
278 2336 474 2394 declaratione
491 2355 520 2398 12
535 2337 608 2394 iunii
622 2338 698 2406 1858,
714 2338 876 2394 secundum
890 2355 979 2408 quam
992 2357 997 2392 :
1011 2358 1026 2388 r<
1042 2337 1137 2392 Nemo
1152 2352 1187 2392 ex

96 2425 183 2465 causa
204 2407 381 2467 infirmitatis
389 2419 459 2483 post
465 2409 680 2483 professionem
696 2418 830 2464 votorum
852 2408 1032 2482 simplicium
1051 2424 1187 2481 superve-

97 2482 194 2537 niente
217 2480 325 2536 dimitti
349 2480 456 2553 poterit
467 2484 488 2537 2.
509 2503 525 2533 »
549 2482 646 2549 Quare
669 2481 767 2547 etiam,
796 2480 924 2537 instante
952 2482 1048 2537 Revmo
1073 2480 1188 2537 Abbate

97 2551 218 2607 Ordinis
233 2550 369 2619 Primam,
384 2569 445 2624 quo
468 2551 561 2624 magis
574 2552 663 2608 dubia
682 2565 911 2618 removerentur,
933 2552 1079 2625 postulata
1099 2551 1186 2614 simul

98 2636 140 2679 est
160 2635 340 2679 memoratae
361 2622 564 2680 declarationis
583 2622 791 2696 interpretatio,
810 2622 977 2696 duplexque
1003 2622 1187 2696 propositum

98 2695 222 2751 dubium
236 2693 324 2751 huius
337 2694 463 2752 tenoris:
479 2742 481 2747 .

136 2779 159 2837 l„
179 2779 227 2833 An
252 2789 281 2832 et
300 2776 419 2833 cuinam
440 2776 535 2833 latiori
559 2776 791 2850 interpretationi
814 2776 1000 2832 subiciendus
1020 2790 1062 2833 est
1090 2789 1144 2832 art.
1170 2795 1187 2833 v

99 2848 329 2905 declarationum
345 2846 463 2904 ieiunii
480 2849 565 2905 1858:
581 2850 709 2903 «Nemo
731 2861 831 2904 autem
853 2863 887 2903 ex
906 2865 992 2904 causa
1008 2846 1188 2903 infirmitatis

100 2932 166 2991 post
185 2919 408 3001 'professionem
437 2931 575 2975 votorum
607 2918 785 2991 simplicium
824 2919 1045 2993 superveniente
1081 2919 1188 2974 dimitti

102 3004 216 3063 poterlt.
232 3012 249 3043 »

139 3077 178 3131 ll.
197 3076 243 3129 An
257 3076 406 3129 decretum
418 3092 480 3146 quo
493 3073 605 3131 iuvenis
620 3073 752 3140 Salmon,
773 3086 909 3128 votorum
932 3073 1110 3143 simplicium
1123 3071 1189 3146 pro.-

103 3145 201 3214 fessus,
216 3146 253 3201 ab
266 3144 377 3201 Ordine
391 3145 580 3202 Benedictino
594 3159 636 3203 est
646 3145 793 3213 dimissus,
809 3144 969 3200 sustinetur
983 3144 1013 3198 in
1028 3162 1107 3202 casu.
1137 3162 1142 3170 ¹

140 3232 224 3287 Sacra
237 3248 307 3287 vero
319 3231 515 3357 Conpregatio
526 3231 738 3311 Episcoporum
750 3242 778 3287 et
789 3229 991 3311 Regularium3
1005 3229 1034 3285 in
1049 3230 1189 3300 generali-

103 3302 160 3358 bus
171 3302 293 3359 comitiis
306 3301 353 3357 die
367 3320 376 3357 1
408 3301 477 3358 maii
494 3321 562 3375 ¹904
574 3302 690 3364 habitis,
706 3318 825 3357 causam
837 3313 875 3355 tta
889 3302 1016 3358 diremit.

140 3386 189 3441 Ad
200 3386 226 3443 Ι.
254 3388 323 3443 Non
333 3386 502 3461 proposita.

106 3471 190 3593 <1³44
202 3470 242 3553 ll.
254 3470 289 3553 ln
305 3488 375 3527 casu
388 3467 483 3527 solam
498 3469 700 3544 infirmitatem
717 3486 773 3525 non
787 3484 850 3523 esse
862 3482 985 3523 causam
998 3463 1188 3542 sufficientem

127 3558 292 3601 imisstnnis.

537 3663 766 3716 Annornrrouas

148 3786 169 3835 i.
189 3784 220 3837 ln
238 3783 293 3839 hac
312 3800 408 3852 causa,
424 3800 500 3855 quae
521 3795 582 3837 arte
601 3780 738 3836 cohaeret
752 3790 852 3835 nostro
868 3778 1073 3852 supplemento
1087 3779 1190 3903 quinto

110 3851 211 3923 (supra,
232 3873 262 3928 p.
278 3856 312 3926 57
326 3866 355 3910 et
368 3857 429 3925 ss),
450 3854 487 3909 sit
505 3871 558 3926 pro
571 3853 665 3926 prima
687 3850 879 3938 annotatione
903 3863 1006 3906 votum
1028 3849 1085 3905 istu
1128 3868 1190 3922 quo

140 4046 274 4113 1Excepta
294 4050 357 4113 ipsa
375 4049 519 4109 sententia,
539 4063 611 4111 quae
630 4048 732 4099 italicis
754 4048 829 4109 typis
844 4052 884 4101 est
898 4046 1050 4108 proposita,
1069 4045 1192 4095 narratio

111 4113 164 4161 ista
171 4121 208 4163 eet
216 4116 323 4176 privato
332 4122 426 4167 nostro
436 4117 543 4169 calamo
554 4116 725 4175 conscripta,
746 4119 856 4175 sumpto
874 4117 1037 4175 argumento
1053 4124 1086 4161 ex
1098 4112 1190 4161 Mom-

111 4182 401 4241 romccanstnsmco‘,
415 4200 481 4242 1904,
492 4198 519 4243 p.
531 4200 584 4233 201.

141 4248 154 4280 2
166 4245 216 4297 Clr.
228 4254 350 4300 nostrum
360 4254 379 4299 t.
390 4267 403 4301 2
415 4249 624 4312 DeReligiosis,
635 4263 664 4308 p.
678 4254 728 4306 3⁵4,
741 4260 771 4296 n.
781 4242 861 4305 orni.

1269 797 1329 844 Dies
1340 800 1380 855 (ιι

1240 856 1302 904 maii
1311 858 1390 915 1904).

1264 2612 1400 2664 Proponi-

1242 2669 1275 2710 te
1289 2667 1385 2709 dublo.

1268 2808 1291 2838 r.
1300 2790 1402 2847 Detegit

1243 2851 1379 2915 interpreta-

1244 2912 1315 2953 tione.

1226 3074 1232 3083 '
1267 3089 1290 3118 2.
1303 3072 1403 3119 Dicauae

1243 3142 1271 3233 {a
1278 3130 1387 3196 particu-

1252 3200 1302 3234 ari.

1271 3315 1395 3360 Decitio.

1273 3392 1315 3439 Ad
1324 3410 1348 3441 1.

1273 3476 1314 3523 At
1324 3492 1347 3525 2.
