2959 4900
101 961 142 1010 :lii
152 965 175 1012 l.

102 1045 191 1096 ,tall

105 3507 202 3553 Orator.

114 3660 233 3719 Proponi-

77 3720 114 3761 ίαν
121 3731 174 3763 usus
182 3730 232 3764 mo·

75 3773 184 3823 nattum.

283 342 324 404 98
737 361 919 399 uonunrn'rn

283 497 463 565 obvenerint,
495 512 545 554 uta
558 500 581 554 si
594 500 758 556 avunculus
777 512 804 555 et
817 517 918 573 nepos,
931 500 954 556 si
970 502 1029 558 duo
1044 495 1212 555 consobrini
1227 492 1315 550 simul
1331 491 1363 546 ad

283 566 362 624 idem
374 517 543 644 Capitulum
557 571 802 628 consiliariorum
816 572 898 630 electi
914 572 1031 630 fuerint.
1045 603 1081 614 -
1097 572 1134 626 Et
1149 571 1262 624 Deus...

321 655 358 708 Et
371 655 457 711 Sacra
471 656 666 728 Congregatio
688 659 798 712 Emorum
811 674 845 713 ac
861 659 1005 712 Revmorum
1018 658 1047 712 S.
1065 658 1099 712 R.
1117 656 1151 710 E.
1167 649 1365 709 cardinalium

284 724 407 804 negotiis
431 727 745 810 etlconsultationibus
762 727 977 810 Episcopo'rum
991 741 1018 784 et
1040 724 1366 850 Regulariumpraepo-

285 807 347 864 stra,
374 809 490 880 attentis
514 813 660 873 expositis,
691 817 777 874 super
805 817 969 873 praemissis
1001 800 1098 855 dubus
1130 811 1237 871 respon
1259 793 1365 851 endum

285 883 418 924 censuit:

319 951 365 1006 Ad
383 955 405 1010 l.
419 954 599 1012 Electionem
616 972 678 1013 esse
691 956 824 1012 validam
841 957 869 1012 in
885 973 966 1012 casu.

320 1036 366 1091 nd
382 1037 420 1093 ll.
437 1039 586 1114 Negalive
600 1040 629 1095 in
644 1040 790 1097 omnibus.
864 1035 866 1040 ’

318 1121 430 1202 ‚Datum
456 1125 566 1182 Romae
596 1144 612 1181 e
643 1125 803 1182 Secretaria
834 1125 965 1182 eiusdem
997 1125 1026 1180 S.
1056 1118 1299 1195 Con‘gregationis
1327 1118 1367 1174 die

288 1191 380 1248 zmhl
399 1212 475 1268 ¹904·
872 1270 907 1324 D.
922 1269 1008 1324 Card.
1028 1268 1177 1336 Fanestri,
1193 1264 1299 1336 Praes.

856 1353 1013 1428 Philippus
1031 1349 1174 1420 Giustini,
1189 1349 1302 1406 Secret.

645 1564 650 1571 ,
740 1502 918 1559 Annorrrro

325 1633 431 1687 Parum
444 1632 566 1689 idoneus
580 1633 662 1689 nobis
677 1632 790 1690 videtur
804 1635 856 1691 iste
871 1635 1069 1699 interrogandi
1084 1635 1201 1700 modus,
1213 1648 1276 1704 quo
1290 1648 1324 1686 er
1337 1630 1366 1684 C.

286 1703 409 1776 Exponi
430 1704 511 1760 nobis
528 1706 547 1773 ¹,
573 1704 685 1761 Urbani
700 1709 772 1761 Vlll
798 1708 842 1779 (17
862 1724 931 1763 nov.
956 1708 1033 1777 1634)
1058 1719 1086 1762 et
1108 1705 1221 1778 iegibus
1239 1701 1368 1783 ciuilibus

287 1775 481 1846 quaerebatur
502 1793 533 1831 ar
555 1789 719 1833 umentum.
744 1778 823 1846 Quid
846 1778 924 1834 enirn
946 1778 1005 1834 huc
1027 1778 1129 1834 attinet
1151 1777 1196 1832 lex
1220 1774 1322 1840 civilis,
1346 1787 1368 1828 et

287 1845 367 1915 quid,
379 1846 410 1902 in
423 1864 510 1904 causa
548 1850 776 1923 angregationis
788 1849 961 1924 religiosae,
975 1849 1154 1905 Constitutio
1168 1863 1243 1920 quae
1257 1844 1369 1919 propria

289 1919 423 1978 Fratrum
444 1918 595 1976 Minorum
613 1920 712 1977 ltaliae
732 1935 759 1977 et
776 1921 937 1995 Hispaniae
956 1939 993 1976 ne
1013 1921 1132 1994 quidem
1153 1919 1197 1974 ius
1217 1933 1369 1997 commune

287 1990 418 2046 continet
436 1991 581 2047 Ordinum
606 1993 795 2064 regularium,
813 1994 922 2048 nedum
942 1993 972 2048 in
994 1993 1128 2049 Instituta
1151 2002 1289 2046 votorum
1309 2005 1368 2043 srm-

287 2061 407 2132 plicium
421 2064 523 2120 cadere
535 2063 625 2136 possit
637 2067 643 2119 !
656 2065 825 2137 Quodpiam
839 2066 929 2120 robur
942 2065 1107 2121 accessisset
1122 2063 1158 2118 ad
1169 2072 1368 2134 argumentum

287 2133 309 2192 si
334 2148 442 2202 orator,
459 2134 544 2190 nixus
568 2135 764 2192 incommodis
779 2154 909 2209 quaeex
928 2135 990 2193 istis
1014 2133 1206 2193 electionibus
1219 2132 1291 2189 oriri
1311 2147 1368 2205 pos·

288 2220 365 2274 sunt,
382 2206 446 2262 iura
466 2206 561 2263 civilia
586 2219 614 2262 et
639 2210 774 2263 Fratrum
799 2208 950 2263 Minorum
971 2226 1050 2264 mere
1071 2221 1224 2280 tamquam
1243 2202 1367 2275 exempla

287 2279 422 2350 receptae
433 2279 629 2351 persuasionis
643 2279 900 2336 incommodorum
920 2281 1101 2353 appellasset.
1118 2281 1307 2350 Quamquam
1322 2290 1367 2330 nec

287 2362 356 2404 tunc
369 2349 475 2404 mutari
489 2350 588 2405 debuit
602 2369 788 2423 responsum.

322 2431 423 2491 Altero
446 2432 577 2506 quaesito
599 2435 805 2509 neglegebatur
829 2435 899 2495 illud
921 2436 1001 2508 quod
1017 2435 1106 2509 probe
1132 2449 1173 2491 est
1192 2433 1364 2491 tenendum:
1438 2466 1441 2475 ·

286 2504 455 2560 huiusmodi
483 2505 678 2563 inhabilitates
708 2523 735 2563 et
761 2526 862 2565 causas
888 2509 1065 2564 electionum
1093 2506 1289 2563 invalidarum
1313 2519 1365 2558 esse

287 2575 382 2632 stricte
398 2576 638 2651 interpretandas.
656 2580 802 2648 Quocirca
818 2581 846 2635 id
858 2580 937 2653 quod
950 2581 986 2635 de
1005 2578 1140 2636 fratribus
1160 2591 1221 2634 erat
1234 2587 1365 2634 statutum

288 2646 370 2704 nullo
385 2661 470 2729 pacto
490 2649 519 2703 in
542 2649 615 2705 alios
628 2652 863 2725 consanguineos
877 2652 1031 2708 transferre
1051 2651 1166 2719 licebat,
1182 2668 1215 2705 ur
1230 2649 1366 2723 sapienter

287 2720 487 2794 pronuntiavit
502 2722 532 2777 S.
549 2723 757 2796 Congregati0.

672 2880 991 2889 ——--—.—-—-—-—·

379 3002 447 3088 38.
470 3054 511 3064 -
533 3016 569 3085 s.
593 3016 629 3086 r.
655 3015 931 3087 tristaretur
957 3016 1008 3083 rr
1033 3013 1283 3085 neeutnntuu

525 3189 766 3245 RESPONSUM
783 3191 820 3245 12
838 3190 1034 3261 OGTOBRIS
1054 3190 1135 3244 1904

342 3327 395 3384 De
415 3327 600 3401 disciplina
619 3330 825 3387 monialium
844 3330 1053 3401 simpliciter
1072 3330 1310 3402 professarum

320 3478 522 3535 Confessarius
544 3479 709 3534 ordinarius
733 3480 926 3534 Clarissarum
947 3472 1103 3547 Cortonae,
1126 3478 1161 3533 ad
1177 3478 1263 3549 pedes
1282 3476 1310 3529 S.
1332 3470 1362 3525 V.
1455 3466 1456 3473 '

286 3550 470 3623 provolutus,
484 3549 634 3605 humiliter
647 3551 767 3624 exponit
782 3572 786 3605 :

289 3698 292 3703 ,
325 3636 369 3691 Ex
382 3635 503 3707 antiquo
516 3651 580 3701 usu,
597 3633 742 3691 Moniales
756 3654 772 3689 a
786 3637 815 3691 S.
828 3636 913 3691 Clara
924 3648 1109 3709 nuncupatae
1123 3634 1255 3690 solebant
1271 3633 1362 3687 Corto·

289 3725 343 3763 nae
365 3707 440 3762 hanc
460 3723 572 3761 servare
601 3723 736 3762 normam
757 3709 853 3780 quoad
878 3707 1022 3763 Novicias.
1049 3706 1166 3763 Puellae
1189 3715 1362 3778 perannum

288 3779 426 3853 probatae
439 3778 475 3832 ad
486 3777 659 3833 triennalem
672 3777 849 3834 noviciatum
861 3780 1097 3845 admittebantur,
1108 3777 1212 3833 deinde
1222 3776 1279 3832 alio
1292 3786 1361 3829 anno

285 3867 353 3905 curn
373 3848 553 3904 Monialibus
575 3849 715 3907 Professis
733 3851 993 3906 commorabantur
1008 3865 1034 3906 et
1054 3862 1203 3923 postremo
1220 3841 1362 3904 sollemnia
1454 3872 1455 3907 3

285 3933 351 3975 vota
364 3919 543 3975 emittebant.
559 3922 646 3976 Nunc
659 3938 737 3986 rero,
749 3923 786 3977 ad
800 3937 928 3979 mentem
943 3923 1055 3977 Decreti
1069 3923 1098 3978 S.
1109 3923 1218 3994 Congr.
1234 3918 1360 3993 Episcop.

286 4006 312 4047 et
328 3990 430 4073 Regul.
445 3991 502 4048 diei
518 3993 532 4047 3
549 3990 617 4047 maii
636 4011 700 4056 moa
714 3996 734 4061 2,
752 3992 890 4049 Norieiae
909 3994 1023 4068 puellae
1038 3993 1169 4050 emittere
1182 3994 1286 4049 debent
1304 3998 1362 4045 vota

285 4064 428 4137 simplicia
441 4078 598 4135 antequam
611 4058 784 4121 sollemnem
795 4066 901 4122 faciant
911 4066 1131 4139 professionem.

318 4275 325 4308 l
341 4275 397 4321 Cir.
410 4274 561 4323 Bullatium
573 4274 823 4332 Luxemburgense,
837 4284 855 4323 t.
869 4284 890 4334 23,
904 4292 929 4337 p.
943 4287 994 4336 269.

316 4344 326 4377 2
341 4340 397 4389 Cir.
409 4346 501 4391 nostra
512 4343 677 4400 uolumina,
689 4357 716 4391 n.
730 4340 779 4406 64,
792 4357 819 4403 p.
834 4351 883 4402 359.
