2959 4900
441 344 478 378 na
492 344 681 380 commmoda
696 346 844 381 contutant
1143 322 1184 385 85

140 475 287 564 Verum,
312 477 400 545 dum
425 478 513 546 fines
536 478 590 546 isti
615 494 696 546 sunt
711 479 910 565 amovendi,
936 480 1058 546 sedulo
1075 500 1181 547 secer·

93 565 213 633 nenda
229 583 280 634 est
295 567 436 635 tentatio
452 582 486 635 et
500 565 684 656 scrupulus
696 590 716 635 a
729 590 809 635 vero
822 568 981 635 vanitatis
997 570 1050 634 vel
1065 568 1183 635 huma*-

94 655 132 721 ni
162 671 337 743 respectus
362 672 472 724 motu.
491 656 601 742 Saepe
618 657 724 725 etiam
748 657 811 725 erit
834 656 996 745 prudenti
1022 658 1181 726 directori

94 743 355 833 inspiciendum
371 746 455 834 quid
474 746 511 812 in
528 747 719 814 intentione
736 748 928 845 praevaleat
947 773 954 813 :
974 745 1071 814 facile
1088 747 1183 815 enim

93 854 178 900 cum
214 832 408 902 intentione
440 835 710 903 substantialiter
740 856 827 923 pura
854 836 1020 903 miscetur
1050 835 1182 924 aliquid

93 922 306 990 humanum.
331 924 371 991 ln
396 945 470 1011 qua,
493 937 542 1009 re,
567 925 634 991 hoc
662 925 795 992 videtur
818 924 989 1001 sufficere,
1007 937 1045 991 ut
1057 924 1183 1013 aliquis

91 1011 188 1079 serio
201 1011 394 1080 existimare
407 1014 526 1101 possit,
540 1014 672 1081 omisso
688 1014 793 1082 etiam
802 1014 935 1083 motivo
946 1014 1062 1081 minus
1073 1014 1178 1095 bono,

96 1099 214 1169 nihilo
231 1101 351 1169 minus
367 1102 432 1190 ipsi
451 1104 567 1192 potius
583 1122 656 1169 esse
668 1119 708 1170 ut
719 1102 966 1171 communicet.

140 1192 177 1274 e)
205 1188 255 1256 Ea
278 1189 436 1259 sufficere
460 1191 651 1260 declaratur
672 1192 815 1281 puritas,
834 1213 903 1281 qua
920 1191 999 1280 quis
1014 1191 1183 1261 immunis

94 1278 141 1345 sit
158 1301 177 1345 a
195 1281 412 1347 mortalibus.

140 1372 168 1451 l)
193 1367 470 1437 Commendatur
486 1370 605 1437 sedula
620 1370 836 1458 praeparatio
848 1384 881 1437 et
897 1390 1050 1460 congrua
1062 1370 1184 1459 gratia·

93 1478 178 1524 rum
195 1456 297 1526 actio
316 1460 456 1526 Attendi
479 1475 596 1527 tamen
624 1476 732 1546 potest
759 1460 806 1535 ad
825 1462 1042 1527 sumentium
1065 1460 1182 1527 vires:

94 1566 209 1634 quare
221 1548 339 1615 minus
354 1549 398 1616 ab
415 1565 556 1637 aegroto
573 1570 679 1637 quam
695 1571 716 1616 a
731 1570 816 1616 sano
829 1549 893 1616 erit
905 1549 1155 1637 postulandum
1174 1576 1182 1635 ;

94 1635 139 1703 ad
157 1635 386 1705 condicionem
406 1643 511 1725 :plus
534 1660 553 1705 a
569 1638 746 1705 sacerdote
770 1658 876 1726 quam
900 1660 919 1704 a
935 1639 1036 1723 laico,
1063 1637 1105 1705 ab
1122 1640 1184 1706 ho-

95 1724 196 1792 mine
214 1730 349 1793 exculto
365 1748 469 1815 quam
488 1750 507 1794 a
524 1727 601 1794 rudi
627 1728 871 1814 praestandum
884 1722 953 1807 es‘t3
971 1728 1124 1815 denique
1142 1729 1183 1795 ad

98 1817 177 1902 ipsa
191 1813 311 1903 efficia,
326 1837 416 1904 quae
428 1815 504 1883 aliis
516 1817 629 1884 maius
642 1838 749 1904 quam
762 1818 837 1884 aliis
850 1816 1046 1905 relinquant
1058 1817 1181 1883 otium.

145 1903 191 1970 ln
207 1926 276 1992 qua
288 1927 323 1971 re
336 1904 516 1973 retinenda
528 1905 663 1972 videtur
676 1905 759 1973 haec
772 1927 909 1989 norma,
924 1922 975 1993 ut,
994 1905 1059 1972 nisi
1078 1921 1183 1974 extra-

93 1992 317 2062 ordinarium
333 1993 446 2063 obstet
458 1995 762 2085 impedimentum,
781 2016 853 2062 non
871 1996 987 2062 minus
1000 2016 1108 2083 quam
1125 2016 1186 2081 per

93 2082 329 2171 quadrantem
346 2084 450 2152 horae
467 2084 526 2153 fiat
542 2084 631 2154 actio
646 2084 836 2173 gratiarum
851 2085 915 2153 sub
931 2084 1043 2151 forma
1060 2084 1184 2152 oratio·

93 2173 153 2239 nis
169 2173 331 2241 mentalis
344 2175 397 2241 vel
408 2174 548 2241 vocalis.

140 2264 180 2350 g)
209 2262 264 2328 Ad
291 2263 460 2332 moralem
483 2263 609 2331 decreti
637 2276 772 2351 partem
801 2262 918 2330 referri
945 2261 1050 2330 etiam
1074 2277 1186 2352 potest

94 2349 275 2418 monitum
299 2368 338 2420 ut
361 2353 502 2430 adeatur
529 2351 785 2421 Confessarius.
816 2351 885 2422 Sed
909 2354 991 2440 quia
1020 2352 1055 2419 id
1079 2353 1185 2421 simul

94 2455 229 2530 spectat
244 2442 286 2509 ad
310 2442 567 2532 disciplinarem
591 2456 736 2532 partem,
755 2441 793 2510 in
816 2443 879 2511 hac
907 2457 1076 2531 punctum
1093 2442 1186 2511 istud

94 2530 387 2600 examinabimus.

141 2640 177 2706 4.
200 2619 254 2688 De
271 2635 364 2709 parte
381 2620 605 2709 disciplinari.

144 2709 234 2776 Pars
249 2708 313 2779 ista
328 2711 528 2779 clarissimis
543 2724 676 2778 constat
692 2711 838 2779 statutis.

142 2802 176 2883 a)
195 2797 347 2869 Tollitur
363 2800 480 2868 omnis
495 2799 626 2868 sanctio
642 2799 728 2867 iuris
745 2799 902 2888 positivi,
921 2799 992 2868 sive
1015 2799 1203 2890 generalis

95 2886 202 2954 fuerit
228 2888 281 2954 lex
304 2890 425 2958 saltem
452 2889 596 2957 alicuius
619 2889 892 2975 communitatis,
918 2888 990 2957 sive
1012 2888 1186 2977 peculiare

97 2995 334 3065 praeceptum,
352 2978 528 3068 quolibet
550 2999 623 3046 non
646 2993 802 3046 maneret
817 2999 972 3046 accessus
993 2979 1036 3045 ad
1053 2996 1185 3046 sacram

101 3065 371 3155 Eucharistiam,
388 3067 493 3136 etiam
509 3067 635 3135 cotidie
647 3068 867 3136 sumendam.
887 3067 967 3152 (IV.
982 3067 1022 3149 l.)

143 3156 182 3241 b)
197 3156 359 3235 Parochi,
374 3157 583 3226 Confessarii
596 3171 630 3224 et
641 3157 898 3226 contionatores
909 3155 1048 3242 debent,
1064 3177 1185 3224 secun·

98 3245 187 3312 dum
226 3246 407 3334 probatam
443 3246 651 3316 Catechismi
693 3246 846 3315 Romani
878 3245 1073 3314 doctrinam
1109 3245 1183 3330 (cfr.

99 3338 218 3422 supra)
240 3362 253 3399 tt
269 3336 495 3405 christianum
511 3337 684 3424 populum
696 3335 739 3404 ad
756 3337 851 3404 hunc
867 3351 940 3404 tam
954 3335 1054 3423 pium
1070 3349 1185 3404 ettam

98 3427 286 3494 salutarem
298 3447 402 3494 usum
419 3424 548 3494 crebris
564 3424 863 3494 admonitionibus
875 3426 1058 3513 multoque
1069 3425 1185 3493 studio

99 3514 318 3582 cohortari.»
894 3553 898 3562 ·

144 3608 176 3687 c)
194 3604 412 3675 Communio
435 3605 598 3694 frequens
620 3617 654 3686 et
676 3603 850 3673 cotidiana
873 3603 1112 3693 promovenda
1136 3618 1186 3671 est

98 3695 302 3779 praesertim
318 3695 356 3761 in
371 3694 541 3784 religiosis
559 3693 742 3782 institutis,
760 3693 798 3761 in
814 3693 1020 3761 clericorum
1036 3692 1184 3762 semina·

98 3780 171 3866 riis,
189 3783 227 3850 in
243 3783 319 3852 aliis
334 3805 439 3852 omne
455 3804 566 3873 genus
582 3783 757 3884 ephebeis.
776 3782 857 3871 (lV,
876 3785 927 3874 7.)

145 3871 261 3941 Verba
291 3873 475 3941 «cuiusvis
498 3893 667 3963 genens»
698 3873 740 3941 ad
765 3872 977 3963 designanda
1009 3871 1183 3958 Instituta,

97 3958 179 4028 ideo
196 3961 307 4049 posita
322 3963 426 4031 nobis
441 3964 613 4050 videntur,
630 3982 675 4030 ne
698 3963 817 4052 regula
841 3961 1015 4030 videretur
1031 3974 1184 4029 contem·

98 4050 238 4135 plativis
254 4066 436 4120 reservata.

146 4138 229 4226 Quo
253 4155 381 4230 spectat
404 4155 521 4210 autem
551 4141 770 4210 confirmatio
798 4139 925 4209 decreti
958 4138 1194 4220 Quemadmo.

97 4227 213 4295 dum?
245 4231 299 4298 Eo
332 4230 567 4318 potissimum,
600 4233 636 4298 ni
669 4230 833 4318 fallimur,
866 4247 904 4298 ut
939 4230 975 4296 in
1014 4229 1187 4297 lnstitutis
1288 4265 1291 4274 ‚

98 4319 290 4388 mulierum
305 4334 338 4389 et
353 4319 521 4388 laicorum
539 4320 743 4410 Superiores
759 4318 974 4408 provinciam
995 4319 1097 4388 istam
1113 4339 1187 4386 non
