2959 4900
283 247 331 320 82⁴
478 267 486 284 ³
550 277 551 282 ’
617 305 619 308 -
737 280 920 318 nonunaxra

302 445 309 528 ἒ
343 495 345 502 ·
375 475 444 562 26.
466 491 565 560 —s
590 489 935 606 exauctoravit
953 492 1006 561 ετ
1028 433 1298 562 maximat

574 686 816 744 RESPONSUM
832 689 866 742 11
885 686 1082 744 MA11<1904

233 920 243 932 ,
319 863 373 919 De
390 864 599 922 visitatione
617 824 789 922 canonica
807 867 845 922 et
863 866 1091 937 exemptione
1106 866 1341 940 Regularlnm

320 1051 503 1108 Guardianus
516 1053 640 1110 fratrum
652 1055 805 1110 Minorum
817 1054 848 1109 in
865 1055 995 1112 Dioecesi
1016 1056 1115 1112 Sancti
1127 1054 1282 1127 Hippolyti
1294 1071 1377 1110 corn-

283 1123 464 1178 morantium
486 1137 574 1198 atque
597 1125 807 1198 pertinentium
829 1127 866 1181 ad
887 1126 1053 1200 regularem
1071 1126 1252 1200 provinciam
1275 1126 1377 1182 Sancti

285 1194 456 1250 Bernardini
470 1195 500 1250 in
515 1197 641 1265 Austria,
665 1196 783 1270 praevio
796 1215 950 1254 sacrorum
969 1199 1082 1254 Pedum
1101 1200 1237 1253 Tuorum
1259 1198 1376 1267 osculo,

284 1265 449 1322 humillime
462 1267 599 1342 exponit:

99 1375 188 1434 species
213 1433 217 1440 .
320 1360 522 1418 Ordinariatus
538 1363 682 1435 praefatae
705 1364 886 1424 Dioeceseos.
901 1380 983 1419 secus
1005 1363 1093 1438 atque
1106 1364 1137 1418 in
1149 1363 1377 1420 Vindobonensi

66 1432 136 1500 sacta.
154 1430 228 1480 orda·
284 1430 475 1489 ecclesiastica
502 1433 652 1508 provincia
683 1435 719 1489 ad
747 1452 837 1507 quam
863 1433 1055 1509 Eiscopatus
1088 1434 1186 1490 Sancti
1217 1432 1377 1507 Hippolyti

70 1490 204 1596 mm&
284 1515 401 1576 spectat,
416 1503 508 1560 immo
530 1516 563 1561 et·
573 1519 674 1561 contra
697 1522 811 1562 morem
824 1506 854 1561 in
868 1452 918 1561 ilfa
939 1506 1064 1564 dioecesi
1078 1504 1377 1579 hucusque'paciiice

68 1607 201 1664 pamma„
284 1587 439 1644 retentum,
456 1593 472 1630 a
487 1577 639 1650 Religiosis
652 1576 797 1632 minoritis
810 1577 841 1632 in
854 1577 1008 1634 Conventa
1028 1577 1120 1652 ipsius
1134 1576 1255 1633 civitatis
1268 1578 1377 1648 degen-

71 1641 212 1711 examinari
283 1645 360 1702 tibus
386 1646 482 1720 exigit,
507 1660 539 1703 ut
553 1648 746 1704 exhibeantur
766 1648 821 1704 sibi
843 1647 909 1704 libri
933 1648 1037 1706 Missas
1059 1648 1211 1706 manuales
1230 1648 1377 1705 Coenobii

71 1721 201 1789 vultlthros
283 1716 475 1786 continentes
502 1733 591 1792 atque
609 1720 795 1775 subsecutam
813 1719 974 1776 earundem
997 1719 1233 1794 applicationem,
1257 1719 1377 1792 hocque

71 1779 206 1881 M¹⁸⁵a⁷l²im
283 1787 395 1846 ratione
416 1790 565 1864 paroeciae
606 1809 674 1846 uam
697 1790 756 1846 illic
778 1790 879 1847 fratres
892 1790 1011 1848 Ordinis
1027 1792 1177 1848 Minorum
1192 1791 1377 1847 Monasterio

59 1849 225 1887 ‘mmmm'
283 1877 427 1918 annexam
450 1861 567 1919 habent.
581 1809 728 1930 attamen,
753 1879 821 1917 cum
835 1862 871 1917 de
884 1878 915 1917 re
936 1876 1039 1934 agatur
1061 1861 1227 1936 paroeciam
1249 1873 1278 1916 et
1290 1860 1377 1918 iuris-

283 1931 442 1989 dictionem
465 1934 489 1990 E
511 1933 601 2008 iscopi
622 1933 787 1989 nullimode
808 1933 983 2006 respicienti,
1004 1951 1100 2005 neque
1122 1950 1218 1989 sermo
1237 1932 1325 1989 fuerit
1339 1936 1383 1991 de

209 2044 212 2050 .
283 2003 454 2089 applicanda
470 1951 560 2060 Nfissa
572 2022 626 2078 pro
639 2003 752 2078 populo
767 2003 865 2060 aliisve
877 2005 1014 2060 oneribus
1027 2004 1243 2078 parochialibus
1257 2004 1378 2078 explen-

283 2075 347 2144 d1s3'
360 2075 419 2148 ipse
433 2075 629 2143 Guardianus‚
646 2094 706 2130 non
727 2075 884 2131 Ordinario
907 2076 1097 2136 Dioecesan0.
1114 2076 1165 2132 sed
1181 2075 1377 2148 Regularibus

285 2146 432 2216 Praelatis,
444 2146 588 2204 rationem
600 2149 636 2204 de
645 2146 741 2203 Missis
752 2146 939 2203 manualibus
948 2149 1043 2210 debet,
1052 2148 1089 2202 ad
1100 2164 1236 2202 normam
1246 2149 1375 2220 Aposto-

283 2218 406 2274 licarum
432 2213 686 2274 Constitutionum
710 2231 799 2291 atque
824 2218 1006 2289 generalium
1030 2218 1149 2274 Ordinis
1180 2218 1289 2290 legum,
1318 2236 1377 2274 suo

283 2303 414 2363 tempore
427 2289 574 2346 exhibere.

320 2385 386 2441 Hoc
405 2396 503 2442 autem
516 2384 579 2441 loco
600 2383 867 2440 Constitutionibus
880 2385 1067 2458 Apostolicae
1081 2385 1163 2440 Sedis
1185 2397 1214 2440 et
1223 2385 1375 2513 seraphici

284 2456 410 2512 Instituti
437 2456 561 2525 omissis,
588 2473 663 2527 quae
688 2456 871 2529 vigilantiam
898 2474 984 2529 super
1011 2457 1170 2513 Missarum
1196 2456 1375 2515 moniaium

282 2526 477 2584 celebratione
493 2528 681 2600 Regularium
697 2527 835 2589 Praelatis
854 2528 1050 2597 committunt,
1065 2528 1191 2601 ideoque
1204 2528 1281 2584 hanc
1293 2530 1375 2585 solli-

282 2599 441 2656 citudinem
455 2600 490 2654 ab
505 2599 662 2655 Ordinatio
685 2599 819 2655 locorum
842 2616 979 2655 avocasse
993 2600 1173 2671 probantum
1187 2598 1312 2655 sufficiat
1323 2601 1373 2657 hic

282 2670 485 2726 auctoritatem
497 2671 649 2726 clarissimi
662 2670 714 2726 viri
728 2670 833 2743 Angeli
850 2669 963 2739 Lucidi,
978 2670 1029 2744 qui
1043 2688 1112 2727 cum
1125 2670 1189 2726 aliis
1202 2672 1374 2729 auctoribus

282 2752 311 2796 et
337 2742 494 2797 canonistis
519 2742 549 2797 in
573 2758 661 2815 opere
689 2762 704 2793 κ
727 2742 775 2797 De
807 2740 983 2797 Visitatione
1004 2759 1160 2797 sacrorum
1179 2742 1335 2799 Limirrum
1357 2767 1374 2795 a

284 2815 394 2869 Romae
420 2830 498 2868 anno
530 2813 614 2878 1866,
635 2812 674 2867 ita
702 2814 738 2867 ad
763 2829 826 2868 rem
850 2812 983 2885 loquitur
1004 2813 1034 2868 in
1058 2814 1126 2870 Vol.
1155 2816 1193 2869 ll.
1219 2814 1291 2887 Cap.
1317 2816 1372 2880 lV,

282 2885 416 2957 Appepd.
429 2888 482 2949 ΙΙΙ,
496 2902 578 2940 num.
592 2884 636 2948 05.
647 2884 701 2959 .X[·
714 2901 803 2956 agens
815 2884 851 2938 de
866 2883 900 2938 iis
911 2883 941 2938 in
951 2884 1058 2956 quibus
1075 2883 1233 2957 Regulares
1246 2886 1372 2958 exempti

282 2956 449 3012 nullatenus
464 2949 615 3028 Episcopis
630 2955 807 3020 subduntur,
823 2954 879 3011 ait:
896 2976 912 3005 «
926 2957 994 3011 Non
1007 2969 1131 3028 possunt
1147 2955 1308 3027 (Episcopi)
1322 2974 1372 3013 eos

281 3050 298 3079 «
317 3028 498 3099 (Regulares)
513 3026 688 3099 compellere
700 3026 736 3081 ad
750 3026 929 3082 exhibendos
942 3026 1032 3083 libros
1052 3025 1207 3094 sacristiae,
1219 3026 1250 3081 in
1262 3027 1372 3099 quibus

282 3098 494 3154 «adnotantur
515 3098 725 3167 celebrationes
751 3097 919 3165 Missarum,
934 3109 967 3153 ut
990 3098 1058 3153 inde
1081 3108 1214 3154 constare
1229 3098 1321 3170 possit
1335 3100 1372 3154 de

282 3192 298 3241 a
316 3170 428 3243 integra
454 3169 650 3225 satisfactione
675 3168 864 3241 obligationis
890 3169 1004 3225 debitae
1032 3187 1066 3226 ex
1097 3170 1207 3241 Legato
1234 3169 1303 3242 pio;
1337 3168 1372 3225 ex

281 3264 297 3293 «
319 3243 440 3297 Decreto
455 3242 589 3297 laudatae
604 3240 846 3321 Congregationis
860 3240 1006 3313 (Concilii)
1018 3240 1047 3296 in
1061 3240 1236 3296 Urbinaten.
1252 3258 1282 3296 10
1297 3258 1373 3295 mar·

282 3335 298 3365 «
316 3312 349 3368 tii
365 3314 430 3369 1663
444 3312 481 3367 ad
495 3330 560 3385 cap.
578 3312 618 3380 18,
633 3312 765 3369 Trident.
780 3328 850 3367 sess.
861 3328 908 3387 pr,
924 3312 974 3367 lib.
991 3314 1034 3369 23.
1050 3313 1127 3368 decr.
1144 3330 1173 3385 p.
1187 3312 1251 3382 456.
1267 3333 1283 3362 »

86 3412 197 3478 'Supplex
319 3410 420 3481 ltaque
433 3406 616 3463 humillimus
628 3418 735 3475 orator,
751 3424 853 3479 pacem
867 3422 935 3465 cum
950 3408 1088 3463 omnibus
1102 3408 1289 3480 maximeque
1302 3426 1372 3464 cum

70 3470 167 3517 trtellus.
282 3478 469 3535 Ordinariatu
484 3478 540 3535 loci
554 3478 697 3549 integram
719 3495 833 3533 servare
854 3478 985 3551 cupiens.
1000 3496 1097 3551 neque
1115 3478 1235 3534 Ordinis
1256 3479 1370 3548 iuribus

282 3568 357 3624 quae
370 3549 556 3623 Apostolicae
576 3550 658 3605 Sedis
671 3562 739 3604 sunt
761 3548 825 3605 iura
845 3550 947 3605 volens
966 3562 1016 3605 aut
1034 3562 1138 3624 potens
1157 3548 1260 3605 afferre
1279 3567 1371 3606 nocu»
1407 3574 1411 3577 ·

282 3634 433 3689 mentum;
456 3621 540 3677 enixe
564 3621 753 3677 sanctitatem
776 3621 873 3675 Tuam
885 3632 978 3693 rogat,
1001 3634 1035 3677 ut
1057 3620 1199 3692 significet
1222 3621 1370 3695 Episcopo

269 3693 394 3751 nullam
415 3692 468 3749 sibi
482 3692 628 3749 vindicare
651 3707 736 3765 posse
750 3691 961 3765 inspectionem
974 3710 1060 3766 super
1076 3692 1234 3748 Missarum
1258 3696 1370 3749 moaia·

281 3762 354 3821 lium
366 3764 567 3837 implemento,
582 3781 650 3819 cum
662 3762 832 3835 Apostolica
845 3764 933 3819 Sedes
946 3763 1092 3820 ordinavit
1104 3763 1180 3819 hanc
1189 3762 1370 3835 vigilantiam

284 3835 469 3893 Praesulibus
480 3834 668 3907 Regularium
678 3846 883 3907 exemptorum
892 3834 979 3891 unice
989 3847 1164 3908 competere.
1175 3835 1212 3891 Et
1224 3836 1303 3891 Deus
1312 3849 1369 3893 etc.

317 3935 405 3989 Sacra
418 3932 612 4005 Congregatio
627 3932 737 3985 Emorum
758 3943 787 3986 et
801 3932 911 3985 pmorum
925 3933 956 3989 S.
973 3935 1008 3990 R.
1024 3931 1226 3989 Cardinalium
1244 3932 1370 4005 negotiis

281 4002 696 4076 etconsultationibusEpisco
717 4019 805 4059 orum
813 4015 841 4059 et
850 4003 1040 4079 Regularium
1048 4002 1370 4078 praeposita,0mnibus

281 4086 394 4132 mature
408 4074 556 4149 perpensis
571 4074 668 4146 quoad
690 4021 814 4130 <fabium
826 4074 1012 4157 propositum
1026 4095 1043 4130 a
1067 4078 1100 4131 Ρ.
1115 4074 1272 4148 superiore
1291 4076 1370 4131 Con-

280 4160 383 4205 ventus
405 4146 545 4203 Fratrum
568 4143 719 4202 Minorum
740 4146 771 4200 in
784 4145 898 4204 civitate
912 4150 942 4205 S.
958 4145 1113 4221 Hippolyti
1132 4146 1289 4218 existentia,
1311 4162 1370 4203 res·

280 4218 403 4292 ponderi
416 4216 573 4287 mandavit,
586 4230 674 4290 prout
688 4217 840 4289 sequitur:
