<?xml version="1.0" encoding="UTF-8"?>
<!DOCTYPE html PUBLIC "-//W3C//DTD XHTML 1.0 Transitional//EN"
    "http://www.w3.org/TR/xhtml1/DTD/xhtml1-transitional.dtd">
<html xmlns="http://www.w3.org/1999/xhtml" xml:lang="en" lang="en">
 <head>
  <title>
</title>
<meta http-equiv="Content-Type" content="text/html;charset=utf-8" />
  <meta name='ocr-system' content='tesseract 3.04.00' />
  <meta name='ocr-capabilities' content='ocr_page ocr_carea ocr_par ocr_line ocrx_word'/>
</head>
<body>
  <div class='ocr_page' id='page_1' title='image "./dereligiosisins01vermgoog_0101.png"; bbox 0 0 2959 4900; ppageno 0'>
   <div class='ocr_carea' id='block_1_1' title="bbox 67 256 1152 339">
    <p class='ocr_par' dir='ltr' id='par_1_1' title="bbox 67 256 1152 339">
     <span class='ocr_line' id='line_1_1' title="bbox 67 256 1152 339; baseline 0.002 -23"><span class='ocrx_word' id='word_1_1' title='bbox 67 256 127 339; x_wconf 72' lang='lat'>[33]</span> <span class='ocrx_word' id='word_1_2' title='bbox 162 281 237 318; x_wconf 73' lang='lat' dir='ltr'>sese.</span> <span class='ocrx_word' id='word_1_3' title='bbox 259 279 347 326; x_wconf 79' lang='lat' dir='ltr'>r11rx,</span> <span class='ocrx_word' id='word_1_4' title='bbox 365 275 430 326; x_wconf 81' lang='lat'>1875,</span> <span class='ocrx_word' id='word_1_5' title='bbox 447 282 484 316; x_wconf 82' lang='lat' dir='ltr'>na</span> <span class='ocrx_word' id='word_1_6' title='bbox 499 281 569 317; x_wconf 80' lang='lat' dir='ltr'>vocs</span> <span class='ocrx_word' id='word_1_7' title='bbox 585 281 684 318; x_wconf 75' lang='lat' dir='ltr'>acrrva</span> <span class='ocrx_word' id='word_1_8' title='bbox 700 282 897 319; x_wconf 77' lang='lat' dir='ltr'>rnorsssonun</span> <span class='ocrx_word' id='word_1_9' title='bbox 912 283 973 321; x_wconf 88' lang='lat' dir='ltr'>vor.</span> <span class='ocrx_word' id='word_1_10' title='bbox 990 282 1080 321; x_wconf 79' lang='lat' dir='ltr'>srnrn.</span> <span class='ocrx_word' id='word_1_11' title='bbox 1113 260 1152 325; x_wconf 84' lang='grc'>93</span> 
     </span>
    </p>
   </div>
   <div class='ocr_carea' id='block_1_2' title="bbox 68 469 1154 604">
    <p class='ocr_par' dir='ltr' id='par_1_2' title="bbox 68 469 1154 604">
     <span class='ocr_line' id='line_1_2' title="bbox 68 469 1154 604; baseline 0.001 -30"><span class='ocrx_word' id='word_1_12' title='bbox 68 493 131 576; x_wconf 85' lang='grc'>33.</span> <span class='ocrx_word' id='word_1_13' title='bbox 157 469 199 553; x_wconf 74' lang='grc'>’-</span> <span class='ocrx_word' id='word_1_14' title='bbox 222 489 270 575; x_wconf 83' lang='lat' dir='ltr'>rv</span> <span class='ocrx_word' id='word_1_15' title='bbox 297 480 334 574; x_wconf 82' lang='lat' dir='ltr'>ni</span> <span class='ocrx_word' id='word_1_16' title='bbox 362 498 449 580; x_wconf 70' lang='lat' dir='ltr'>seu?</span> <span class='ocrx_word' id='word_1_17' title='bbox 466 506 500 578; x_wconf 89' lang='lat' dir='ltr'>s.</span> <span class='ocrx_word' id='word_1_18' title='bbox 527 508 558 574; x_wconf 87' lang='lat' dir='ltr'>c.</span> <span class='ocrx_word' id='word_1_19' title='bbox 585 506 715 604; x_wconf 77' lang='lat' dir='ltr'>suern</span> <span class='ocrx_word' id='word_1_20' title='bbox 745 469 877 578; x_wconf 74' lang='lat' dir='ltr'>statu</span> <span class='ocrx_word' id='word_1_21' title='bbox 904 506 1154 578; x_wconf 71' lang='lat' dir='ltr'>stantunus</span> 
     </span>
    </p>
   </div>
   <div class='ocr_carea' id='block_1_3' title="bbox 232 713 987 770">
    <p class='ocr_par' dir='ltr' id='par_1_3' title="bbox 232 713 987 770">
     <span class='ocr_line' id='line_1_3' title="bbox 232 713 987 770; baseline 0.001 -1"><span class='ocrx_word' id='word_1_22' title='bbox 232 713 474 769; x_wconf 80' lang='lat' dir='ltr'><strong><em>RESPONSUM</em></strong></span> <span class='ocrx_word' id='word_1_23' title='bbox 491 715 534 769; x_wconf 90' lang='grc'>20</span> <span class='ocrx_word' id='word_1_24' title='bbox 550 713 758 770; x_wconf 78' lang='lat' dir='ltr'>AUGUSTI-1</span> <span class='ocrx_word' id='word_1_25' title='bbox 776 715 884 770; x_wconf 78' lang='lat' dir='ltr'>SRPT.</span> <span class='ocrx_word' id='word_1_26' title='bbox 906 715 987 770; x_wconf 81' lang='lat'><strong><em>1875</em></strong></span> 
     </span>
    </p>
   </div>
   <div class='ocr_carea' id='block_1_4' title="bbox 124 892 1093 965">
    <p class='ocr_par' dir='ltr' id='par_1_4' title="bbox 124 892 1093 965">
     <span class='ocr_line' id='line_1_4' title="bbox 124 892 1093 965; baseline 0.001 -18"><span class='ocrx_word' id='word_1_27' title='bbox 124 892 180 947; x_wconf 87' lang='lat' dir='ltr'>De</span> <span class='ocrx_word' id='word_1_28' title='bbox 198 907 287 949; x_wconf 87' lang='lat' dir='ltr'>voce</span> <span class='ocrx_word' id='word_1_29' title='bbox 306 893 424 950; x_wconf 79' lang='lat' dir='ltr'>activa</span> <span class='ocrx_word' id='word_1_30' title='bbox 443 893 683 965; x_wconf 75' lang='lat' dir='ltr'>professorum</span> <span class='ocrx_word' id='word_1_31' title='bbox 701 895 866 950; x_wconf 86' lang='lat' dir='ltr'>votorum</span> <span class='ocrx_word' id='word_1_32' title='bbox 884 892 1093 965; x_wconf 83' lang='lat' dir='ltr'>simplicium</span> 
     </span>
    </p>
   </div>
   <div class='ocr_carea' id='block_1_5' title="bbox 71 1086 1157 1376">
    <p class='ocr_par' dir='ltr' id='par_1_5' title="bbox 71 1086 1157 1376">
     <span class='ocr_line' id='line_1_5' title="bbox 103 1086 1157 1157; baseline 0.001 -15"><span class='ocrx_word' id='word_1_33' title='bbox 103 1089 152 1143; x_wconf 88' lang='lat' dir='ltr'>Fr.</span> <span class='ocrx_word' id='word_1_34' title='bbox 176 1086 375 1144; x_wconf 87' lang='lat' dir='ltr'>Bcrnardinus</span> <span class='ocrx_word' id='word_1_35' title='bbox 393 1107 409 1143; x_wconf 93' lang='lat' dir='ltr'>a</span> <span class='ocrx_word' id='word_1_36' title='bbox 432 1091 523 1144; x_wconf 88' lang='lat' dir='ltr'>Portu</span> <span class='ocrx_word' id='word_1_37' title='bbox 545 1089 711 1157; x_wconf 88' lang='lat' dir='ltr'>Romatino,</span> <span class='ocrx_word' id='word_1_38' title='bbox 730 1089 863 1145; x_wconf 90' lang='lat' dir='ltr'>Minister</span> <span class='ocrx_word' id='word_1_39' title='bbox 876 1089 1025 1148; x_wconf 88' lang='lat' dir='ltr'>Generalis</span> <span class='ocrx_word' id='word_1_40' title='bbox 1038 1089 1157 1146; x_wconf 85' lang='lat' dir='ltr'>Ordinis</span> 
     </span>
     <span class='ocr_line' id='line_1_6' title="bbox 73 1160 1157 1235; baseline 0.002 -21"><span class='ocrx_word' id='word_1_41' title='bbox 73 1160 233 1223; x_wconf 70' lang='lat' dir='ltr'>illitorum,</span> <span class='ocrx_word' id='word_1_42' title='bbox 251 1161 287 1214; x_wconf 90' lang='lat' dir='ltr'>ad</span> <span class='ocrx_word' id='word_1_43' title='bbox 305 1162 392 1233; x_wconf 90' lang='lat' dir='ltr'>pedes</span> <span class='ocrx_word' id='word_1_44' title='bbox 407 1161 437 1216; x_wconf 89' lang='lat' dir='ltr'>S.</span> <span class='ocrx_word' id='word_1_45' title='bbox 453 1161 489 1218; x_wconf 88' lang='lat' dir='ltr'>V.</span> <span class='ocrx_word' id='word_1_46' title='bbox 506 1160 671 1217; x_wconf 88' lang='lat' dir='ltr'>humillime</span> <span class='ocrx_word' id='word_1_47' title='bbox 686 1161 868 1234; x_wconf 82' lang='lat' dir='ltr'>provolutus,</span> <span class='ocrx_word' id='word_1_48' title='bbox 884 1160 1013 1235; x_wconf 88' lang='lat' dir='ltr'>postulat</span> <span class='ocrx_word' id='word_1_49' title='bbox 1031 1161 1157 1218; x_wconf 90' lang='lat' dir='ltr'>declara·</span> 
     </span>
     <span class='ocr_line' id='line_1_7' title="bbox 72 1231 1157 1306; baseline 0.004 -22"><span class='ocrx_word' id='word_1_50' title='bbox 72 1231 179 1287; x_wconf 89' lang='lat' dir='ltr'>tionem</span> <span class='ocrx_word' id='word_1_51' title='bbox 208 1233 245 1286; x_wconf 91' lang='lat' dir='ltr'>ad</span> <span class='ocrx_word' id='word_1_52' title='bbox 273 1248 398 1304; x_wconf 89' lang='lat' dir='ltr'>sequens</span> <span class='ocrx_word' id='word_1_53' title='bbox 424 1231 549 1287; x_wconf 93' lang='lat' dir='ltr'>dubium</span> <span class='ocrx_word' id='word_1_54' title='bbox 568 1233 643 1289; x_wconf 91' lang='lat' dir='ltr'>circa</span> <span class='ocrx_word' id='word_1_55' title='bbox 669 1233 733 1288; x_wconf 92' lang='lat' dir='ltr'>iura</span> <span class='ocrx_word' id='word_1_56' title='bbox 757 1250 832 1306; x_wconf 86' lang='lat' dir='ltr'>quae</span> <span class='ocrx_word' id='word_1_57' title='bbox 859 1232 995 1305; x_wconf 86' lang='lat' dir='ltr'>professis</span> <span class='ocrx_word' id='word_1_58' title='bbox 1019 1247 1157 1289; x_wconf 87' lang='lat' dir='ltr'>votorum</span> 
     </span>
     <span class='ocr_line' id='line_1_8' title="bbox 71 1302 993 1376; baseline 0.003 -20"><span class='ocrx_word' id='word_1_59' title='bbox 71 1302 434 1376; x_wconf 89' lang='lat' dir='ltr'>simpliciumcompetunt.</span> <span class='ocrx_word' id='word_1_60' title='bbox 990 1321 993 1330; x_wconf 86' lang='lat'><em>·</em></span> 
     </span>
    </p>
   </div>
   <div class='ocr_carea' id='block_1_6' title="bbox 70 1399 1158 1762">
    <p class='ocr_par' dir='ltr' id='par_1_6' title="bbox 70 1399 1158 1762">
     <span class='ocr_line' id='line_1_9' title="bbox 103 1399 1158 1483; baseline 0.001 -29"><span class='ocrx_word' id='word_1_61' title='bbox 103 1400 148 1454; x_wconf 84' lang='lat' dir='ltr'>Ad</span> <span class='ocrx_word' id='word_1_62' title='bbox 168 1416 200 1455; x_wconf 86' lang='lat' dir='ltr'>n.</span> <span class='ocrx_word' id='word_1_63' title='bbox 220 1401 272 1457; x_wconf 86' lang='lat' dir='ltr'>Vl.</span> <span class='ocrx_word' id='word_1_64' title='bbox 290 1399 522 1457; x_wconf 81' lang='lat' dir='ltr'>declarationum</span> <span class='ocrx_word' id='word_1_65' title='bbox 536 1417 623 1483; x_wconf 90' lang='lat' dir='ltr'>super</span> <span class='ocrx_word' id='word_1_66' title='bbox 644 1402 718 1456; x_wconf 90' lang='lat' dir='ltr'>votis</span> <span class='ocrx_word' id='word_1_67' title='bbox 738 1400 919 1474; x_wconf 84' lang='lat' dir='ltr'>simplicibus</span> <span class='ocrx_word' id='word_1_68' title='bbox 938 1419 954 1456; x_wconf 93' lang='lat' dir='ltr'>a</span> <span class='ocrx_word' id='word_1_69' title='bbox 974 1402 1004 1456; x_wconf 86' lang='lat' dir='ltr'>S.</span> <span class='ocrx_word' id='word_1_70' title='bbox 1024 1400 1056 1457; x_wconf 88' lang='lat' dir='ltr'>C.</span> <span class='ocrx_word' id='word_1_71' title='bbox 1071 1417 1158 1474; x_wconf 92' lang='lat' dir='ltr'>super</span> 
     </span>
     <span class='ocr_line' id='line_1_10' title="bbox 74 1471 1158 1544; baseline 0 -18"><span class='ocrx_word' id='word_1_72' title='bbox 74 1472 148 1526; x_wconf 84' lang='lat' dir='ltr'>Statu</span> <span class='ocrx_word' id='word_1_73' title='bbox 172 1472 363 1544; x_wconf 82' lang='lat' dir='ltr'>Regularium</span> <span class='ocrx_word' id='word_1_74' title='bbox 388 1471 434 1527; x_wconf 90' lang='lat' dir='ltr'>die</span> <span class='ocrx_word' id='word_1_75' title='bbox 463 1493 493 1528; x_wconf 89' lang='lat'>12</span> <span class='ocrx_word' id='word_1_76' title='bbox 517 1471 590 1528; x_wconf 81' lang='lat' dir='ltr'>iunii</span> <span class='ocrx_word' id='word_1_77' title='bbox 618 1474 683 1528; x_wconf 80' lang='lat'>1858</span> <span class='ocrx_word' id='word_1_78' title='bbox 706 1472 861 1538; x_wconf 86' lang='lat' dir='ltr'>editarum,</span> <span class='ocrx_word' id='word_1_79' title='bbox 881 1473 1057 1542; x_wconf 87' lang='lat' dir='ltr'>decernitur,</span> <span class='ocrx_word' id='word_1_80' title='bbox 1078 1473 1158 1544; x_wconf 92' lang='lat' dir='ltr'>quod</span> 
     </span>
     <span class='ocr_line' id='line_1_11' title="bbox 70 1544 1157 1618; baseline 0.004 -22"><span class='ocrx_word' id='word_1_81' title='bbox 70 1544 195 1615; x_wconf 87' lang='lat' dir='ltr'>professi</span> <span class='ocrx_word' id='word_1_82' title='bbox 217 1544 362 1599; x_wconf 90' lang='lat' dir='ltr'>dictorum</span> <span class='ocrx_word' id='word_1_83' title='bbox 383 1555 516 1600; x_wconf 83' lang='lat' dir='ltr'>votorum</span> <span class='ocrx_word' id='word_1_84' title='bbox 535 1544 716 1618; x_wconf 87' lang='lat' dir='ltr'>simplicium</span> <span class='ocrx_word' id='word_1_85' title='bbox 739 1544 903 1618; x_wconf 82' lang='lat' dir='ltr'>participes</span> <span class='ocrx_word' id='word_1_86' title='bbox 922 1555 1010 1600; x_wconf 91' lang='lat' dir='ltr'>erunt</span> <span class='ocrx_word' id='word_1_87' title='bbox 1026 1545 1157 1600; x_wconf 88' lang='lat' dir='ltr'>omnium</span> 
     </span>
     <span class='ocr_line' id='line_1_12' title="bbox 72 1614 1158 1690; baseline 0.001 -21"><span class='ocrx_word' id='word_1_88' title='bbox 72 1616 242 1687; x_wconf 71' lang='lat' dir='ltr'>gratiarum</span> <span class='ocrx_word' id='word_1_89' title='bbox 263 1626 290 1671; x_wconf 89' lang='lat' dir='ltr'>et</span> <span class='ocrx_word' id='word_1_90' title='bbox 305 1616 538 1689; x_wconf 79' lang='lat' dir='ltr'>privilegiorum</span> <span class='ocrx_word' id='word_1_91' title='bbox 558 1617 663 1690; x_wconf 85' lang='lat' dir='ltr'>quibus</span> <span class='ocrx_word' id='word_1_92' title='bbox 673 1616 804 1690; x_wconf 74' lang='lat' dir='ltr'>professi</span> <span class='ocrx_word' id='word_1_93' title='bbox 818 1627 951 1674; x_wconf 77' lang='lat' dir='ltr'>rotarum</span> <span class='ocrx_word' id='word_1_94' title='bbox 970 1614 1158 1672; x_wconf 83' lang='lat' dir='ltr'>sollemnium</span> 
     </span>
     <span class='ocr_line' id='line_1_13' title="bbox 76 1687 1050 1762; baseline 0.002 -22"><span class='ocrx_word' id='word_1_95' title='bbox 76 1687 100 1741; x_wconf 91' lang='lat' dir='ltr'>in</span> <span class='ocrx_word' id='word_1_96' title='bbox 113 1698 279 1744; x_wconf 90' lang='lat' dir='ltr'>memorato</span> <span class='ocrx_word' id='word_1_97' title='bbox 294 1688 408 1743; x_wconf 82' lang='lat' dir='ltr'>Ordine</span> <span class='ocrx_word' id='word_1_98' title='bbox 422 1688 557 1761; x_wconf 77' lang='lat' dir='ltr'>legitime</span> <span class='ocrx_word' id='word_1_99' title='bbox 570 1698 699 1756; x_wconf 89' lang='lat' dir='ltr'>utuntur,</span> <span class='ocrx_word' id='word_1_100' title='bbox 710 1691 855 1752; x_wconf 78' lang='lat' dir='ltr'>fruuntur</span> <span class='ocrx_word' id='word_1_101' title='bbox 869 1698 897 1743; x_wconf 89' lang='lat' dir='ltr'>et</span> <span class='ocrx_word' id='word_1_102' title='bbox 906 1687 1050 1762; x_wconf 79' lang='lat' dir='ltr'>gaudent.</span> 
     </span>
    </p>
   </div>
   <div class='ocr_carea' id='block_1_7' title="bbox 76 1783 1161 2144">
    <p class='ocr_par' dir='ltr' id='par_1_7' title="bbox 76 1783 1161 2144">
     <span class='ocr_line' id='line_1_14' title="bbox 106 1783 1161 1857; baseline 0.002 -19"><span class='ocrx_word' id='word_1_103' title='bbox 106 1785 150 1838; x_wconf 81' lang='lat' dir='ltr'>Ad</span> <span class='ocrx_word' id='word_1_104' title='bbox 162 1802 193 1840; x_wconf 89' lang='lat' dir='ltr'>n.</span> <span class='ocrx_word' id='word_1_105' title='bbox 205 1785 289 1839; x_wconf 88' lang='lat' dir='ltr'>Vlll.</span> <span class='ocrx_word' id='word_1_106' title='bbox 301 1796 399 1842; x_wconf 90' lang='lat' dir='ltr'>autem</span> <span class='ocrx_word' id='word_1_107' title='bbox 409 1784 542 1840; x_wconf 88' lang='lat' dir='ltr'>additur:</span> <span class='ocrx_word' id='word_1_108' title='bbox 557 1784 641 1838; x_wconf 87' lang='lat' dir='ltr'>Anni</span> <span class='ocrx_word' id='word_1_109' title='bbox 646 1783 842 1856; x_wconf 83' lang='lat' dir='ltr'>professionis</span> <span class='ocrx_word' id='word_1_110' title='bbox 851 1783 904 1857; x_wconf 87' lang='lat' dir='ltr'>qui</span> <span class='ocrx_word' id='word_1_111' title='bbox 916 1784 945 1838; x_wconf 91' lang='lat' dir='ltr'>in</span> <span class='ocrx_word' id='word_1_112' title='bbox 957 1783 1034 1840; x_wconf 90' lang='lat' dir='ltr'>dicto</span> <span class='ocrx_word' id='word_1_113' title='bbox 1046 1783 1161 1840; x_wconf 85' lang='lat' dir='ltr'>Ordine</span> 
     </span>
     <span class='ocr_line' id='line_1_15' title="bbox 76 1854 1159 1931; baseline 0.001 -23"><span class='ocrx_word' id='word_1_114' title='bbox 76 1873 104 1910; x_wconf 91' lang='lat' dir='ltr'>re</span> <span class='ocrx_word' id='word_1_115' title='bbox 123 1857 265 1911; x_wconf 86' lang='lat' dir='ltr'>uiruntnr</span> <span class='ocrx_word' id='word_1_116' title='bbox 285 1866 315 1910; x_wconf 89' lang='lat' dir='ltr'>ut</span> <span class='ocrx_word' id='word_1_117' title='bbox 333 1857 398 1929; x_wconf 88' lang='lat' dir='ltr'>quis</span> <span class='ocrx_word' id='word_1_118' title='bbox 414 1873 483 1910; x_wconf 87' lang='lat' dir='ltr'>voce</span> <span class='ocrx_word' id='word_1_119' title='bbox 501 1855 600 1911; x_wconf 85' lang='lat' dir='ltr'>activa</span> <span class='ocrx_word' id='word_1_120' title='bbox 619 1865 648 1911; x_wconf 91' lang='lat' dir='ltr'>et</span> <span class='ocrx_word' id='word_1_121' title='bbox 661 1855 784 1928; x_wconf 80' lang='lat' dir='ltr'>passiva</span> <span class='ocrx_word' id='word_1_122' title='bbox 803 1855 947 1928; x_wconf 79' lang='lat' dir='ltr'>gaudeat,</span> <span class='ocrx_word' id='word_1_123' title='bbox 964 1866 992 1912; x_wconf 89' lang='lat' dir='ltr'>et</span> <span class='ocrx_word' id='word_1_124' title='bbox 1009 1856 1050 1911; x_wconf 95' lang='lat' dir='ltr'>ad</span> <span class='ocrx_word' id='word_1_125' title='bbox 1062 1854 1159 1931; x_wconf 86' lang='lat' dir='ltr'>officia</span> 
     </span>
     <span class='ocr_line' id='line_1_16' title="bbox 76 1925 1160 2001; baseline -0.001 -19"><span class='ocrx_word' id='word_1_126' title='bbox 76 1945 91 1982; x_wconf 93' lang='lat' dir='ltr'>a</span> <span class='ocrx_word' id='word_1_127' title='bbox 112 1929 189 1982; x_wconf 88' lang='lat' dir='ltr'>mitti</span> <span class='ocrx_word' id='word_1_128' title='bbox 198 1927 302 2001; x_wconf 81' lang='lat' dir='ltr'>possit,</span> <span class='ocrx_word' id='word_1_129' title='bbox 318 1946 336 1983; x_wconf 90' lang='lat' dir='ltr'>a</span> <span class='ocrx_word' id='word_1_130' title='bbox 350 1929 398 1982; x_wconf 88' lang='lat' dir='ltr'>die</span> <span class='ocrx_word' id='word_1_131' title='bbox 411 1928 578 1984; x_wconf 81' lang='lat' dir='ltr'>emissionis</span> <span class='ocrx_word' id='word_1_132' title='bbox 591 1937 725 1982; x_wconf 87' lang='lat' dir='ltr'>vatorum</span> <span class='ocrx_word' id='word_1_133' title='bbox 738 1925 919 1999; x_wconf 86' lang='lat' dir='ltr'>simplicium</span> <span class='ocrx_word' id='word_1_134' title='bbox 934 1937 1137 2000; x_wconf 86' lang='lat' dir='ltr'>computentur</span> <span class='ocrx_word' id='word_1_135' title='bbox 1150 1944 1160 1992; x_wconf 90' lang='grc'>,·</span> 
     </span>
     <span class='ocr_line' id='line_1_17' title="bbox 77 1998 1160 2073; baseline 0.001 -21"><span class='ocrx_word' id='word_1_136' title='bbox 77 2010 101 2052; x_wconf 89' lang='lat' dir='ltr'>et</span> <span class='ocrx_word' id='word_1_137' title='bbox 108 2000 238 2072; x_wconf 78' lang='lat' dir='ltr'>professi</span> <span class='ocrx_word' id='word_1_138' title='bbox 249 2009 381 2068; x_wconf 83' lang='lat' dir='ltr'>votorum</span> <span class='ocrx_word' id='word_1_139' title='bbox 394 1999 575 2073; x_wconf 87' lang='lat' dir='ltr'>simplicium</span> <span class='ocrx_word' id='word_1_140' title='bbox 590 1999 771 2072; x_wconf 77' lang='lat' dir='ltr'>suffragium</span> <span class='ocrx_word' id='word_1_141' title='bbox 785 1998 914 2054; x_wconf 84' lang='lat' dir='ltr'>habeant</span> <span class='ocrx_word' id='word_1_142' title='bbox 924 1998 954 2054; x_wconf 90' lang='lat' dir='ltr'>in</span> <span class='ocrx_word' id='word_1_143' title='bbox 965 1998 1039 2054; x_wconf 89' lang='lat' dir='ltr'>actis</span> <span class='ocrx_word' id='word_1_144' title='bbox 1050 1998 1160 2070; x_wconf 85' lang='lat' dir='ltr'>capitu-</span> 
     </span>
     <span class='ocr_line' id='line_1_18' title="bbox 78 2069 1159 2144; baseline 0.002 -21"><span class='ocrx_word' id='word_1_145' title='bbox 78 2071 185 2127; x_wconf 85' lang='lat' dir='ltr'>laribus</span> <span class='ocrx_word' id='word_1_146' title='bbox 195 2071 244 2126; x_wconf 90' lang='lat' dir='ltr'>sui</span> <span class='ocrx_word' id='word_1_147' title='bbox 251 2082 417 2136; x_wconf 80' lang='lat' dir='ltr'>conventus,</span> <span class='ocrx_word' id='word_1_148' title='bbox 425 2082 568 2144; x_wconf 84' lang='lat' dir='ltr'>quatenns</span> <span class='ocrx_word' id='word_1_149' title='bbox 579 2070 819 2143; x_wconf 86' lang='lat' dir='ltr'>etpronthabent</span> <span class='ocrx_word' id='word_1_150' title='bbox 828 2069 1012 2126; x_wconf 83' lang='lat' dir='ltr'>sollemniter</span> <span class='ocrx_word' id='word_1_151' title='bbox 1021 2069 1159 2144; x_wconf 77' lang='lat' dir='ltr'>professi.</span> 
     </span>
    </p>
   </div>
   <div class='ocr_carea' id='block_1_8' title="bbox 1212 1412 1370 1633">
    <p class='ocr_par' dir='ltr' id='par_1_8' title="bbox 1212 1412 1370 1633">
     <span class='ocr_line' id='line_1_19' title="bbox 1232 1412 1367 1459; baseline -0.022 0"><span class='ocrx_word' id='word_1_152' title='bbox 1232 1412 1367 1459; x_wconf 72' lang='lat' dir='ltr'>anm·</span> 
     </span>
     <span class='ocr_line' id='line_1_20' title="bbox 1214 1467 1370 1516; baseline 0.006 -1"><span class='ocrx_word' id='word_1_153' title='bbox 1214 1475 1251 1516; x_wconf 79' lang='lat' dir='ltr'>tur</span> <span class='ocrx_word' id='word_1_154' title='bbox 1261 1469 1319 1516; x_wconf 85' lang='lat' dir='ltr'>duae</span> <span class='ocrx_word' id='word_1_155' title='bbox 1332 1467 1370 1516; x_wconf 80' lang='lat' dir='ltr'>dt-</span> 
     </span>
     <span class='ocr_line' id='line_1_21' title="bbox 1212 1529 1355 1576; baseline -0.028 -1"><span class='ocrx_word' id='word_1_156' title='bbox 1212 1529 1355 1576; x_wconf 79' lang='lat' dir='ltr'>rtaran&#39;oaes</span> 
     </span>
     <span class='ocr_line' id='line_1_22' title="bbox 1213 1591 1278 1633; baseline 0.015 -1"><span class='ocrx_word' id='word_1_157' title='bbox 1213 1591 1278 1633; x_wconf 72' lang='lat'><em>1858.</em></span> 
     </span>
    </p>
   </div>
   <div class='ocr_carea' id='block_1_9' title="bbox 109 2165 1218 2247">
    <p class='ocr_par' dir='ltr' id='par_1_9' title="bbox 109 2165 1218 2247">
     <span class='ocr_line' id='line_1_23' title="bbox 109 2165 1218 2247; baseline -0.002 -25"><span class='ocrx_word' id='word_1_158' title='bbox 109 2167 280 2247; x_wconf 76' lang='lat' dir='ltr'>Cumigitur</span> <span class='ocrx_word' id='word_1_159' title='bbox 290 2166 440 2222; x_wconf 89' lang='lat' dir='ltr'>concessio</span> <span class='ocrx_word' id='word_1_160' title='bbox 451 2167 480 2220; x_wconf 93' lang='lat' dir='ltr'>in</span> <span class='ocrx_word' id='word_1_161' title='bbox 490 2166 619 2245; x_wconf 85' lang='lat' dir='ltr'>favorem</span> <span class='ocrx_word' id='word_1_162' title='bbox 627 2165 826 2240; x_wconf 90' lang='lat' dir='ltr'>professorum</span> <span class='ocrx_word' id='word_1_163' title='bbox 839 2179 976 2222; x_wconf 91' lang='lat' dir='ltr'>votorum</span> <span class='ocrx_word' id='word_1_164' title='bbox 984 2165 1039 2220; x_wconf 91' lang='lat' dir='ltr'>sim</span> <span class='ocrx_word' id='word_1_165' title='bbox 1060 2165 1162 2221; x_wconf 91' lang='lat' dir='ltr'>licium</span> <span class='ocrx_word' id='word_1_166' title='bbox 1213 2197 1218 2204; x_wconf 81' lang='lat'><em>,</em></span> 
     </span>
    </p>
   </div>
   <div class='ocr_carea' id='block_1_10' title="bbox 78 2234 1161 2384">
    <p class='ocr_par' dir='ltr' id='par_1_10' title="bbox 78 2234 1161 2384">
     <span class='ocr_line' id='line_1_24' title="bbox 78 2234 1161 2311; baseline -0.003 -18"><span class='ocrx_word' id='word_1_167' title='bbox 78 2239 205 2308; x_wconf 81' lang='lat' dir='ltr'>generice</span> <span class='ocrx_word' id='word_1_168' title='bbox 217 2252 255 2294; x_wconf 80' lang='lat' dir='ltr'>stt</span> <span class='ocrx_word' id='word_1_169' title='bbox 265 2255 409 2311; x_wconf 83' lang='lat' dir='ltr'>expressa,</span> <span class='ocrx_word' id='word_1_170' title='bbox 422 2234 456 2294; x_wconf 83' lang='lat' dir='ltr'>ex</span> <span class='ocrx_word' id='word_1_171' title='bbox 466 2238 712 2293; x_wconf 80' lang='lat' dir='ltr'>declarationibus</span> <span class='ocrx_word' id='word_1_172' title='bbox 723 2237 820 2293; x_wconf 87' lang='lat' dir='ltr'>relatis</span> <span class='ocrx_word' id='word_1_173' title='bbox 831 2238 875 2294; x_wconf 92' lang='lat' dir='ltr'>ius</span> <span class='ocrx_word' id='word_1_174' title='bbox 886 2238 973 2294; x_wconf 90' lang='lat' dir='ltr'>etiam</span> <span class='ocrx_word' id='word_1_175' title='bbox 984 2253 1017 2293; x_wconf 90' lang='lat' dir='ltr'>su</span> <span class='ocrx_word' id='word_1_176' title='bbox 1042 2236 1161 2309; x_wconf 85' lang='lat' dir='ltr'>ragandi</span> 
     </span>
     <span class='ocr_line' id='line_1_25' title="bbox 80 2309 1160 2384; baseline 0.001 -22"><span class='ocrx_word' id='word_1_177' title='bbox 80 2310 105 2364; x_wconf 90' lang='lat' dir='ltr'>in</span> <span class='ocrx_word' id='word_1_178' title='bbox 115 2310 300 2366; x_wconf 82' lang='lat' dir='ltr'>noviciorum</span> <span class='ocrx_word' id='word_1_179' title='bbox 310 2310 508 2366; x_wconf 81' lang='lat' dir='ltr'>vorationibus</span> <span class='ocrx_word' id='word_1_180' title='bbox 520 2310 664 2366; x_wconf 90' lang='lat' dir='ltr'>videretur</span> <span class='ocrx_word' id='word_1_181' title='bbox 677 2309 830 2380; x_wconf 90' lang='lat' dir='ltr'>praedictis</span> <span class='ocrx_word' id='word_1_182' title='bbox 839 2309 976 2384; x_wconf 85' lang='lat' dir='ltr'>professis</span> <span class='ocrx_word' id='word_1_183' title='bbox 985 2320 1160 2382; x_wconf 87' lang='lat' dir='ltr'>competere.</span> 
     </span>
    </p>
   </div>
   <div class='ocr_carea' id='block_1_11' title="bbox 81 2404 1165 2984">
    <p class='ocr_par' dir='ltr' id='par_1_11' title="bbox 81 2404 1165 2984">
     <span class='ocr_line' id='line_1_26' title="bbox 110 2404 1162 2478; baseline -0.002 -15"><span class='ocrx_word' id='word_1_184' title='bbox 110 2408 230 2478; x_wconf 88' lang='lat' dir='ltr'>Verum,</span> <span class='ocrx_word' id='word_1_185' title='bbox 249 2420 314 2472; x_wconf 88' lang='lat' dir='ltr'>post</span> <span class='ocrx_word' id='word_1_186' title='bbox 330 2407 434 2464; x_wconf 88' lang='lat' dir='ltr'>relatas</span> <span class='ocrx_word' id='word_1_187' title='bbox 457 2406 676 2475; x_wconf 89' lang='lat' dir='ltr'>declarationes,</span> <span class='ocrx_word' id='word_1_188' title='bbox 701 2406 737 2467; x_wconf 82' lang='lat' dir='ltr'>ad</span> <span class='ocrx_word' id='word_1_189' title='bbox 757 2405 879 2462; x_wconf 88' lang='lat' dir='ltr'>dubium</span> <span class='ocrx_word' id='word_1_190' title='bbox 902 2424 918 2461; x_wconf 92' lang='lat' dir='ltr'>a</span> <span class='ocrx_word' id='word_1_191' title='bbox 941 2407 1000 2461; x_wconf 76' lang='lat' dir='ltr'>llm0</span> <span class='ocrx_word' id='word_1_192' title='bbox 1021 2404 1162 2477; x_wconf 82' lang='lat' dir='ltr'>Magistro</span> 
     </span>
     <span class='ocr_line' id='line_1_27' title="bbox 81 2477 1164 2553; baseline -0.002 -20"><span class='ocrx_word' id='word_1_193' title='bbox 81 2480 208 2535; x_wconf 90' lang='lat' dir='ltr'>Generali</span> <span class='ocrx_word' id='word_1_194' title='bbox 231 2480 303 2535; x_wconf 91' lang='lat' dir='ltr'>Ord.</span> <span class='ocrx_word' id='word_1_195' title='bbox 333 2480 570 2535; x_wconf 77' lang='lat' dir='ltr'>Praedicatorum</span> <span class='ocrx_word' id='word_1_196' title='bbox 595 2478 799 2553; x_wconf 90' lang='lat' dir='ltr'>propositum:</span> <span class='ocrx_word' id='word_1_197' title='bbox 824 2500 839 2529; x_wconf 77' lang='lat' dir='ltr'>a</span> <span class='ocrx_word' id='word_1_198' title='bbox 865 2477 939 2549; x_wconf 89' lang='lat' dir='ltr'>Cum</span> <span class='ocrx_word' id='word_1_199' title='bbox 967 2496 1007 2533; x_wconf 88' lang='lat' dir='ltr'>ex</span> <span class='ocrx_word' id='word_1_200' title='bbox 1052 2477 1164 2540; x_wconf 81' lang='lat' dir='ltr'>raefati</span> 
     </span>
     <span class='ocr_line' id='line_1_28' title="bbox 81 2495 1162 2627; baseline -0.001 -23"><span class='ocrx_word' id='word_1_201' title='bbox 81 2551 196 2607; x_wconf 87' lang='lat' dir='ltr'>Decreti</span> <span class='ocrx_word' id='word_1_202' title='bbox 218 2563 320 2607; x_wconf 86' lang='lat' dir='ltr'>tenore</span> <span class='ocrx_word' id='word_1_203' title='bbox 334 2552 427 2619; x_wconf 83' lang='lat' dir='ltr'>(num.</span> <span class='ocrx_word' id='word_1_204' title='bbox 442 2554 469 2624; x_wconf 85' lang='grc'>8)</span> <span class='ocrx_word' id='word_1_205' title='bbox 485 2546 616 2627; x_wconf 87' lang='lat' dir='ltr'>professi</span> <span class='ocrx_word' id='word_1_206' title='bbox 636 2562 768 2606; x_wconf 80' lang='lat' dir='ltr'>votorum</span> <span class='ocrx_word' id='word_1_207' title='bbox 787 2550 967 2623; x_wconf 89' lang='lat' dir='ltr'>simplicium</span> <span class='ocrx_word' id='word_1_208' title='bbox 981 2495 1162 2625; x_wconf 57' lang='lat' dir='ltr'>sujiagium</span> 
     </span>
     <span class='ocr_line' id='line_1_29' title="bbox 81 2622 1165 2698; baseline 0 -23"><span class='ocrx_word' id='word_1_209' title='bbox 81 2622 202 2678; x_wconf 83' lang='lat' dir='ltr'>habeant</span> <span class='ocrx_word' id='word_1_210' title='bbox 221 2625 251 2677; x_wconf 92' lang='lat' dir='ltr'>in</span> <span class='ocrx_word' id='word_1_211' title='bbox 272 2624 347 2679; x_wconf 91' lang='lat' dir='ltr'>actis</span> <span class='ocrx_word' id='word_1_212' title='bbox 366 2624 581 2698; x_wconf 83' lang='lat' dir='ltr'>capitularibus</span> <span class='ocrx_word' id='word_1_213' title='bbox 602 2623 650 2679; x_wconf 91' lang='lat' dir='ltr'>sui</span> <span class='ocrx_word' id='word_1_214' title='bbox 673 2622 849 2688; x_wconf 85' lang='lat' dir='ltr'>Conventus,</span> <span class='ocrx_word' id='word_1_215' title='bbox 870 2634 1013 2696; x_wconf 82' lang='lat' dir='ltr'>quatenns</span> <span class='ocrx_word' id='word_1_216' title='bbox 1033 2632 1061 2677; x_wconf 90' lang='lat' dir='ltr'>et</span> <span class='ocrx_word' id='word_1_217' title='bbox 1074 2631 1165 2695; x_wconf 89' lang='lat' dir='ltr'>prout</span> 
     </span>
     <span class='ocr_line' id='line_1_30' title="bbox 82 2693 1164 2769; baseline 0 -22"><span class='ocrx_word' id='word_1_218' title='bbox 82 2694 182 2750; x_wconf 82' lang='lat' dir='ltr'>habent</span> <span class='ocrx_word' id='word_1_219' title='bbox 192 2695 377 2751; x_wconf 89' lang='lat' dir='ltr'>sollemniter</span> <span class='ocrx_word' id='word_1_220' title='bbox 393 2695 546 2768; x_wconf 87' lang='lat' dir='ltr'>professi,·</span> <span class='ocrx_word' id='word_1_221' title='bbox 562 2694 726 2769; x_wconf 86' lang='lat' dir='ltr'>quaeritur,</span> <span class='ocrx_word' id='word_1_222' title='bbox 745 2711 783 2748; x_wconf 90' lang='lat' dir='ltr'>an</span> <span class='ocrx_word' id='word_1_223' title='bbox 805 2693 882 2748; x_wconf 90' lang='lat' dir='ltr'>inter</span> <span class='ocrx_word' id='word_1_224' title='bbox 901 2693 1070 2748; x_wconf 84' lang='lat' dir='ltr'>huiusmodi</span> <span class='ocrx_word' id='word_1_225' title='bbox 1081 2702 1164 2748; x_wconf 88' lang='lat' dir='ltr'>actus</span> 
     </span>
     <span class='ocr_line' id='line_1_31' title="bbox 83 2763 1164 2838; baseline -0.002 -20"><span class='ocrx_word' id='word_1_226' title='bbox 83 2767 257 2838; x_wconf 88' lang='lat' dir='ltr'>capitulares</span> <span class='ocrx_word' id='word_1_227' title='bbox 272 2778 482 2823; x_wconf 86' lang='lat' dir='ltr'>recenseantur</span> <span class='ocrx_word' id='word_1_228' title='bbox 503 2768 594 2822; x_wconf 87' lang='lat' dir='ltr'>etiam</span> <span class='ocrx_word' id='word_1_229' title='bbox 614 2776 696 2821; x_wconf 87' lang='lat' dir='ltr'>actus</span> <span class='ocrx_word' id='word_1_230' title='bbox 715 2764 891 2838; x_wconf 87' lang='lat' dir='ltr'>receptionis</span> <span class='ocrx_word' id='word_1_231' title='bbox 906 2765 947 2819; x_wconf 93' lang='lat' dir='ltr'>ad</span> <span class='ocrx_word' id='word_1_232' title='bbox 959 2776 1092 2820; x_wconf 85' lang='lat' dir='ltr'>votorum</span> <span class='ocrx_word' id='word_1_233' title='bbox 1107 2763 1164 2818; x_wconf 89' lang='lat' dir='ltr'>sol-</span> 
     </span>
     <span class='ocr_line' id='line_1_32' title="bbox 84 2835 1164 2913; baseline 0 -24"><span class='ocrx_word' id='word_1_234' title='bbox 84 2837 217 2893; x_wconf 89' lang='lat' dir='ltr'>lemnium</span> <span class='ocrx_word' id='word_1_235' title='bbox 223 2839 439 2913; x_wconf 87' lang='lat' dir='ltr'>professionem</span> <span class='ocrx_word' id='word_1_236' title='bbox 446 2856 455 2904; x_wconf 90' lang='lat'>,·</span> <span class='ocrx_word' id='word_1_237' title='bbox 465 2862 480 2890; x_wconf 79' lang='lat' dir='ltr'>n</span> <span class='ocrx_word' id='word_1_238' title='bbox 491 2840 636 2893; x_wconf 90' lang='lat' dir='ltr'>-eadem</span> <span class='ocrx_word' id='word_1_239' title='bbox 649 2838 677 2893; x_wconf 90' lang='lat' dir='ltr'>S.</span> <span class='ocrx_word' id='word_1_240' title='bbox 688 2836 893 2909; x_wconf 85' lang='lat' dir='ltr'>Congregatio,</span> <span class='ocrx_word' id='word_1_241' title='bbox 911 2837 964 2892; x_wconf 92' lang='lat' dir='ltr'>sub</span> <span class='ocrx_word' id='word_1_242' title='bbox 973 2836 1019 2892; x_wconf 91' lang='lat' dir='ltr'>die</span> <span class='ocrx_word' id='word_1_243' title='bbox 1028 2856 1043 2909; x_wconf 83' lang='lat'><strong><em>7</em></strong></span> <span class='ocrx_word' id='word_1_244' title='bbox 1052 2835 1164 2891; x_wconf 88' lang='lat' dir='ltr'>februa·</span> 
     </span>
     <span class='ocr_line' id='line_1_33' title="bbox 84 2909 564 2984; baseline 0.01 -23"><span class='ocrx_word' id='word_1_245' title='bbox 84 2909 115 2964; x_wconf 89' lang='lat' dir='ltr'>rii</span> <span class='ocrx_word' id='word_1_246' title='bbox 133 2910 204 2979; x_wconf 73' lang='lat'>1862,</span> <span class='ocrx_word' id='word_1_247' title='bbox 219 2911 387 2983; x_wconf 87' lang='lat' dir='ltr'>respondit:</span> <span class='ocrx_word' id='word_1_248' title='bbox 405 2910 564 2984; x_wconf 81' lang='lat' dir='ltr'>Negative.</span> 
     </span>
    </p>
   </div>
   <div class='ocr_carea' id='block_1_12' title="bbox 86 3002 1171 4177">
    <p class='ocr_par' dir='ltr' id='par_1_12' title="bbox 86 3002 1168 3724">
     <span class='ocr_line' id='line_1_34' title="bbox 116 3002 1165 3078; baseline -0.002 -19"><span class='ocrx_word' id='word_1_249' title='bbox 116 3005 355 3063; x_wconf 85' lang='lat' dir='ltr'>Animadvertcns</span> <span class='ocrx_word' id='word_1_250' title='bbox 380 3008 477 3078; x_wconf 90' lang='lat' dir='ltr'>itaque</span> <span class='ocrx_word' id='word_1_251' title='bbox 502 3008 608 3062; x_wconf 85' lang='lat' dir='ltr'>Orator</span> <span class='ocrx_word' id='word_1_252' title='bbox 634 3025 650 3061; x_wconf 89' lang='lat' dir='ltr'>a</span> <span class='ocrx_word' id='word_1_253' title='bbox 677 3004 834 3077; x_wconf 86' lang='lat' dir='ltr'>privilegiis</span> <span class='ocrx_word' id='word_1_254' title='bbox 860 3004 1004 3061; x_wconf 89' lang='lat' dir='ltr'>concessis</span> <span class='ocrx_word' id='word_1_255' title='bbox 1030 3002 1165 3076; x_wconf 89' lang='lat' dir='ltr'>professis</span> 
     </span>
     <span class='ocr_line' id='line_1_35' title="bbox 86 3075 1165 3151; baseline -0.001 -23"><span class='ocrx_word' id='word_1_256' title='bbox 86 3091 213 3133; x_wconf 88' lang='lat' dir='ltr'>votorum</span> <span class='ocrx_word' id='word_1_257' title='bbox 225 3078 412 3151; x_wconf 89' lang='lat' dir='ltr'>simplicium,</span> <span class='ocrx_word' id='word_1_258' title='bbox 432 3079 460 3133; x_wconf 83' lang='lat' dir='ltr'>vi</span> <span class='ocrx_word' id='word_1_259' title='bbox 482 3078 605 3133; x_wconf 90' lang='lat' dir='ltr'>huiusce</span> <span class='ocrx_word' id='word_1_260' title='bbox 624 3091 787 3150; x_wconf 87' lang='lat' dir='ltr'>postremae</span> <span class='ocrx_word' id='word_1_261' title='bbox 807 3075 1018 3144; x_wconf 80' lang='lat' dir='ltr'>declarationis,</span> <span class='ocrx_word' id='word_1_262' title='bbox 1034 3075 1165 3131; x_wconf 88' lang='lat' dir='ltr'>exclusos</span> 
     </span>
     <span class='ocr_line' id='line_1_36' title="bbox 87 3147 1166 3223; baseline 0.001 -23"><span class='ocrx_word' id='word_1_263' title='bbox 87 3148 253 3204; x_wconf 91' lang='lat' dir='ltr'>nominatim</span> <span class='ocrx_word' id='word_1_264' title='bbox 268 3150 357 3205; x_wconf 87' lang='lat' dir='ltr'>luisse</span> <span class='ocrx_word' id='word_1_265' title='bbox 369 3160 452 3218; x_wconf 79' lang='lat' dir='ltr'>actus</span> <span class='ocrx_word' id='word_1_266' title='bbox 465 3150 641 3223; x_wconf 86' lang='lat' dir='ltr'>receptionis</span> <span class='ocrx_word' id='word_1_267' title='bbox 655 3149 695 3204; x_wconf 92' lang='lat' dir='ltr'>ad</span> <span class='ocrx_word' id='word_1_268' title='bbox 708 3159 842 3204; x_wconf 84' lang='lat' dir='ltr'>votorum</span> <span class='ocrx_word' id='word_1_269' title='bbox 857 3148 1042 3203; x_wconf 87' lang='lat' dir='ltr'>sollemnium</span> <span class='ocrx_word' id='word_1_270' title='bbox 1052 3147 1166 3221; x_wconf 88' lang='lat' dir='ltr'>profes·</span> 
     </span>
     <span class='ocr_line' id='line_1_37' title="bbox 87 3216 1167 3302; baseline -0.002 -29"><span class='ocrx_word' id='word_1_271' title='bbox 87 3221 190 3275; x_wconf 87' lang='lat' dir='ltr'>sionem</span> <span class='ocrx_word' id='word_1_272' title='bbox 199 3239 208 3287; x_wconf 90' lang='grc'><em>;</em></span> <span class='ocrx_word' id='word_1_273' title='bbox 217 3235 244 3277; x_wconf 91' lang='lat' dir='ltr'>et</span> <span class='ocrx_word' id='word_1_274' title='bbox 252 3223 444 3302; x_wconf 87' lang='lat' dir='ltr'>perpendens,</span> <span class='ocrx_word' id='word_1_275' title='bbox 457 3225 537 3294; x_wconf 92' lang='lat' dir='ltr'>quod</span> <span class='ocrx_word' id='word_1_276' title='bbox 547 3221 709 3277; x_wconf 76' lang='lat' dir='ltr'>rorationes</span> <span class='ocrx_word' id='word_1_277' title='bbox 719 3220 903 3291; x_wconf 84' lang='lat' dir='ltr'>noviciorum</span> <span class='ocrx_word' id='word_1_278' title='bbox 913 3219 988 3275; x_wconf 88' lang='lat' dir='ltr'>inter</span> <span class='ocrx_word' id='word_1_279' title='bbox 997 3216 1167 3274; x_wconf 88' lang='lat' dir='ltr'>huiusmodi</span> 
     </span>
     <span class='ocr_line' id='line_1_38' title="bbox 88 3290 1167 3361; baseline 0.001 -17"><span class='ocrx_word' id='word_1_280' title='bbox 88 3303 173 3359; x_wconf 88' lang='lat' dir='ltr'>actus,</span> <span class='ocrx_word' id='word_1_281' title='bbox 187 3293 288 3349; x_wconf 86' lang='lat' dir='ltr'>saltem</span> <span class='ocrx_word' id='word_1_282' title='bbox 303 3293 453 3360; x_wconf 86' lang='lat' dir='ltr'>rndirecte‚</span> <span class='ocrx_word' id='word_1_283' title='bbox 467 3293 602 3349; x_wconf 88' lang='lat' dir='ltr'>videntur</span> <span class='ocrx_word' id='word_1_284' title='bbox 615 3294 809 3348; x_wconf 89' lang='lat' dir='ltr'>recensendae</span> <span class='ocrx_word' id='word_1_285' title='bbox 821 3313 827 3361; x_wconf 94' lang='lat'>;</span> <span class='ocrx_word' id='word_1_286' title='bbox 842 3304 875 3346; x_wconf 92' lang='lat' dir='ltr'>ut</span> <span class='ocrx_word' id='word_1_287' title='bbox 887 3290 1031 3347; x_wconf 82' lang='lat' dir='ltr'>exanimo</span> <span class='ocrx_word' id='word_1_288' title='bbox 1044 3307 1167 3345; x_wconf 90' lang='lat' dir='ltr'>suorum</span> 
     </span>
     <span class='ocr_line' id='line_1_39' title="bbox 89 3361 1168 3437; baseline 0.001 -22"><span class='ocrx_word' id='word_1_289' title='bbox 89 3363 263 3420; x_wconf 86' lang='lat' dir='ltr'>subditorum</span> <span class='ocrx_word' id='word_1_290' title='bbox 286 3366 383 3421; x_wconf 91' lang='lat' dir='ltr'>omnis</span> <span class='ocrx_word' id='word_1_291' title='bbox 405 3365 580 3437; x_wconf 85' lang='lat' dir='ltr'>ambiguitas</span> <span class='ocrx_word' id='word_1_292' title='bbox 600 3366 681 3435; x_wconf 92' lang='lat' dir='ltr'>quod</span> <span class='ocrx_word' id='word_1_293' title='bbox 703 3366 740 3419; x_wconf 90' lang='lat' dir='ltr'>ad</span> <span class='ocrx_word' id='word_1_294' title='bbox 768 3364 824 3419; x_wconf 94' lang='lat' dir='ltr'>hoc</span> <span class='ocrx_word' id='word_1_295' title='bbox 846 3363 975 3431; x_wconf 87' lang='lat' dir='ltr'>tollatur,</span> <span class='ocrx_word' id='word_1_296' title='bbox 998 3361 1168 3436; x_wconf 84' lang='lat' dir='ltr'>suppliciter</span> 
     </span>
     <span class='ocr_line' id='line_1_40' title="bbox 89 3434 1168 3508; baseline 0.001 -20"><span class='ocrx_word' id='word_1_297' title='bbox 89 3434 181 3505; x_wconf 91' lang='lat' dir='ltr'>petita</span> <span class='ocrx_word' id='word_1_298' title='bbox 195 3437 223 3492; x_wconf 87' lang='lat' dir='ltr'>S.</span> <span class='ocrx_word' id='word_1_299' title='bbox 238 3439 288 3505; x_wconf 60' lang='lat' dir='ltr'>tt,</span> <span class='ocrx_word' id='word_1_300' title='bbox 308 3450 341 3491; x_wconf 92' lang='lat' dir='ltr'>ut</span> <span class='ocrx_word' id='word_1_301' title='bbox 363 3437 498 3508; x_wconf 81' lang='lat' dir='ltr'>dignetur</span> <span class='ocrx_word' id='word_1_302' title='bbox 511 3437 657 3493; x_wconf 82' lang='lat' dir='ltr'>declarare</span> <span class='ocrx_word' id='word_1_303' title='bbox 675 3456 680 3490; x_wconf 77' lang='grc' dir='ltr'><em>ι</em></span> <span class='ocrx_word' id='word_1_304' title='bbox 695 3437 742 3490; x_wconf 90' lang='lat' dir='ltr'>An</span> <span class='ocrx_word' id='word_1_305' title='bbox 757 3437 786 3490; x_wconf 93' lang='lat' dir='ltr'>in</span> <span class='ocrx_word' id='word_1_306' title='bbox 801 3434 846 3490; x_wconf 88' lang='lat' dir='ltr'>his</span> <span class='ocrx_word' id='word_1_307' title='bbox 859 3434 953 3489; x_wconf 85' lang='lat' dir='ltr'>verbis</span> <span class='ocrx_word' id='word_1_308' title='bbox 965 3436 1058 3489; x_wconf 89' lang='lat' dir='ltr'>Actus</span> <span class='ocrx_word' id='word_1_309' title='bbox 1071 3450 1168 3507; x_wconf 89' lang='lat' dir='ltr'>recep·</span> 
     </span>
     <span class='ocr_line' id='line_1_41' title="bbox 91 3504 1168 3582; baseline 0.002 -25"><span class='ocrx_word' id='word_1_310' title='bbox 91 3507 170 3563; x_wconf 88' lang='lat' dir='ltr'>tionis</span> <span class='ocrx_word' id='word_1_311' title='bbox 177 3508 215 3562; x_wconf 92' lang='lat' dir='ltr'>ad</span> <span class='ocrx_word' id='word_1_312' title='bbox 223 3519 357 3564; x_wconf 82' lang='lat' dir='ltr'>votorum</span> <span class='ocrx_word' id='word_1_313' title='bbox 365 3509 552 3564; x_wconf 89' lang='lat' dir='ltr'>sollemnium</span> <span class='ocrx_word' id='word_1_314' title='bbox 560 3508 786 3582; x_wconf 83' lang='lat' dir='ltr'>professionem,</span> <span class='ocrx_word' id='word_1_315' title='bbox 799 3506 956 3562; x_wconf 89' lang='lat' dir='ltr'>recensitae</span> <span class='ocrx_word' id='word_1_316' title='bbox 964 3504 1168 3576; x_wconf 85' lang='lat' dir='ltr'>intellegantur</span> 
     </span>
     <span class='ocr_line' id='line_1_42' title="bbox 90 3577 1168 3653; baseline 0.003 -24"><span class='ocrx_word' id='word_1_317' title='bbox 90 3580 244 3636; x_wconf 92' lang='lat' dir='ltr'>votationes</span> <span class='ocrx_word' id='word_1_318' title='bbox 267 3580 452 3637; x_wconf 88' lang='lat' dir='ltr'>noviciorum</span> <span class='ocrx_word' id='word_1_319' title='bbox 471 3598 525 3653; x_wconf 88' lang='lat' dir='ltr'>pro</span> <span class='ocrx_word' id='word_1_320' title='bbox 544 3578 721 3635; x_wconf 87' lang='lat' dir='ltr'>admissione</span> <span class='ocrx_word' id='word_1_321' title='bbox 743 3580 780 3634; x_wconf 91' lang='lat' dir='ltr'>ad</span> <span class='ocrx_word' id='word_1_322' title='bbox 799 3577 1010 3653; x_wconf 90' lang='lat' dir='ltr'>professionem</span> <span class='ocrx_word' id='word_1_323' title='bbox 1031 3588 1168 3633; x_wconf 92' lang='lat' dir='ltr'>votorum</span> 
     </span>
     <span class='ocr_line' id='line_1_43' title="bbox 91 3648 958 3724; baseline 0.005 -23"><span class='ocrx_word' id='word_1_324' title='bbox 91 3648 268 3724; x_wconf 89' lang='lat' dir='ltr'>simplicium.</span> <span class='ocrx_word' id='word_1_325' title='bbox 954 3686 958 3691; x_wconf 92' lang='lat'>-</span> 
     </span>
    </p>

    <p class='ocr_par' dir='ltr' id='par_1_13' title="bbox 93 3744 1171 4177">
     <span class='ocr_line' id='line_1_44' title="bbox 127 3744 1169 3821; baseline -0.001 -20"><span class='ocrx_word' id='word_1_326' title='bbox 127 3748 166 3802; x_wconf 81' lang='lat' dir='ltr'>Ex</span> <span class='ocrx_word' id='word_1_327' title='bbox 187 3749 334 3807; x_wconf 88' lang='lat' dir='ltr'>audientia</span> <span class='ocrx_word' id='word_1_328' title='bbox 353 3749 424 3806; x_wconf 83' lang='lat' dir='ltr'>SSmi</span> <span class='ocrx_word' id='word_1_329' title='bbox 444 3748 542 3805; x_wconf 89' lang='lat' dir='ltr'>hahita</span> <span class='ocrx_word' id='word_1_330' title='bbox 561 3768 577 3803; x_wconf 91' lang='lat' dir='ltr'>a</span> <span class='ocrx_word' id='word_1_331' title='bbox 596 3766 644 3803; x_wconf 91' lang='lat' dir='ltr'>me</span> <span class='ocrx_word' id='word_1_332' title='bbox 659 3746 843 3821; x_wconf 81' lang='lat' dir='ltr'>infrascripto</span> <span class='ocrx_word' id='word_1_333' title='bbox 863 3744 1023 3802; x_wconf 89' lang='lat' dir='ltr'>Secretario</span> <span class='ocrx_word' id='word_1_334' title='bbox 1043 3747 1072 3802; x_wconf 90' lang='lat' dir='ltr'>S.</span> <span class='ocrx_word' id='word_1_335' title='bbox 1094 3747 1169 3801; x_wconf 90' lang='lat' dir='ltr'>Con-</span> 
     </span>
     <span class='ocr_line' id='line_1_45' title="bbox 93 3817 1168 3895; baseline 0 -22"><span class='ocrx_word' id='word_1_336' title='bbox 93 3821 260 3891; x_wconf 79' lang='lat' dir='ltr'>gregationis</span> <span class='ocrx_word' id='word_1_337' title='bbox 289 3839 376 3895; x_wconf 91' lang='lat' dir='ltr'>super</span> <span class='ocrx_word' id='word_1_338' title='bbox 402 3822 486 3877; x_wconf 89' lang='lat' dir='ltr'>Statu</span> <span class='ocrx_word' id='word_1_339' title='bbox 513 3819 712 3893; x_wconf 77' lang='lat' dir='ltr'>Regularium</span> <span class='ocrx_word' id='word_1_340' title='bbox 740 3820 796 3875; x_wconf 91' lang='lat' dir='ltr'>sub</span> <span class='ocrx_word' id='word_1_341' title='bbox 819 3818 865 3873; x_wconf 90' lang='lat' dir='ltr'>die</span> <span class='ocrx_word' id='word_1_342' title='bbox 892 3835 926 3873; x_wconf 88' lang='lat'>20</span> <span class='ocrx_word' id='word_1_343' title='bbox 951 3817 1066 3889; x_wconf 82' lang='lat' dir='ltr'>augusti</span> <span class='ocrx_word' id='word_1_344' title='bbox 1092 3818 1168 3890; x_wconf 80' lang='lat'>1875,</span> 
     </span>
     <span class='ocr_line' id='line_1_46' title="bbox 94 3888 1169 3973; baseline 0.002 -31"><span class='ocrx_word' id='word_1_345' title='bbox 94 3890 226 3950; x_wconf 86' lang='lat' dir='ltr'>Sanctitas</span> <span class='ocrx_word' id='word_1_346' title='bbox 242 3895 312 3962; x_wconf 87' lang='lat' dir='ltr'>Sua,</span> <span class='ocrx_word' id='word_1_347' title='bbox 328 3893 426 3949; x_wconf 91' lang='lat' dir='ltr'>audita</span> <span class='ocrx_word' id='word_1_348' title='bbox 440 3893 580 3949; x_wconf 84' lang='lat' dir='ltr'>relatione</span> <span class='ocrx_word' id='word_1_349' title='bbox 594 3890 780 3973; x_wconf 89' lang='lat' dir='ltr'>superdubio</span> <span class='ocrx_word' id='word_1_350' title='bbox 794 3888 944 3963; x_wconf 90' lang='lat' dir='ltr'>proposito</span> <span class='ocrx_word' id='word_1_351' title='bbox 958 3907 974 3944; x_wconf 91' lang='lat' dir='ltr'>a</span> <span class='ocrx_word' id='word_1_352' title='bbox 987 3891 1019 3946; x_wconf 89' lang='lat' dir='ltr'>P.</span> <span class='ocrx_word' id='word_1_353' title='bbox 1035 3888 1169 3944; x_wconf 89' lang='lat' dir='ltr'>Ministro</span> 
     </span>
     <span class='ocr_line' id='line_1_47' title="bbox 95 3958 1171 4023; baseline 0.005 -11"><span class='ocrx_word' id='word_1_354' title='bbox 95 3962 220 4020; x_wconf 86' lang='lat' dir='ltr'>Generali</span> <span class='ocrx_word' id='word_1_355' title='bbox 233 3964 352 4021; x_wconf 91' lang='lat' dir='ltr'>Ordinis</span> <span class='ocrx_word' id='word_1_356' title='bbox 367 3963 542 4021; x_wconf 88' lang='lat' dir='ltr'>Minoritici:</span> <span class='ocrx_word' id='word_1_357' title='bbox 555 3966 601 4019; x_wconf 86' lang='lat' dir='ltr'>An</span> <span class='ocrx_word' id='word_1_358' title='bbox 614 3962 757 4023; x_wconf 81' lang='lat' dir='ltr'>videlicet,</span> <span class='ocrx_word' id='word_1_359' title='bbox 773 3964 808 4016; x_wconf 90' lang='lat' dir='ltr'>ad</span> <span class='ocrx_word' id='word_1_360' title='bbox 819 3961 955 4017; x_wconf 89' lang='lat' dir='ltr'>effectum</span> <span class='ocrx_word' id='word_1_361' title='bbox 965 3960 1045 4016; x_wconf 89' lang='lat' dir='ltr'>dubii</span> <span class='ocrx_word' id='word_1_362' title='bbox 1056 3961 1111 4017; x_wconf 92' lang='lat' dir='ltr'>sub</span> <span class='ocrx_word' id='word_1_363' title='bbox 1124 3958 1171 4017; x_wconf 86' lang='lat' dir='ltr'>die</span> 
     </span>
     <span class='ocr_line' id='line_1_48' title="bbox 94 4031 1171 4109; baseline 0.001 -23"><span class='ocrx_word' id='word_1_364' title='bbox 94 4051 109 4102; x_wconf 79' lang='lat'><strong>7</strong></span> <span class='ocrx_word' id='word_1_365' title='bbox 124 4035 249 4091; x_wconf 84' lang='lat' dir='ltr'>lebruarii</span> <span class='ocrx_word' id='word_1_366' title='bbox 268 4037 335 4092; x_wconf 76' lang='lat'>1862</span> <span class='ocrx_word' id='word_1_367' title='bbox 347 4055 364 4091; x_wconf 93' lang='lat' dir='ltr'>a</span> <span class='ocrx_word' id='word_1_368' title='bbox 378 4038 408 4093; x_wconf 87' lang='lat' dir='ltr'>S.</span> <span class='ocrx_word' id='word_1_369' title='bbox 421 4037 455 4091; x_wconf 85' lang='lat' dir='ltr'>C.</span> <span class='ocrx_word' id='word_1_370' title='bbox 465 4037 558 4109; x_wconf 85' lang='lat' dir='ltr'>Super</span> <span class='ocrx_word' id='word_1_371' title='bbox 571 4037 654 4089; x_wconf 87' lang='lat' dir='ltr'>Statu</span> <span class='ocrx_word' id='word_1_372' title='bbox 667 4033 865 4107; x_wconf 81' lang='lat' dir='ltr'>Regnlarium,</span> <span class='ocrx_word' id='word_1_373' title='bbox 880 4049 967 4103; x_wconf 87' lang='lat' dir='ltr'>supet</span> <span class='ocrx_word' id='word_1_374' title='bbox 977 4031 1171 4089; x_wconf 89' lang='lat' dir='ltr'>declaratione</span> 
     </span>
     <span class='ocr_line' id='line_1_49' title="bbox 96 4103 1169 4177; baseline 0.001 -20"><span class='ocrx_word' id='word_1_375' title='bbox 96 4104 158 4158; x_wconf 90' lang='lat' dir='ltr'>data</span> <span class='ocrx_word' id='word_1_376' title='bbox 178 4108 220 4163; x_wconf 90' lang='lat' dir='ltr'>die</span> <span class='ocrx_word' id='word_1_377' title='bbox 244 4128 274 4164; x_wconf 79' lang='lat' dir='ltr'>ra</span> <span class='ocrx_word' id='word_1_378' title='bbox 300 4108 373 4163; x_wconf 88' lang='lat' dir='ltr'>iunii</span> <span class='ocrx_word' id='word_1_379' title='bbox 401 4109 475 4176; x_wconf 81' lang='lat'>1858,</span> <span class='ocrx_word' id='word_1_380' title='bbox 497 4121 525 4163; x_wconf 92' lang='lat' dir='ltr'>et</span> <span class='ocrx_word' id='word_1_381' title='bbox 547 4108 602 4163; x_wconf 90' lang='lat' dir='ltr'>sub</span> <span class='ocrx_word' id='word_1_382' title='bbox 628 4123 752 4161; x_wconf 91' lang='lat' dir='ltr'>numero</span> <span class='ocrx_word' id='word_1_383' title='bbox 773 4106 845 4160; x_wconf 95' lang='lat' dir='ltr'>Vlll</span> <span class='ocrx_word' id='word_1_384' title='bbox 870 4103 967 4177; x_wconf 85' lang='lat' dir='ltr'>positi,</span> <span class='ocrx_word' id='word_1_385' title='bbox 988 4104 1063 4159; x_wconf 88' lang='lat' dir='ltr'>inter</span> <span class='ocrx_word' id='word_1_386' title='bbox 1088 4114 1169 4159; x_wconf 89' lang='lat' dir='ltr'>actus</span> 
     </span>
    </p>
   </div>
   <div class='ocr_carea' id='block_1_13' title="bbox 96 4174 1171 4323">
    <p class='ocr_par' dir='ltr' id='par_1_14' title="bbox 96 4174 1171 4323">
     <span class='ocr_line' id='line_1_50' title="bbox 96 4174 1171 4250; baseline 0.003 -22"><span class='ocrx_word' id='word_1_387' title='bbox 96 4179 257 4250; x_wconf 87' lang='lat' dir='ltr'>receptionis</span> <span class='ocrx_word' id='word_1_388' title='bbox 278 4180 315 4236; x_wconf 91' lang='lat' dir='ltr'>ad</span> <span class='ocrx_word' id='word_1_389' title='bbox 328 4191 464 4236; x_wconf 89' lang='lat' dir='ltr'>votorum</span> <span class='ocrx_word' id='word_1_390' title='bbox 479 4178 667 4234; x_wconf 91' lang='lat' dir='ltr'>sollemnium</span> <span class='ocrx_word' id='word_1_391' title='bbox 681 4176 902 4250; x_wconf 81' lang='lat' dir='ltr'>professionem,</span> <span class='ocrx_word' id='word_1_392' title='bbox 918 4174 1076 4231; x_wconf 90' lang='lat' dir='ltr'>recensitus</span> <span class='ocrx_word' id='word_1_393' title='bbox 1088 4174 1171 4231; x_wconf 90' lang='lat' dir='ltr'>intel·</span> 
     </span>
     <span class='ocr_line' id='line_1_51' title="bbox 97 4244 1171 4323; baseline 0.004 -24"><span class='ocrx_word' id='word_1_394' title='bbox 97 4248 201 4317; x_wconf 82' lang='lat' dir='ltr'>legatur</span> <span class='ocrx_word' id='word_1_395' title='bbox 221 4267 299 4309; x_wconf 89' lang='lat' dir='ltr'>actus</span> <span class='ocrx_word' id='word_1_396' title='bbox 314 4252 428 4308; x_wconf 79' lang='lat' dir='ltr'>ferendi</span> <span class='ocrx_word' id='word_1_397' title='bbox 446 4250 618 4323; x_wconf 79' lang='lat' dir='ltr'>suffragium</span> <span class='ocrx_word' id='word_1_398' title='bbox 638 4267 690 4323; x_wconf 92' lang='lat' dir='ltr'>pro</span> <span class='ocrx_word' id='word_1_399' title='bbox 710 4248 887 4305; x_wconf 89' lang='lat' dir='ltr'>admissione</span> <span class='ocrx_word' id='word_1_400' title='bbox 906 4247 942 4303; x_wconf 86' lang='lat' dir='ltr'>ad</span> <span class='ocrx_word' id='word_1_401' title='bbox 961 4244 1171 4320; x_wconf 85' lang='lat' dir='ltr'>prolessionem</span> 
     </span>
    </p>
   </div>
   <div class='ocr_carea' id='block_1_14' title="bbox 1217 2411 1375 2575">
    <p class='ocr_par' dir='ltr' id='par_1_15' title="bbox 1217 2411 1375 2575">
     <span class='ocr_line' id='line_1_52' title="bbox 1238 2411 1375 2515; baseline -0.015 -57"><span class='ocrx_word' id='word_1_402' title='bbox 1238 2411 1272 2458; x_wconf 84' lang='lat' dir='ltr'>Et</span> <span class='ocrx_word' id='word_1_403' title='bbox 1282 2413 1375 2515; x_wconf 60' lang='lat' dir='ltr'>respar-</span> 
     </span>
     <span class='ocr_line' id='line_1_53' title="bbox 1217 2466 1375 2529; baseline -0.019 -13"><span class='ocrx_word' id='word_1_404' title='bbox 1217 2484 1267 2516; x_wconf 86' lang='lat' dir='ltr'>smn</span> <span class='ocrx_word' id='word_1_405' title='bbox 1279 2487 1292 2527; x_wconf 85' lang='lat'><em>7</em></span> <span class='ocrx_word' id='word_1_406' title='bbox 1294 2466 1320 2529; x_wconf 81' lang='lat' dir='ltr'>fe</span> <span class='ocrx_word' id='word_1_407' title='bbox 1336 2481 1375 2513; x_wconf 86' lang='lat' dir='ltr'>rn-</span> 
     </span>
     <span class='ocr_line' id='line_1_54' title="bbox 1217 2530 1344 2575; baseline -0.016 0"><span class='ocrx_word' id='word_1_408' title='bbox 1217 2530 1269 2575; x_wconf 86' lang='lat' dir='ltr'>art&#39;t&#39;</span> <span class='ocrx_word' id='word_1_409' title='bbox 1279 2532 1344 2575; x_wconf 75' lang='lat'><em>1862.</em></span> 
     </span>
    </p>
   </div>
   <div class='ocr_carea' id='block_1_15' title="bbox 1219 3006 1379 3347">
    <p class='ocr_par' dir='ltr' id='par_1_16' title="bbox 1219 3006 1379 3347">
     <span class='ocr_line' id='line_1_55' title="bbox 1250 3006 1364 3055; baseline 0 0"><span class='ocrx_word' id='word_1_410' title='bbox 1250 3006 1317 3055; x_wconf 77' lang='lat' dir='ltr'>Unde</span> <span class='ocrx_word' id='word_1_411' title='bbox 1326 3021 1364 3055; x_wconf 85' lang='lat' dir='ltr'>ct-</span> 
     </span>
     <span class='ocr_line' id='line_1_56' title="bbox 1219 3064 1360 3114; baseline -0.007 0"><span class='ocrx_word' id='word_1_412' title='bbox 1219 3069 1285 3114; x_wconf 82' lang='lat' dir='ltr'>rasia</span> <span class='ocrx_word' id='word_1_413' title='bbox 1296 3064 1360 3114; x_wconf 79' lang='lat' dir='ltr'>dutr-</span> 
     </span>
     <span class='ocr_line' id='line_1_57' title="bbox 1220 3123 1378 3171; baseline -0.013 0"><span class='ocrx_word' id='word_1_414' title='bbox 1220 3123 1290 3171; x_wconf 81' lang='lat' dir='ltr'>lnntlt&#39;</span> <span class='ocrx_word' id='word_1_415' title='bbox 1305 3123 1332 3171; x_wconf 81' lang='lat' dir='ltr'>dc</span> <span class='ocrx_word' id='word_1_416' title='bbox 1342 3136 1378 3169; x_wconf 82' lang='lat' dir='ltr'>re-</span> 
     </span>
     <span class='ocr_line' id='line_1_58' title="bbox 1220 3180 1362 3243; baseline -0.028 -12"><span class='ocrx_word' id='word_1_417' title='bbox 1220 3184 1320 3243; x_wconf 79' lang='lat' dir='ltr'>ceptione</span> <span class='ocrx_word' id='word_1_418' title='bbox 1330 3180 1362 3229; x_wconf 85' lang='lat' dir='ltr'>ad</span> 
     </span>
     <span class='ocr_line' id='line_1_59' title="bbox 1220 3239 1379 3299; baseline -0.019 -11"><span class='ocrx_word' id='word_1_419' title='bbox 1220 3244 1275 3288; x_wconf 83' lang='lat' dir='ltr'>vola</span> <span class='ocrx_word' id='word_1_420' title='bbox 1287 3239 1379 3299; x_wconf 81' lang='lat' dir='ltr'>sinpli-</span> 
     </span>
     <span class='ocr_line' id='line_1_60' title="bbox 1220 3312 1267 3347; baseline -0.043 0"><span class='ocrx_word' id='word_1_421' title='bbox 1220 3312 1267 3347; x_wconf 84' lang='lat' dir='ltr'>tra.</span> 
     </span>
    </p>
   </div>
   <div class='ocr_carea' id='block_1_16' title="bbox 1248 3427 1377 3473">
    <p class='ocr_par' dir='ltr' id='par_1_17' title="bbox 1248 3427 1377 3473">
     <span class='ocr_line' id='line_1_61' title="bbox 1248 3427 1377 3473; baseline -0.047 0"><span class='ocrx_word' id='word_1_422' title='bbox 1248 3427 1377 3473; x_wconf 76' lang='lat' dir='ltr'>Dubium.</span> 
     </span>
    </p>
   </div>
   <div class='ocr_carea' id='block_1_17' title="bbox 1222 3750 1371 3914">
    <p class='ocr_par' dir='ltr' id='par_1_18' title="bbox 1222 3750 1371 3914">
     <span class='ocr_line' id='line_1_62' title="bbox 1252 3750 1371 3797; baseline -0.017 0"><span class='ocrx_word' id='word_1_423' title='bbox 1252 3750 1311 3797; x_wconf 78' lang='lat' dir='ltr'>Dies</span> <span class='ocrx_word' id='word_1_424' title='bbox 1321 3762 1371 3796; x_wconf 70' lang='lat' dir='ltr'>nu-</span> 
     </span>
     <span class='ocr_line' id='line_1_63' title="bbox 1223 3807 1325 3855; baseline -0.02 0"><span class='ocrx_word' id='word_1_425' title='bbox 1223 3807 1325 3855; x_wconf 80' lang='lat' dir='ltr'>dientiae</span> 
     </span>
     <span class='ocr_line' id='line_1_64' title="bbox 1222 3866 1305 3914; baseline 0 -7"><span class='ocrx_word' id='word_1_426' title='bbox 1222 3866 1305 3914; x_wconf 81' lang='lat' dir='ltr'>SSrrrr&#39;.</span> 
     </span>
    </p>
   </div>
   <div class='ocr_carea' id='block_1_18' title="bbox 0 0 1516 4900">
    <p class='ocr_par' dir='ltr' id='par_1_19' title="bbox 0 0 1516 4900">
     <span class='ocr_line' id='line_1_65' title="bbox 0 0 1516 4900; baseline 0 0"><span class='ocrx_word' id='word_1_427' title='bbox 0 0 1516 4900; x_wconf 95' lang='lat' dir='ltr'> </span> 
     </span>
    </p>
   </div>
  </div>
 </body>
</html>
