2959 4900
177 336 328 373 pacatarum
344 338 381 371 ou
397 336 549 371 raraurrnu
566 336 724 373 naenrrorta
740 337 841 372 rusrrr.
858 336 992 373 vorentur
1006 317 1097 373 s1u131..
1135 316 1189 378 f3f

142 469 185 525 28.
201 470 282 523 Num
309 468 340 523 in
365 468 543 525 dimittendis
573 468 722 525 sodalibus
751 483 862 542 temper
889 463 1057 527 obseruatae
1086 471 1195 528 fuerint

106 556 227 595 normae
240 541 269 594 in
285 540 552 596 Constitutionibus
564 542 766 613 praescriptae.

142 629 185 683 ²9·
201 612 283 665 Num
305 628 418 683 semper
441 624 468 668 et
493 629 510 666 a
535 628 595 736 quo
621 612 771 683 superiore
793 613 995 680 ecclesiastico,
1025 612 1056 667 in
1080 614 1193 671 casibus

106 681 293 752 dimissionis,
307 682 426 739 obtenta
439 683 526 738 fuerit
558 682 715 756 ispensatio
728 700 815 757 super
828 684 904 739 votis
916 684 1038 741 emissis.

140 753 406 822 30.-(Jn1nstituris
426 752 593 825 Sororum).
618 756 699 810 Num
717 755 747 810 in
767 755 881 811 casibus
894 756 1073 812 dimissionis
1084 757 1193 829 profes·

105 840 204 879 sarum
218 824 249 879 in
263 837 438 897 perpetuum
447 826 598 881 accesserit
610 824 798 882 confirmatio
810 828 979 897 apostolica.

140 896 184 951 31.
201 896 247 965 (In
258 897 403 953 Institutis
415 897 571 968 virorum).
588 898 669 953 Num
683 898 713 951 in
727 898 907 953 dimittendis
919 898 1068 955 sodalibus
1080 916 1193 971 semper

105 977 134 1021 et
153 967 183 1020 in
203 967 342 1023 omnibus
357 968 541 1025 observatum
562 968 649 1024 fuerit
674 971 830 1025 Decretum
848 970 954 1026 Auctis
968 969 1144 1037 admodum3
1165 979 1194 1025 et

105 1038 280 1093 nominatim
302 1056 375 1095 num
395 1040 426 1095 in
449 1056 518 1095 casu
539 1039 661 1111 professi
681 1040 824 1114 perpetui,
847 1041 892 1096 vel
914 1040 1036 1114 professi
1055 1053 1193 1097 votorum

105 1121 363 1180 temporaneorum
385 1111 515 1183 quidem,
540 1112 590 1168 sed
612 1111 763 1168 constituti
779 1111 810 1168 in
825 1111 936 1169 Ordine
949 1129 1041 1181 sacro,
1059 1114 1192 1169 Modera-

106 1191 182 1235 tores
198 1181 326 1237 Instituti
501 1194 503 1200 ’

173 1253 205 1320 α)
218 1252 422 1324 praemiserint
435 1253 542 1310 trinam
556 1254 753 1311 monitionem
765 1276 772 1323 ;

121 1390 127 1400 ι
178 1323 206 1395 b)
219 1324 399 1393 admiserint,
415 1341 553 1381 concesso
566 1342 697 1397 congruo
709 1339 851 1398 tempore,
866 1325 1081 1399 legitimam'rei
1094 1327 1192 1384 ‘defen-

106 1407 229 1463 sionem,
242 1396 364 1468 eiusque
377 1396 522 1452 rationem
532 1396 660 1452 debitam
672 1398 828 1454 habuerint
839 1419 846 1466 ;

166 1468 200 1536 c)
216 1483 263 1536 an,
280 1467 417 1539 quotiens
432 1478 461 1523 et
475 1484 532 1539 qua
546 1467 681 1524 facultate
696 1469 888 1541 processerint
908 1470 1068 1526 summario
1090 1472 1190 1527 modo.

139 1535 182 1590 32.
199 1536 245 1606 (In
259 1537 403 1594 Institutir
416 1539 582 1611 Sororum).
608 1541 689 1594 Num
711 1540 833 1611 egressis
845 1558 1034 1613 quacumque
1051 1542 1088 1597 de
1107 1560 1193 1598 causa

102 1605 164 1675 dos,
192 1610 418 1680 quomodolibet
448 1610 613 1679 constituta,
641 1611 753 1683 integre
783 1612 887 1667 tradita
914 1612 1011 1682 fuerit,
1041 1630 1099 1668 una
1124 1631 1193 1669 cum

103 1680 278 1749 supellectili
301 1698 391 1757 quam
417 1682 454 1736 ad
482 1682 651 1739 Institutum
670 1682 837 1751 attulerant,
861 1683 892 1737 in
914 1700 949 1740 eo
974 1696 1051 1739 statu
1077 1684 1107 1740 in
1132 1703 1192 1757 quo

104 1757 236 1822 tempore
249 1768 380 1823 egressus
391 1752 600 1825 reperiebatur.

137 1820 183 1876 33.
200 1823 281 1877 Num
293 1822 328 1879 iis
338 1841 413 1896 quae
427 1824 552 1897 propriis
562 1824 648 1880 bonis
661 1824 814 1881 destitutae
829 1837 922 1892 erant,
939 1826 974 1897 in,
983 1843 1051 1883 casu
1061 1843 1192 1900 egressus

101 1906 136 1970 ex
152 1892 297 1962 lnstituto,
313 1895 472 1951 necessaria
487 1895 669 1967 suppeditata
682 1895 800 1965 fuerint,
817 1897 925 1969 quibus
939 1909 1005 1953 tuto
1017 1911 1045 1954 et
1058 1900 1192 1955 decenter

102 1978 132 2016 tn
146 1964 297 2036 propriam
310 1966 450 2022 familiam
461 1966 565 2023 reverti
578 1967 737 2038 potuerint.

537 2111 575 2165 ll.
599 2111 641 2165 Da
662 2112 759 2166 Raaus

207 2233 238 2299 a)
253 2229 301 2284 De
314 2228 457 2285 domibus

137 2312 181 2379 34.
199 2313 280 2381 Quot
292 2314 396 2369 domos
408 2313 578 2369 Institutum
588 2314 703 2383 habeat,
719 2327 748 2370 et
757 2314 788 2369 in
801 2315 979 2388 quibusnam
989 2318 1188 2381 dioecesibus:

101 2399 138 2436 an
150 2395 179 2437 et
189 2396 263 2457 quot
275 2384 380 2440 habeat
392 2384 565 2458 provincias.

136 2455 181 2511 35.
197 2457 244 2510 An
266 2470 296 2512 et
317 2467 390 2529 quot
408 2473 502 2513 novae
520 2458 626 2514 domus
646 2471 714 2530 post
733 2458 870 2514 ultimam
888 2461 1060 2520 relationem
1074 2479 1190 2540 apertae

99 2524 230 2582 fuerint:
245 2541 273 2584 et
287 2546 324 2583 an
338 2529 369 2583 in
384 2529 522 2585 omnibus
543 2528 737 2586 intercesserit
759 2529 888 2602 legitima
910 2536 1064 2593 auctoritas
1084 2550 1113 2594 et
1134 2555 1190 2595 ser-

99 2610 166 2652 vata
180 2597 267 2654 fuerit
279 2599 354 2654 ratio
369 2599 399 2654 in
414 2600 672 2656 constitutionibus
686 2601 874 2676 praescripta.
1156 2650 1158 2652 ,
1204 2641 1208 2648 -
1275 2613 1279 2620 ’

133 2669 178 2727 36.
193 2669 274 2738 Quot
294 2668 407 2727 sodales
429 2671 609 2728 diversarum
628 2671 767 2727 classium
779 2671 810 2726 in
824 2674 948 2746 singulis
961 2677 1098 2736 domibus
1111 2698 1189 2738 com·
1203 2688 1205 2691 '

98 2753 262 2808 morentur,
277 2754 304 2796 et
320 2741 355 2811 (si
368 2741 480 2797 diversa
492 2759 580 2816 opera
593 2743 629 2798 ab
645 2744 783 2799 lnstituto
795 2752 996 2821 exerceantur)
1011 2750 1190 2822 quibusnam

99 2811 240 2884 operibus
253 2813 360 2868 addicti
372 2813 439 2868 sint.

134 2883 183 2963 37..
195 2884 276 2938 Num
289 2895 356 2956 post
368 2883 502 2964 ultimam
515 2885 686 2941 relationem
699 2885 807 2941 domus
821 2886 921 2959 aliqua
935 2905 1090 2962 suppressa
1104 2894 1190 2951 fuerit

98 2965 127 3008 et
138 2970 293 3009 cuiusnam
307 2966 489 3012 auctoritate.

134 3025 178 3080 38.
193 3025 302 3081 Utrum
315 3026 422 3097 singuli
441 3029 554 3083 sodales
573 3027 704 3099 proprias
724 3028 811 3084 cellas
830 3028 966 3097 habeant,
990 3049 1028 3086 an
1042 3034 1145 3090 saltem
1157 3037 1188 3090 in

98 3096 250 3152 communi
264 3098 436 3153 dormitorio
449 3115 537 3154 suurn
559 3099 684 3169 quisque
706 3099 804 3154 cubile
819 3100 1026 3158 convenienter
1044 3105 1081 3159 ab
1094 3107 1188 3162 omni-

101 3166 153 3222 bus
167 3167 232 3223 aliis
246 3180 424 3242 separatum.

117 3239 177 3364 dgq.
196 3241 277 3320 Num
299 3239 422 3295 infirmis
447 3241 583 3296 curandis
606 3253 755 3312 separatus
779 3241 863 3296 locus
885 3243 1083 3318 undequaque
1104 3261 1188 3322 aptus

100 3325 116 3364 a
156 3322 230 3366 lctus
243 3324 289 3367 sit.

132 3398 179 3450 40.
196 3383 278 3437 Num
300 3399 354 3454 pro
378 3381 551 3455 recipiendis
577 3381 741 3452 hospitibus
764 3383 861 3438 adsint
884 3383 915 3438 in
938 3385 1028 3442 domo
1053 3390 1188 3447 cubicula

100 3451 286 3521 sufficienter,
301 3466 334 3508 ut
347 3453 438 3517 decet,
453 3471 469 3508 a
482 3455 693 3509 communitate
705 3453 842 3525 religiosa
853 3467 995 3526 separata.

133 3542 178 3592 41.
194 3524 241 3588 (In
257 3524 402 3580 Institutis
421 3525 587 3596 Sororum).
609 3527 689 3580 Num
704 3525 846 3581 habitatio
866 3527 1037 3600 Cappellani
1050 3531 1109 3588 sive
1119 3550 1187 3588 con·

99 3591 209 3650 fessarii
222 3595 387 3666 ingressum
403 3607 578 3668 separatum,
594 3611 622 3653 et
636 3597 750 3651 nullam
764 3612 832 3652 cum
852 3598 996 3654 Sororum
1009 3601 1187 3661 habitatione

100 3666 399 3723 communicationem
411 3666 527 3722 habeat.

202 3770 229 3842 b)
245 3770 400 3827 Dodonia.

132 3871 177 3922 42.
192 3853 323 3921 Quinam
336 3853 443 3910 fuerint
455 3855 491 3910 ab
505 3854 608 3910 ultima
621 3854 764 3910 relatione
777 3856 868 3910 annui
882 3857 992 3913 reditus
1005 3869 1033 3914 et
1045 3876 1187 3933 expensae

99 3925 128 3993 a)
139 3937 204 3979 tum
219 3925 347 3981 Instituti
362 3924 393 3980 in
405 3925 564 3990 communi,
580 3925 607 3990 b)
621 3937 685 3980 tum
700 3925 935 3999 uniuscuiusque
949 3930 1067 3986 domus.

131 3995 176 4064 43.
194 3997 276 4051 Num
289 3998 326 4052 ab
338 3996 442 4052 ultima
462 3996 604 4058 relatione
626 3997 685 4053 sive
705 3998 876 4054 Institutum
894 3998 925 4052 in
945 4003 1106 4072 communi,
1127 4003 1187 4060 sive

99 4077 190 4122 certae
211 4067 318 4123 domus
339 4067 370 4122 in
391 4067 558 4140 particulari
578 4084 655 4124 nova
674 4067 796 4124 mobilia
819 4069 864 4124 vel
886 4069 1050 4128 immobilia
1063 4085 1091 4128 et
1103 4074 1186 4131 cuius

99 4137 203 4193 valoris
215 4138 409 4195 obtinuerint.
1030 4200 1033 4206 .

132 4229 176 4279 44.
184 4211 274 4290 'Num
288 4210 441 4283 pecuniam
455 4226 567 4282 semper
580 4209 646 4265 utili
659 4209 778 4266 faenore
791 4222 819 4266 et
831 4211 957 4268 honesto
971 4231 1005 4271 ac
1017 4225 1082 4272 tuto
1095 4217 1186 4274 collo·

100 4293 234 4336 caverint.
