2959 4900
158 271 245 353 [160]
291 294 503 332 tununouurrnn
518 296 665 333 onnrtours
681 296 733 332 rao
748 294 900 333 cantarana
915 295 1104 332 couuuruour
1186 272 1246 334 ΓΠ

329 428 429 513 160.
455 482 497 527 ,-
520 444 570 513 ΕΧ
591 443 804 513 audierim
824 442 1075 513 sanctissimi

241 567 550 644 INDULGENTIAB
568 588 803 645 GONGESSAE
819 590 891 644 mn
908 589 951 644 30
968 590 1065 645 snm
1082 589 1164 643 1905
1248 630 1250 632 »

173 716 367 774 orantibus
385 729 451 789 pro
470 716 674 774 cotidianae
692 717 952 775 communionis
969 715 1231 790 propagatione

559 858 561 863 '
613 850 787 924 Pregln'era

191 957 425 1016 01dolcissimo
448 958 527 1016 Gesu
545 959 731 1017 che'veniste
752 959 780 1015 al
801 962 913 1017 mondo
934 977 986 1035 per
1007 961 1077 1017 dare
1094 970 1201 1015 atune
1218 961 1246 1016 le

154 1029 293 1085 animala
308 1031 366 1086 vita
379 1030 455 1087 della
467 1031 563 1103 grazia
577 1044 683 1095 vostra,
698 1048 714 1088 e
733 1032 796 1098 che,
812 1048 863 1114 per
877 1034 1062 1090 conservarla
1076 1032 1112 1087 ed
1126 1031 1246 1087 alimen·

154 1101 228 1156 tarla
250 1100 281 1156 in
302 1116 374 1168 esse,
390 1102 499 1158 voleste
513 1119 606 1160 essere
623 1120 639 1159 e
660 1103 688 1158 la
712 1104 882 1176 quotidiana
903 1103 1055 1160 medecina
1079 1102 1155 1159 della
1179 1102 1246 1158 loro

155 1172 328 1244 quotidiana
353 1171 494 1229 infirmita
518 1174 587 1230 edil
609 1175 674 1231 loro
693 1175 867 1247 quotidiano
885 1185 1134 1243 sostentament03
1159 1174 1245 1229 umil-

154 1254 253 1300 mente
276 1244 312 1300 Vi
334 1244 514 1317 preghiamo‚
535 1261 586 1317 per
600 1246 621 1301 il
640 1258 738 1302 vostro
757 1247 854 1303 Cuore
866 1248 928 1302 cosi
947 1246 1067 1303 ardente
1087 1246 1134 1301 del
1154 1246 1244 1301 amor’

155 1326 299 1384 n'ostr0‚·a
319 1314 485 1374 diffundere
496 1331 585 1390 sopra
597 1318 627 1373 di
640 1328 715 1374 tutte
728 1316 749 1371 il
761 1318 868 1376 Vostro
880 1316 981 1375 divino
994 1317 1107 1392 spirito,
1121 1315 1247 1373 affinche

71 1444 73 1449 ,
155 1386 254 1459 quelle
266 1386 321 1443 che
333 1398 602 1445 sventuratumente
620 1406 694 1444 sono
708 1388 738 1443 in
749 1403 868 1462 peccato
878 1389 1012 1459 mortale,
1024 1387 1246 1450 convertendosi

155 1474 173 1511 a
185 1456 253 1525 Voi‚
267 1457 458 1532 riacquistino
477 1460 505 1514 la
517 1458 575 1515 vita
599 1459 676 1516 della
697 1460 794 1531 grazia
816 1461 948 1542 perdura,
959 1476 985 1541 e·
1001 1460 1175 1532 quelleche‚
1194 1476 1246 1532 per
1263 1485 1265 1488 ·

156 1528 264 1584 Vostro
278 1528 368 1597 don0‚
382 1524 490 1587 vivono
504 1530 551 1603 gia
564 1531 593 1587 di
606 1542 708 1604 questa
723 1532 783 1587 vita
794 1531 902 1600 divina,
917 1548 986 1604 ogni
999 1531 1114 1602 giorno,
1125 1530 1245 1603 quando

154 1614 294 1671 possono‚
309 1600 333 1655 si
355 1602 502 1657 accostino
517 1602 721 1659 devotamente
733 1603 791 1658 alla
814 1604 920 1659 Vostra
943 1619 1024 1659 sacra
1042 1619 1143 1658 mensa
1168 1601 1246 1658 onde

153 1686 207 1744 per
225 1687 325 1727 mezzo
338 1672 414 1729 della
428 1671 601 1753 quotidiana
615 1675 835 1744 communione,
849 1673 1005 1731 rioevendo
1022 1674 1092 1747 ogni
1105 1674 1210 1754 giorno
1224 1672 1246 1727 il

154 1742 379 1800 contravveleno
402 1743 448 1800 der
467 1744 532 1800 loro
554 1746 664 1817 peccati
679 1746 786 1802 veniali
806 1745 980 1817 quotidiani,
996 1746 1031 1801 ed
1045 1761 1115 1817 ognr
1139 1744 1245 1817 giorno

154 1812 355 1870 alimentando
373 1814 405 1870 in
424 1816 456 1871 se
467 1816 496 1871 la
513 1817 572 1872 vita
591 1817 668 1873 della
690 1818 787 1888 grazia
811 1818 925 1886 Vostra,
949 1833 966 1873 e
1002 1816 1167 1873 urificando
1185 1816 1246 1872 cosi

154 1900 269 1959 sempre
283 1884 334 1957 pii
349 1886 468 1943 l'anima
477 1887 605 1961 propria,
616 1888 767 1961 giungano
781 1888 952 1945 finalmente
964 1834 1245 1960 afconseguimento

154 1954 231 2012 della
243 1957 301 2013 vita
313 1974 371 2013 con
385 1958 442 2013 Voi
457 1958 551 2015 beata.
567 1961 673 2015 Amen.

795 2049 799 2057 ·
875 2030 930 2087 Die
942 2032 977 2087 30
991 2030 1062 2085 maii
1078 2030 1155 2103 1905.

190 2098 281 2155 SSmus
293 2101 360 2156 Dru·
371 2100 488 2170 Noster,
500 2117 568 2157 cum
587 2101 641 2175 ipsi
655 2103 784 2159 maxime
797 2102 878 2158 cordi
897 2103 934 2159 sit
947 2114 980 2158 ut
998 2117 1069 2158 usus
1080 2101 1245 2157 cotidianae

154 2168 382 2227 Communionis
395 2183 455 2227 tam
477 2172 601 2228 salubris
627 2190 661 2228 ac
676 2176 749 2231 Deo
772 2185 918 2247 acceptus,
938 2172 1098 2230 christiano
1160 2172 1242 2254 pulo,

154 2240 271 2297 Christo
293 2242 422 2298 Domino
441 2243 608 2312 adiuvante,
622 2244 733 2319 ubique
745 2256 932 2319 propagetur,
947 2243 1086 2301 omnibus
1147 2242 1244 2301 ustifi-

153 2312 268 2369 delibus
295 2314 347 2385 qui
370 2313 529 2385 praefatam
556 2315 721 2373 orationem
739 2319 842 2374 devote
867 2316 1059 2383 recitaverint,
1081 2327 1245 2372 tercentum

153 2384 268 2440 dierum
281 2385 494 2458 indulgentiam
513 2387 619 2443 cotidie
630 2387 803 2445 lucrandam
816 2410 824 2457 ς
844 2387 880 2443 iis
899 2404 967 2445 vero
979 2387 1030 2461 qui
1047 2404 1100 2462 per
1113 2403 1244 2443 mensem

154 2455 302 2528 integrum
313 2458 341 2513 id
355 2458 476 2530 egerint,
488 2470 577 2532 atque
586 2460 634 2515 die
642 2463 761 2537 proprio
773 2460 895 2517 arbitrio
904 2460 1050 2533 eligendo,
1062 2469 1244 2516 sacramento

153 2528 349 2610 paenitentiae
375 2528 481 2610 expiati
498 2547 637 2604 sacraque
658 2532 869 2589 communione
890 2531 998 2600 refecti,
1014 2531 1168 2605 publicum
1180 2547 1244 2587 ora-

152 2609 264 2654 tonum
278 2611 456 2657 vrsrtaverrnt
470 2617 509 2656 ac
521 2601 602 2658 iuxta
615 2603 812 2661 intentionem
825 2604 992 2660 Sanctitatis
1004 2620 1075 2660 suae
1086 2603 1242 2669 oraverint,

153 2669 316 2741 plenariam
331 2670 414 2728 indul
436 2673 545 2729 entiam
558 2675 683 2746 benigne
704 2675 858 2732 concessit.
875 2677 955 2744 Quas
967 2673 1165 2747 indulgentias
1184 2673 1245 2729 ani-

153 2741 260 2797 mabus
273 2743 362 2799 etiam
375 2743 406 2800 in
448 2745 599 2816 urgatorio
614 2746 737 2802 detentis
749 2747 918 2819 profuturas
927 2746 1093 2804 declaravit.
1108 2748 1246 2801 Praesen-

153 2811 234 2868 tibus
247 2813 278 2868 in
293 2825 468 2886 perpetuum
481 2815 624 2884 valituris,
639 2817 793 2873 contrariis
808 2818 1045 2890 quibuscumque
1057 2834 1119 2873 non
1131 2816 1246 2872 obstan-

153 2883 242 2943 tibus.
257 2887 432 2958 inquorum
446 2884 545 2955 fidem,
560 2900 612 2948 etc.

737 3006 739 3010 .
783 2960 944 3014 Casruraus
961 2959 1049 3015 Card.
1064 2960 1209 3016 Genuam.

192 3027 332 3083 Praesens
347 3028 532 3100 Rescriptum
545 3029 707 3086 exhibitum
716 3031 772 3086 fuit
783 3031 853 3086 huic
863 3032 893 3086 S.
905 3031 1022 3102 congre
1042 3029 1134 3086 arioni
1147 3029 1245 3085 Indul-

49 3151 52 3157 .
152 3097 258 3170 gentiis
272 3098 422 3172 sacrisque
436 3100 577 3173 Reliquiis
591 3102 782 3175 praepositae.
799 3104 832 3157 In
868 3118 977 3158 uorum
991 3099 1011 3156 fi
1033 3118 1091 3171 em,
1106 3111 1160 3158 etc.

191 3170 299 3225 Datum
313 3172 424 3226 Romae
438 3187 473 3227 ex
487 3172 647 3228 Secretaria
658 3173 788 3230 eiusdem
800 3174 830 3230 S.
845 3121 879 3230 ἓ.
895 3173 967 3229 die3
982 3171 1057 3229 iunii
1072 3172 1152 3246 1905.

515 3243 555 3299 D.
571 3244 691 3314 Potrici,
708 3245 884 3319 archiepisc.
905 3243 1080 3314 Laodicen.¹
1097 3244 1209 3300 Secret.

183 3399 228 3445 10
239 3399 294 3446 ire's
303 3396 376 3446 doux
386 3399 475 3463 Jesus‚
487 3398 534 3460 qui
546 3401 602 3447 ates
612 3412 684 3447 venu
699 3397 768 3447 dans
777 3399 804 3446 le
813 3398 912 3447 monde
926 3411 997 3458 pour
1012 3398 1116 3448 donner
1131 3401 1149 3448 a
1159 3404 1247 3449 tontes

153 3465 193 3512 les
208 3465 282 3511 ames
298 3463 326 3511 la
335 3463 380 3512 vie
391 3465 426 3512 de
435 3469 512 3513 voire
522 3467 612 3525 grace,
623 3471 650 3513 et
667 3465 724 3525 qui,
737 3478 808 3524 pour
823 3466 849 3513 la
859 3477 1003 3513 conserver
1018 3470 1045 3513 et
1059 3466 1085 3513 la
1095 3466 1203 3514 nourrir
1213 3481 1248 3515 en

151 3530 227 3585 elles,
244 3542 311 3577 avez
322 3530 404 3578 voulu
418 3532 474 3578 etre
492 3531 517 3579 le
528 3531 638 3579 remede
653 3531 797 3592 quotidien
807 3531 842 3578 de
856 3531 916 3579 leur
925 3529 1105 3590 quotidienne
1120 3531 1249 3581 faiblesse

151 3601 181 3644 et
191 3596 250 3643 leur
259 3595 373 3644 aliment
383 3595 417 3644 de
432 3595 539 3657 chaque
554 3597 635 3656 jour:
658 3610 727 3647 nous
742 3611 811 3646 vous
827 3597 970 3657 supplions
984 3595 1180 3654 humblement‚
1197 3613 1249 3658 par

152 3665 230 3710 voire
241 3663 324 3710 Coeur
334 3661 458 3712 embrase
469 3663 591 3712 d'amour
605 3676 675 3724 pour
685 3678 765 3721 nous,
777 3665 811 3711 de
825 3662 960 3722 repandre
969 3677 1017 3712 sur
1026 3669 1115 3712 toutes
1125 3665 1164 3714 lec
1174 3668 1249 3715 ames

152 3733 230 3775 voire
241 3726 318 3775 divin
338 3727 432 3787 esprit,
451 3727 506 3776 afin
519 3743 573 3789 que
590 3730 672 3778 celles
687 3731 734 3791 qui
755 3728 1018 3778 malheureusement
1032 3735 1094 3778 sont
1108 3743 1143 3778 en
1162 3732 1249 3791 peche

153 3795 250 3841 morial
259 3805 290 3842 se
307 3793 505 3843 convertissent
515 3797 532 3844 a
542 3809 611 3844 vous
630 3801 657 3844 et
671 3801 834 3845 recouvrent
845 3797 872 3846 la
889 3796 934 3845 vie
948 3796 983 3845 de
992 3797 1020 3845 la
1037 3798 1119 3856 grace
1138 3798 1249 3858 qu'ellee

153 3864 202 3907 ont
211 3859 315 3919 perdue
326 3874 333 3916 ;
346 3866 373 3909 et
384 3875 438 3921 que
449 3862 531 3910 cellas
541 3861 599 3924 qui,
613 3876 663 3922 par
676 3869 754 3912 voire
762 3847 882 3920 secoiirs,
893 3863 987 3911 vivent
997 3863 1058 3924 deja
1069 3863 1105 3912 de
1119 3868 1190 3917 cette
1203 3865 1249 3915 vie

154 3926 257 3982 divine,
268 3927 461 3988 s'approchent
473 3929 645 3980 devotament
655 3929 765 3993 chaque
776 3932 848 3991 jour,
860 3932 953 3992 quand
965 3933 1030 3981 elles
1040 3933 1065 3981 le
1075 3939 1203 3992 peuvent,
1214 3933 1250 3981 de

153 3999 232 4041 votre
241 3991 330 4043 Table
340 3994 444 4045 sainte:
462 4009 496 4045 en
507 4001 651 4057 sorteque,
666 4011 718 4057 par
728 3999 754 4046 le
774 4011 873 4058 moyen
887 3999 922 4047 de
941 4000 969 4047 la
984 3999 1166 4048 communion
1181 4013 1250 4060 quo·

1332 968 1462 1028 Praeposi-

1300 1030 1349 1073 tam
1368 1027 1460 1074 oratio·

1299 1097 1359 1141 nem,
1455 1107 1458 1113 ·

1333 2151 1460 2211 Indulgen-

1299 2210 1342 2256 lit's
1351 2210 1414 2257 ditat
1429 2212 1458 2259 S.

1297 2267 1419 2328 Pontifex,

1297 2329 1374 2371 motus
1388 2340 1431 2373 saa

1297 2382 1415 2429 voluntate

1296 2440 1447 2500 propagandi

1298 2512 1365 2546 usam
1374 2502 1430 2547 coti-

1298 2554 1385 2604 dianae
1398 2571 1460 2605 com·

1301 2618 1430 2663 munionis.

153 4057 284 4117 tidienne‚
297 4067 427 4110 recevant
437 4068 498 4110 tous
513 4063 552 4111 les
565 4063 641 4122 jours
656 4064 682 4111 le
697 4064 890 4124 contrepoison
900 4065 935 4113 de
949 4066 1022 4114 leurs
1031 4064 1132 4125 peenas
1146 4065 1249 4114 veniels
1300 4058 1304 4064 ’

154 4124 320 4184 quotidiana,
333 4133 360 4176 et
370 4127 530 4176 alimentant
545 4134 606 4177 tous
616 4130 655 4178 les
667 4130 745 4189 jours
764 4132 875 4179 auelles
884 4132 912 4179 la
926 4129 971 4180 vie
980 4130 1016 4180 de
1025 4136 1101 4180 votre
1115 4134 1205 4193 grace,
1221 4137 1250 4181 et

152 4189 225 4238 ainsi
234 4205 263 4240 se
274 4192 404 4252 purifiant
415 4194 537 4253 ioujours
547 4195 700 4256 davantage
709 4233 715 4253 ,
725 4197 791 4244 elles
806 4197 987 4257 parviennant
994 4195 1069 4246 enfin
1078 4198 1097 4246 al
1106 4199 1134 4247 la
1143 4211 1249 4258 posses·

149 4255 215 4306 sion
225 4258 260 4306 de
269 4259 297 4308 la
307 4258 352 4308 vie
363 4258 562 4310 bienheureuse
572 4275 641 4310 avec
656 4263 740 4312 Vous.
758 4262 837 4313 Ainsi
848 4263 943 4314 soit-il.
