2959 4900
120 1988 251 2037 Tridoaoa

91 2048 225 2101 sollemnia,

91 2106 148 2165 quid
166 2109 215 2151 sint
230 2110 251 2150 el

91 2178 137 2223 qua
158 2166 251 2208 rollone

92 2221 238 2268 celebranda.

99 2732 252 2778 Deoralionr

88 2791 239 2848 panegirico.

99 2917 251 2974 Procscrrbla

89 2980 228 3041 granorum

91 3038 162 3079 actio.

120 3114 135 3160 I
136 3114 251 3159 astructio

91 3177 124 3217 est
134 3169 251 3216 servanda

92 3231 118 3276 io
130 3235 223 3275 orioro-

92 3288 147 3333 riis.

101 3344 250 3403 approbatio

87 3400 221 3461 portlificio.

121 3460 232 3515 Diasion

92 3516 148 3563 iulii
159 3521 236 3574 1899).

114 3813 252 3860 Missurum

91 3871 204 3930 qualitas.

470 877 1232 1018 MONUMENTA

692 1167 1011 1174 ——-----——

484 1291 554 1376 41.
578 1344 618 1352 -
640 1304 675 1373 8.
702 1304 847 1373 lll'lllllll
872 1300 1211 1373 contaminatos

1447 1247 1449 1378 l

425 1488 668 1544 lustaucrlo
685 1489 729 1542 24
746 1488 849 1542 lULlI
865 1488 946 1542 1899
965 1487 1021 1541 ET
1035 1483 1272 1541 PHIVILEGIA

304 1652 357 1708 De
376 1652 544 1708 triduana
562 1651 621 1707 vel
640 1653 832 1709 octiduana
851 1653 1093 1708 celebratione
1116 1647 1382 1705 beatificationis
1448 1623 1449 1650 ³

671 1724 730 1778 vel
748 1725 1032 1780 canonizationis

343 1883 365 1936 l.
386 1880 545 1936 instructio
559 1898 595 1949 24
610 1881 678 1935 iulii
690 1884 770 1950 1899.

343 1980 424 2032 Haec
437 1980 574 2034 triduana
595 1980 750 2034 sollemnia
774 1979 937 2035 consistunt
950 1979 980 2033 in
993 1978 1075 2033 cultu
1090 1991 1118 2032 et
1134 1977 1296 2034 honoribus
1315 1978 1381 2032 Alta-

305 2049 382 2104 rium
396 2050 489 2122 prima
502 2052 564 2105 vice
579 2068 629 2122 per
643 2064 700 2106 tres
713 2051 774 2106 dies
788 2050 944 2106 continuos
958 2066 1037 2105 novo
1051 2049 1139 2104 alicui
1155 2051 1244 2105 Beato
1267 2050 1382 2104 tribuen-

305 2120 359 2176 dis.
388 2121 569 2176 Huiusmodi
591 2123 687 2177 cultus
709 2122 903 2176 caerimoniae
926 2121 1098 2193 praecipuae
1120 2121 1220 2176 stricte
1235 2121 1383 2196 liturgicoe

305 2192 361 2247 sint
381 2206 507 2264 oportet,
531 2211 606 2264 quae
630 2194 770 2247 nimirum
794 2194 913 2247 Missam
927 2192 1100 2247 sollemnem
1119 2207 1146 2248 et
1168 2193 1265 2256 etiam,
1281 2193 1305 2248 si
1316 2209 1382 2248 com-

306 2263 468 2318 madefieri
484 2265 584 2336 possit,
596 2265 738 2336 Vesperas
752 2264 910 2320 sollemnes
923 2264 1164 2337 complectantur.
1183 2264 1382 2319 Permittuntur

305 2348 402 2391 autem
426 2348 539 2408 praeter
561 2336 625 2390 illas
650 2350 677 2390 et
703 2336 777 2390 aliae
800 2335 965 2390 functiones
987 2336 1207 2404 ecclesiasticae,
1230 2337 1273 2390 uti
1297 2351 1382 2407 preces

306 2407 450 2487 quaedam
463 2423 531 2463 cum
553 2407 722 2480 interposita
746 2408 886 2463 Oratione
902 2407 1057 2463 Dominica
1079 2420 1107 2463 et
1128 2405 1268 2478 Angelica
1290 2407 1382 2463 saluta-

305 2490 395 2543 tione,
425 2478 557 2533 Litaniae
591 2482 783 2543 lcauretanae,
811 2496 936 2547 necnon,
965 2478 1081 2551 praevio
1119 2491 1217 2533 tamen
1251 2494 1381 2534 consensu

306 2550 464 2675 {ltdinarih
492 2549 642 2606 sollemnis
677 2549 850 2606 Benedictio·
875 2567 942 2605 cum
974 2544 1162 2606 sanctissimo
1197 2549 1383 2605 Eucharistiae

327 2635 506 2676 aeramento.

341 2704 442 2759 Oratio
459 2705 624 2777 panegirico
645 2704 696 2759 fiat
718 2704 793 2758 inter
806 2704 971 2761 Missarum
985 2703 1142 2759 sollemnia
1164 2718 1228 2776 post
1248 2715 1383 2759 cantatum

307 2775 509 2847 Evangelium,
527 2794 600 2847 quae
614 2777 644 2829 in
658 2793 727 2831 casu
741 2776 896 2830 habebitur
909 2776 988 2830 velut
1005 2775 1153 2843 Homilia;
1179 2776 1223 2830 vel
1238 2777 1323 2831 etiam
1335 2773 1383 2829 sivc

305 2860 372 2901 ante
395 2846 453 2901 sive
466 2862 531 2920 post
544 2848 686 2917 Vesperas
708 2847 823 2901 recitari
847 2847 962 2919 poterit.
983 2846 1082 2901 Tertia
1095 2864 1164 2901 vero
1177 2846 1224 2901 die
1237 2864 1298 2902 non
1311 2844 1383 2901 omit-

305 2930 383 2974 tatur
395 2931 497 2973 cantus
519 2918 668 2973 sollemnis
695 2919 738 2973 Te
752 2919 860 2986 Deum,
876 2936 944 2974 cum
958 2918 1090 2973 oratione
1104 2918 1188 2972 solita
1208 2936 1267 2991 pro
1278 2916 1383 2993 gratia·
1446 2928 1447 2963 l

306 3007 373 3043 rum
389 2990 515 3044 actione.

343 3075 424 3129 Haec
436 3073 599 3146 dispositio,
614 3091 690 3145 quae
700 3074 808 3146 pariter
821 3074 850 3128 in
866 3072 1025 3129 Octavariis
1039 3073 1231 3129 sollemnibus
1245 3056 1384 3131 occasione

306 3145 429 3200 alicuius
442 3144 681 3201 Canonizationis
694 3147 835 3200 servanda
849 3159 900 3212 est,
916 3145 1131 3200 aSanctissimo
1148 3146 1276 3201 Domino
1288 3148 1384 3201 Nostro

308 3218 407 3271 Leone
422 3218 502 3288 Papa
515 3218 587 3271 Xlll
602 3216 633 3271 in
647 3217 795 3272 audientia
804 3218 860 3272 diei
876 3236 909 3286 24
924 3216 988 3271 iulii
1006 3217 1072 3289 1899
1085 3216 1245 3289 approbata
1261 3218 1322 3272 luit.

343 3302 451 3355 Datum
464 3318 498 3355 ex
512 3300 671 3355 Secretaria
686 3301 715 3355 S.
733 3301 856 3355 Rituum
870 3300 1123 3371 Congregationis,
1139 3298 1185 3353 die
1199 3318 1233 3370 ²4
1243 3299 1304 3355 iulii
1318 3298 1383 3368 1899.

883 3384 916 3438 C.
933 3384 1018 3437 Card.
1036 3384 1203 3452 hilaratis,
1219 3384 1323 3455 Praes.

877 3468 917 3522 D.
932 3467 1051 3535 Paniai,
1067 3470 1098 3522 S.
1114 3468 1151 3521 R.
1169 3466 1203 3523 C.
1217 3468 1325 3523 Secret.

343 3563 381 3615 ll.
403 3560 576 3634 Pririlegia
589 3579 666 3633 quae
677 3563 706 3616 in
728 3564 826 3617 triduo
840 3563 886 3618 vel
899 3563 1014 3617 octiduo
1027 3562 1209 3618 sollemniter
1222 3558 1386 3617 celebrando

306 3632 386 3687 intra
400 3650 510 3686 annum
533 3650 552 3687 a
573 3633 799 3704 Beatificatione
821 3636 867 3690 vel
883 3634 1117 3707 Canoniqatione
1135 3652 1191 3707 per
1210 3635 1385 3705 Rescriptum
1444 3668 1445 3693 ,

305 3703 420 3759 Sacrae
430 3704 551 3758 Rituum
568 3704 822 3779 Congregalionis
832 3724 851 3761 a
861 3723 975 3761 summo
987 3706 1131 3780 Ponn'fice
1142 3706 1263 3761 concedi
1272 3706 1359 3761 soleat
1368 3712 1385 3754 ¹.

343 3790 365 3842 l.
389 3790 422 3841 ln
445 3787 614 3856 sollemniis
639 3790 699 3844 sive
718 3790 862 3844 triduanis
887 3808 940 3861 pro
966 3804 1096 3845 recenter
1124 3789 1308 3857 Beatificatis‚
1334 3785 1386 3840 sive

306 3860 470 3913 octiduanis
484 3876 537 3930 pro
559 3872 691 3915 recenter
713 3861 910 3928 Canonizatis,
928 3878 1003 3933 quae
1025 3860 1164 3916 celebrari
1179 3860 1385 3933 permittuntur,

307 3931 414 3985 Missae
427 3947 538 3997 omnes,
554 3930 613 3984 sive
627 3931 784 3988 sollemnes
798 3934 856 3987 sive
870 3933 1007 4006 privatae,
1023 3932 1096 3987 inter
1109 3932 1229 3987 Votivas
1248 3944 1386 3987 recensen-

307 4002 359 4056 dae
373 4015 450 4055 sunt.
466 4002 512 4055 Ob
526 4002 703 4072 peculiarem
719 4021 786 4058 vero
800 4004 1006 4073 celebritatem,
1022 4003 1165 4059 Sanctitas
1177 4005 1236 4059 Sua
1255 4000 1384 4069 indulget,
1443 4004 1444 4011 ’

336 4249 345 4282 1
361 4249 423 4308 Qua
431 4246 476 4295 die
484 4246 552 4295 haec
560 4246 766 4308 privilegiorum
777 4248 864 4297 forma
874 4249 908 4297 sit
917 4263 933 4297 a
942 4251 971 4299 S.
982 4249 1096 4298 Rituum
1105 4248 1318 4315 congregatione
1328 4256 1384 4303 pro·

306 4310 381 4372 bata,
392 4318 577 4371 nonconstat;
591 4314 694 4373 prodiit
705 4320 797 4363 autem
810 4315 837 4363 in
849 4315 949 4365 libellis
960 4315 1115 4376 periodicis,
1129 4330 1201 4364 anno
1212 4330 1339 4375 1901-1902.
