2959 4900
90 326 141 407 [13.
154 327 201 408 14]
220 351 241 386 s.
257 351 281 388 c.
298 350 414 386 usuum.
434 344 497 396 1903.
513 349 630 386 mauro.
646 349 861 385 renrraatoauu
876 349 1084 385 natrctosonuir
1120 326 1159 389 39

88 483 215 538 Ordinem
236 495 438 563 aggregentur,
463 493 491 537 et
512 483 548 536 ad
572 481 826 552 Indulgentiarum
849 493 877 536 et
896 482 1055 554 gratiarum
1074 481 1162 555 spiri·

87 554 198 610 tualium
208 554 468 628 participationem,
479 564 621 626 quantum
631 554 850 624 concedereses
859 565 910 620 est,
926 553 1132 622 admittantur3
1147 575 1163 604 >i

85 625 147 680 haec
157 638 252 682 tamen
271 640 419 698 postrema
432 627 529 692 verba,
545 639 578 679 ut
599 636 686 697 patet,
704 639 887 698 praesentem
909 626 1113 696 quaestionem
1131 624 1163 679 in

85 697 212 768 ambiguo
224 698 319 752 adhuc
330 697 524 770 reliquerunt.
699 711 702 719 ⁴

115 782 216 848 Quare,
231 799 267 837 ne
279 794 324 836 tot
336 799 371 836 ex
383 794 510 853 utroque
524 796 592 835 sexu
606 778 742 834 Tertiarii
755 779 863 834 horum
879 779 1095 845 Institutorum,
1115 778 1167 850 qui

86 852 207 922 exemplo
221 864 249 907 et
267 870 356 926 opere
370 853 405 908 de
425 869 455 906 re
468 850 611 906 catholica
629 852 739 922 optime
753 864 822 906 sunt
835 850 940 918 meriti,
955 851 1040 907 certis
1064 850 1166 904 lndul-

84 923 177 994 gentiis
191 923 298 979 diutius
310 936 436 990 careant,
453 922 619 994 quaesitum
633 934 676 977 est
694 943 700 978 :

113 1024 128 1054 n
145 1007 190 1060 An
212 1005 339 1075 generali
362 1005 552 1077 dispositione
574 1004 711 1059 omnibus
735 1004 878 1059 institutis
896 1003 1109 1059 Tertiariorum
1134 1004 1164 1058 in

82 1077 281 1132 communitate
294 1077 462 1149 degentium
472 1089 499 1132 et
507 1087 574 1131 vota
584 1075 727 1147 simplicia
737 1075 933 1131 emittentium
946 1077 982 1131 ab
992 1074 1165 1148 Apostolica

84 1147 148 1201 Sede
168 1148 225 1204 sint
242 1148 445 1204 concedendae
461 1147 662 1219 Indulgentiae
681 1147 778 1220 primo
792 1159 820 1202 et
832 1148 961 1203 secundo
976 1146 1081 1202 Ordini
1107 1163 1165 1202 res·

82 1218 186 1290 pecrivo
199 1219 356 1293 propriae?
371 1241 387 1270 »
670 1269 674 1278 .

114 1302 148 1354 Et
156 1302 209 1356 Emi
220 1304 318 1358 Patres
328 1303 358 1356 in
370 1303 505 1358 Generali
516 1301 751 1374 Congregatione
768 1303 804 1357 ad
817 1303 993 1359 Vaticanum
1006 1302 1164 1360 coadunati

83 1370 122 1426 die
137 1373 165 1427 18
179 1374 293 1446 augusti
313 1375 378 1447 1903
392 1375 607 1447 responderunt
622 1393 628 1428 :

111 1454 298 1512 Affirmative.

114 1528 152 1581 De
164 1529 271 1599 quibus
286 1529 360 1584 sacta
375 1528 516 1584 relatione
529 1530 595 1584 S⁵m0
614 1530 667 1582 1)ῃο
681 1530 791 1584 Nostro
808 1529 861 1583 Pio
877 1532 930 1602 Pp.
945 1531 972 1584 X
986 1530 1016 1585 in
1033 1529 1161 1585 Audien-

82 1597 115 1651 tia
127 1597 222 1654 habita
235 1600 282 1655 die
296 1601 330 1655 28
343 1600 474 1655 eiusdem
495 1600 604 1656 mensis
618 1610 646 1655 et
667 1599 737 1654 anni
757 1601 793 1655 ab
817 1599 999 1673 infrascripto
1013 1599 1163 1656 Cardinali

85 1670 233 1736 Praefect0‚
263 1672 407 1726 Sanctitas
431 1674 490 1726 Sua
515 1674 636 1726 Patrum
649 1671 851 1726 Cardinalium
864 1689 1039 1744 responsum
1058 1689 1162 1744 appro-

83 1740 150 1818 pavit
163 1753 190 1796 et
205 1741 400 1803 confirmavit.
417 1743 601 1815 decrevitque
616 1762 622 1796 :
632 1742 744 1815 primo,
757 1756 789 1797 ut
805 1743 939 1799 Instituta
952 1744 1164 1799 Tertiariorum

83 1829 108 1864 m
118 1813 325 1869 communitate
336 1815 504 1886 degentium
517 1827 544 1869 et
552 1827 618 1869 vota
632 1813 775 1886 simplicia
785 1814 991 1884 emittentium,
1001 1815 1162 1871 dummodo

84 1882 231 1940 Ordinibus
254 1903 271 1939 a
295 1886 402 1957 quibus
425 1904 536 1940 nomen
557 1896 584 1941 et
605 1885 738 1939 habitum
760 1898 933 1941 mutuantur
958 1887 1084 1959 legitime
1105 1886 1163 1942 sint

83 1969 233 2027 aggregata,
258 1957 432 2029 participent
454 1975 556 2012 omnes
580 1955 780 2028 indulgentias
802 1975 819 2011 a
846 1959 908 2013 RR.
934 1960 993 2014 PP.
1013 1958 1115 2030 primis
1135 1971 1164 2012 et

84 2027 212 2082 secundis'
221 2028 381 2084 Ordinibus
404 2029 510 2084 directe
522 2041 637 2082 tantum
650 2044 822 2096 concessas3
837 2030 973 2096 secundo,
996 2044 1029 2085 ut
1055 2046 1162 2084 eorun-

84 2096 140 2150 dem
169 2099 316 2156 Ecclesiae
343 2100 447 2156 iisdem
481 2098 672 2180 Indulgentiis
700 2100 847 2171 gaudeant
877 2100 984 2172 quibus
1014 2100 1163 2156 Ecclesiae

84 2170 221 2240 respectivi
235 2170 323 2243 primi
336 2183 364 2226 et
377 2171 496 2228 secundi
511 2169 629 2226 Ordinis
642 2170 796 2240 fruuntur3
813 2172 908 2240 tertia,
925 2185 959 2227 ut
973 2171 1046 2226 aliae
1065 2172 1162 2227 lndul·

83 2241 184 2318 gantiae
206 2242 378 2298 huiusmodi
391 2243 497 2300 Tertiis
523 2241 684 2298 Ordinibus
698 2255 783 2298 antea
797 2259 950 2300 concessae
967 2242 997 2297 in
1011 2255 1162 2316 posterum

84 2311 142 2365 solis
153 2313 302 2368 Tertiariis
316 2315 346 2370 in
359 2315 476 2370 saeculo
490 2313 653 2368 viventibus
666 2313 724 2368 sint
739 2314 886 2386 propriae.

108 2383 217 2438 'Datum
244 2387 354 2442 Rornae
377 2404 413 2442 ex
441 2385 601 2441 Secretaria
627 2385 758 2440 eiusdem
786 2386 890 2440 Sacrae
918 2384 1162 2459 congregationis

84 2452 122 2508 die
135 2457 166 2510 28
179 2457 295 2529 augusti
313 2460 389 2532 1903.

578 2530 614 2583 A.
629 2528 716 2583 Card.
736 2530 870 2596 Talaum,
892 2530 996 2595 Praes.

403 2599 558 2655 Francisc.
573 2600 703 2674 Sogaro,
719 2599 861 2673 Archiep.
878 2601 1030 2669 Amidam,
1047 2601 1159 2657 Secret.

261 2845 328 2932 14.
351 2899 393 2909 —
415 2862 465 2929 ex
486 2862 700 2932 auaitum
722 2861 975 2932 sanctissimi

358 3023 617 3078 RESCRIPTUM
633 3023 675 3077 27
693 3023 777 3077 IAN.
798 3024 881 3077 1904

117 3158 376 3233 Indulgentiam
396 3161 595 3216 concedens
614 3162 926 3218 communitatibus
945 3161 1124 3233 religiosis

115 3306 135 3360 ll
148 3308 297 3364 Canonico
311 3310 321 3344 ¹
337 3307 480 3381 Pasquale
499 3308 659 3375 Antonelli,
675 3321 837 3382 prostratro
852 3308 880 3362 ai
892 3309 969 3381 piedi
983 3309 1059 3364 della
1071 3310 1101 3364 S.
1112 3311 1161 3377 V.,

85 3377 244 3435 umilmente
262 3379 394 3453 supplica
406 3379 459 3435 che
481 3380 505 3435 si
526 3381 612 3455 degni
635 3381 796 3436 concedere
814 3380 939 3452 qualche
954 3380 1162 3453 indulgenzaa

87 3449 169 3518 quelle
182 3452 346 3507 Comuneta
357 3451 492 3522 religiose
507 3453 560 3507 che
573 3452 701 3509 recitano
716 3452 744 3506 la
759 3463 897 3522 seguente
911 3452 1101 3507 invocazione
1118 3472 1124 3507 :

116 3541 129 3570 κ
142 3521 166 3577 O
181 3523 282 3591 Maria,
304 3540 355 3595 per
374 3523 383 3577 i
404 3522 525 3604 gloriosi
548 3522 658 3579 triomfi
681 3524 727 3579 del
747 3534 799 3577 tuo
818 3523 1005 3579 immacolato
1028 3524 1161 3597 concepi-

88 3605 183 3660 mento,
210 3594 296 3663 aiuta,
320 3595 460 3650 esaudrsci
480 3595 629 3651 econsola
651 3606 753 3667 questa
767 3594 816 3669 pia
838 3594 997 3650 Comunita
1010 3614 1026 3651 e
1039 3609 1111 3650 tutte
1134 3596 1160 3650 le

88 3676 172 3718 nostre
185 3664 319 3738 famiglie.
335 3688 350 3717 >›
365 3667 436 3735 Che,
453 3683 511 3722 ece.

776 3739 820 3792 Ex
832 3736 990 3793 Audientia
1002 3738 1086 3793 SSmi.

119 3804 166 3860 Die
178 3826 210 3879 27
222 3808 347 3864 ianuarii
359 3808 428 3864 anni
446 3828 524 3882 1904.

114 4000 120 4032 ¹
133 4000 162 4047 Id
179 4008 225 4059 est,
238 4004 338 4053 latine:
353 4022 362 4049 r
375 4003 531 4053 canonicus
543 4002 685 4051 Paschaiis
695 4002 841 4057 Antonelli,
860 4002 897 4050 ad
907 4001 989 4061 pedes
1005 4002 1032 4049 S.
1052 4002 1085 4048 V.
1098 4015 1163 4059 pro·

92 4065 191 4124 volutus,
210 4069 348 4119 humiliter
365 4076 442 4131 rogat
459 4077 489 4118 ut
507 4070 573 4117 velit
593 4068 789 4127 indulgentiam
806 4069 945 4130 quandam
963 4066 1112 4115 concedere
1128 4067 1162 4115 its

94 4128 322 4184 Communitatibus
331 4130 464 4197 r'eiigiosis
475 4150 546 4197 quae
556 4135 609 4183 hoc
619 4135 701 4183 modo
711 4143 862 4193 precantur
875 4149 882 4184 ε

117 4212 124 4239 ι
138 4199 159 4245 0
170 4201 265 4259 Maria,
277 4217 325 4262 per
334 4202 466 4263 gloriosos
480 4201 634 4261 triumphos
645 4201 813 4250 immaculati
830 4201 870 4249 tui
882 4204 1035 4259 conceptus,
1048 4200 1162 4257 adiuva,

93 4264 184 4374 expandi,
196 4270 332 4317 consolare
347 4269 422 4329 piam
432 4268 504 4317 hanc
516 4268 739 4317 communitatem
750 4274 777 4316 et
788 4282 881 4316 omnes
892 4273 996 4314 nostras
1007 4266 1135 4315 familias.
1150 4283 1159 4310 ι

138 4338 147 4376 t
157 4332 235 4391 Deus,
248 4341 300 4384 etc.

1250 789 1318 837 Hine

1222 848 1360 902 Quaestio
1369 861 1376 892 t

1251 900 1383 955 Expeditne

1222 960 1275 1004 istis
1287 959 1382 1005 Tertia·

1220 1018 1267 1062 riis
1280 1017 1384 1063 concede-

1220 1087 1245 1118 re
1259 1074 1381 1133 indulgen-

1221 1134 1268 1178 tias
1276 1134 1352 1191 primi
1362 1139 1382 1178 et

1220 1187 1313 1236 secundi
1333 1191 1381 1238 Or-

1220 1245 1285 1293 dinis
1295 1247 1308 1293 Ρ

1250 1331 1378 1382 Respon-

1220 1392 1284 1425 num
1295 1395 1302 1425 r

1248 1435 1362 1496 ΑΜ

1220 1496 1273 1542 tiae.

1248 1552 1369 1610 Approta·

1220 1611 1253 1654 tio
1261 1614 1281 1655 et
1291 1608 1380 1656 decreta

1218 1667 1263 1714 Pe'e'
1272 1667 1308 1715 X.

1247 1741 1267 1770 r.
1287 1725 1325 1771 De
1337 1725 1382 1772 In·

1218 1781 1348 1840 dulgentia-

1218 1854 1271 1886 rum
1319 1854 1382 1886 eom-

1217 1899 1359 1944 manicatio-

1218 1971 1254 2012 ne,
1276 1955 1336 2013 quod
1350 1955 1382 2002 ad

1213 2018 1335 2072 personas.

1246 2089 1270 2118 ².
1287 2073 1322 2119 Et
1346 2085 1380 2118 ec·

1217 2129 1309 2177 elesius.

1246 2193 1269 2234 3.
1286 2187 1358 2234 Aliae

1220 2244 1374 2301 indulgentiae

1214 2305 1326 2361 propriae

1218 2366 1272 2406 sunt
1284 2360 1380 2407 Tertia·

1219 2419 1309 2465 riorum
1330 2432 1380 2465 sae·

1218 2475 1342 2524 celarium.

1246 2535 1305 2581 Dies
1316 2541 1357 2591 (28

1218 2606 1272 2650 aug.
1282 2596 1359 2651 1905).

1248 3343 1337 3390 Orator

1215 3401 1317 3459 postulat
1325 3415 1380 3448 con-

1218 3461 1341 3505 cessionem

1218 3515 1336 3574 indulgen·

1219 3576 1273 3621 tiae.

1246 3786 1306 3832 Dies
1325 3789 1365 3846 (27

1219 3846 1268 3891 ian.
1282 3850 1359 3903 1904).
