<?xml version="1.0" encoding="UTF-8"?>
<!DOCTYPE html PUBLIC "-//W3C//DTD XHTML 1.0 Transitional//EN"
    "http://www.w3.org/TR/xhtml1/DTD/xhtml1-transitional.dtd">
<html xmlns="http://www.w3.org/1999/xhtml" xml:lang="en" lang="en">
 <head>
  <title>
</title>
<meta http-equiv="Content-Type" content="text/html;charset=utf-8" />
  <meta name='ocr-system' content='tesseract 3.04.00' />
  <meta name='ocr-capabilities' content='ocr_page ocr_carea ocr_par ocr_line ocrx_word'/>
</head>
<body>
  <div class='ocr_page' id='page_1' title='image "./dereligiosisins01vermgoog_0065.png"; bbox 0 0 2959 4900; ppageno 0'>
   <div class='ocr_carea' id='block_1_1' title="bbox 155 644 1063 790">
    <p class='ocr_par' dir='ltr' id='par_1_1' title="bbox 155 644 1063 790">
     <span class='ocr_line' id='line_1_1' title="bbox 155 644 1063 790; baseline -0.007 -2"><span class='ocrx_word' id='word_1_1' title='bbox 155 644 1063 790; x_wconf 71' lang='lat' dir='ltr'>superannurn</span> 
     </span>
    </p>
   </div>
   <div class='ocr_carea' id='block_1_2' title="bbox 215 1075 1003 1183">
    <p class='ocr_par' dir='ltr' id='par_1_2' title="bbox 215 1075 1003 1183">
     <span class='ocr_line' id='line_1_2' title="bbox 215 1075 1003 1183; baseline -0.004 -25"><span class='ocrx_word' id='word_1_2' title='bbox 215 1075 694 1161; x_wconf 81' lang='lat' dir='ltr'>SUPPLEMENTUM</span> <span class='ocrx_word' id='word_1_3' title='bbox 726 1075 1003 1183; x_wconf 78' lang='lat' dir='ltr'>QUINTUM</span> 
     </span>
    </p>
   </div>
   <div class='ocr_carea' id='block_1_3' title="bbox 114 1279 1112 1448">
    <p class='ocr_par' dir='ltr' id='par_1_3' title="bbox 114 1279 1112 1448">
     <span class='ocr_line' id='line_1_3' title="bbox 114 1279 1105 1446; baseline 0.002 -104"><span class='ocrx_word' id='word_1_4' title='bbox 114 1281 159 1344; x_wconf 86' lang='lat' dir='ltr'>DE</span> <span class='ocrx_word' id='word_1_5' title='bbox 183 1280 305 1345; x_wconf 79' lang='lat' dir='ltr'>lUSTA</span> <span class='ocrx_word' id='word_1_6' title='bbox 330 1282 581 1348; x_wconf 79' lang='lat' dir='ltr'>Dlnlssloltls</span> <span class='ocrx_word' id='word_1_7' title='bbox 606 1282 787 1446; x_wconf 54' lang='lat' dir='ltr'>llg&#39;glgllli</span> <span class='ocrx_word' id='word_1_8' title='bbox 812 1282 855 1346; x_wconf 81' lang='lat' dir='ltr'>Ill</span> <span class='ocrx_word' id='word_1_9' title='bbox 883 1279 1105 1345; x_wconf 69' lang='lat' dir='ltr'>ononimus</span> 
     </span>
     <span class='ocr_line' id='line_1_4' title="bbox 166 1383 1112 1448; baseline -0.004 0"><span class='ocrx_word' id='word_1_10' title='bbox 166 1405 169 1410; x_wconf 90' lang='lat'>·</span> <span class='ocrx_word' id='word_1_11' title='bbox 499 1383 635 1448; x_wconf 72' lang='lat' dir='ltr'>naalol</span> <span class='ocrx_word' id='word_1_12' title='bbox 689 1383 701 1444; x_wconf 95' lang='lat' dir='ltr'>l</span> <span class='ocrx_word' id='word_1_13' title='bbox 1109 1406 1112 1413; x_wconf 70' lang='grc'><strong>’</strong></span> 
     </span>
    </p>
   </div>
   <div class='ocr_carea' id='block_1_4' title="bbox 80 1565 1158 2275">
    <p class='ocr_par' dir='ltr' id='par_1_4' title="bbox 80 1565 1158 2275">
     <span class='ocr_line' id='line_1_5' title="bbox 94 1565 1156 1664; baseline -0.005 -27"><span class='ocrx_word' id='word_1_14' title='bbox 94 1570 356 1662; x_wconf 79' lang='lat' dir='ltr'>¹Quaestionis</span> <span class='ocrx_word' id='word_1_15' title='bbox 378 1573 531 1637; x_wconf 82' lang='lat' dir='ltr'>occasio</span> <span class='ocrx_word' id='word_1_16' title='bbox 553 1575 595 1637; x_wconf 82' lang='lat' dir='ltr'>et</span> <span class='ocrx_word' id='word_1_17' title='bbox 616 1573 896 1664; x_wconf 74' lang='lat' dir='ltr'>argumentum.</span> <span class='ocrx_word' id='word_1_18' title='bbox 914 1600 955 1613; x_wconf 96' lang='lat'><em>-</em></span> <span class='ocrx_word' id='word_1_19' title='bbox 977 1565 1156 1663; x_wconf 53' lang='lat' dir='ltr'>13Neces·</span> 
     </span>
     <span class='ocr_line' id='line_1_6' title="bbox 80 1668 1158 1744; baseline 0.004 -27"><span class='ocrx_word' id='word_1_20' title='bbox 80 1668 161 1721; x_wconf 84' lang='lat' dir='ltr'>sitate</span> <span class='ocrx_word' id='word_1_21' title='bbox 178 1671 360 1741; x_wconf 89' lang='lat' dir='ltr'>permotus</span> <span class='ocrx_word' id='word_1_22' title='bbox 386 1670 600 1743; x_wconf 90' lang='lat' dir='ltr'>temporum,</span> <span class='ocrx_word' id='word_1_23' title='bbox 626 1676 716 1744; x_wconf 91' lang='lat' dir='ltr'>quae</span> <span class='ocrx_word' id='word_1_24' title='bbox 744 1675 892 1722; x_wconf 91' lang='lat' dir='ltr'>ommno</span> <span class='ocrx_word' id='word_1_25' title='bbox 915 1671 1098 1740; x_wconf 89' lang='lat' dir='ltr'>requ1runt</span> <span class='ocrx_word' id='word_1_26' title='bbox 1118 1669 1158 1721; x_wconf 91' lang='lat' dir='ltr'>ut</span> 
     </span>
     <span class='ocr_line' id='line_1_7' title="bbox 81 1741 1157 1834; baseline 0.003 -27"><span class='ocrx_word' id='word_1_27' title='bbox 81 1741 128 1830; x_wconf 92' lang='lat' dir='ltr'>qui</span> <span class='ocrx_word' id='word_1_28' title='bbox 152 1758 361 1830; x_wconf 90' lang='lat' dir='ltr'>cooptantur</span> <span class='ocrx_word' id='word_1_29' title='bbox 387 1743 424 1820; x_wconf 85' lang='lat' dir='ltr'>in</span> <span class='ocrx_word' id='word_1_30' title='bbox 452 1747 627 1834; x_wconf 84' lang='lat' dir='ltr'>regulares</span> <span class='ocrx_word' id='word_1_31' title='bbox 654 1745 724 1812; x_wconf 91' lang='lat' dir='ltr'>sint</span> <span class='ocrx_word' id='word_1_32' title='bbox 751 1743 815 1810; x_wconf 92' lang='lat' dir='ltr'>viri</span> <span class='ocrx_word' id='word_1_33' title='bbox 840 1741 1090 1830; x_wconf 80' lang='lat' dir='ltr'>probatissimi,</span> <span class='ocrx_word' id='word_1_34' title='bbox 1113 1743 1157 1810; x_wconf 89' lang='lat' dir='ltr'>de</span> 
     </span>
     <span class='ocr_line' id='line_1_8' title="bbox 81 1831 1158 1921; baseline 0.004 -25"><span class='ocrx_word' id='word_1_35' title='bbox 81 1831 197 1916; x_wconf 91' lang='lat' dir='ltr'>quibus</span> <span class='ocrx_word' id='word_1_36' title='bbox 225 1853 290 1899; x_wconf 92' lang='lat' dir='ltr'>nec</span> <span class='ocrx_word' id='word_1_37' title='bbox 320 1832 554 1900; x_wconf 78' lang='lat' dir='ltr'>inconstantia</span> <span class='ocrx_word' id='word_1_38' title='bbox 580 1833 625 1900; x_wconf 91' lang='lat' dir='ltr'>sit</span> <span class='ocrx_word' id='word_1_39' title='bbox 651 1833 925 1921; x_wconf 91' lang='lat' dir='ltr'>pertimescenda</span> <span class='ocrx_word' id='word_1_40' title='bbox 952 1851 1017 1897; x_wconf 90' lang='lat' dir='ltr'>nec</span> <span class='ocrx_word' id='word_1_41' title='bbox 1040 1832 1158 1918; x_wconf 89' lang='lat' dir='ltr'>aliqua</span> 
     </span>
     <span class='ocr_line' id='line_1_9' title="bbox 81 1918 1155 2006; baseline 0.003 -22"><span class='ocrx_word' id='word_1_42' title='bbox 81 1921 218 1990; x_wconf 88' lang='lat' dir='ltr'>scandali</span> <span class='ocrx_word' id='word_1_43' title='bbox 236 1920 336 2005; x_wconf 88' lang='lat' dir='ltr'>ratio,</span> <span class='ocrx_word' id='word_1_44' title='bbox 354 1921 441 1989; x_wconf 90' lang='lat' dir='ltr'>Pius</span> <span class='ocrx_word' id='word_1_45' title='bbox 458 1922 519 2006; x_wconf 90' lang='lat' dir='ltr'>lX,</span> <span class='ocrx_word' id='word_1_46' title='bbox 535 1943 595 1998; x_wconf 88' lang='lat' dir='ltr'>per</span> <span class='ocrx_word' id='word_1_47' title='bbox 612 1923 684 1990; x_wconf 93' lang='lat' dir='ltr'>duo</span> <span class='ocrx_word' id='word_1_48' title='bbox 697 1921 846 2000; x_wconf 85' lang='lat' dir='ltr'>decreta,</span> <span class='ocrx_word' id='word_1_49' title='bbox 862 1918 1043 1988; x_wconf 84' lang='lat' dir='ltr'>Neminem</span> <span class='ocrx_word' id='word_1_50' title='bbox 1060 1921 1155 2005; x_wconf 85' lang='lat' dir='ltr'>lutet,</span> 
     </span>
     <span class='ocr_line' id='line_1_10' title="bbox 85 2007 1157 2100; baseline 0.005 -27"><span class='ocrx_word' id='word_1_51' title='bbox 85 2031 116 2096; x_wconf 82' lang='lat'>¹9</span> <span class='ocrx_word' id='word_1_52' title='bbox 130 2010 241 2078; x_wconf 92' lang='lat' dir='ltr'>martii</span> <span class='ocrx_word' id='word_1_53' title='bbox 263 2007 360 2099; x_wconf 83' lang='lat'>1857,</span> <span class='ocrx_word' id='word_1_54' title='bbox 379 2026 412 2078; x_wconf 93' lang='lat' dir='ltr'>et</span> <span class='ocrx_word' id='word_1_55' title='bbox 427 2011 490 2078; x_wconf 84' lang='lat' dir='ltr'>Ad</span> <span class='ocrx_word' id='word_1_56' title='bbox 509 2011 736 2090; x_wconf 77' lang='lat' dir='ltr'>Universalts,</span> <span class='ocrx_word' id='word_1_57' title='bbox 755 2033 775 2100; x_wconf 90' lang='lat'>7</span> <span class='ocrx_word' id='word_1_58' title='bbox 791 2010 956 2078; x_wconf 83' lang='lat' dir='ltr'>februarii</span> <span class='ocrx_word' id='word_1_59' title='bbox 976 2009 1058 2078; x_wconf 78' lang='lat'>1862</span> <span class='ocrx_word' id='word_1_60' title='bbox 1076 2015 1099 2096; x_wconf 84' lang='lat'>¹,</span> <span class='ocrx_word' id='word_1_61' title='bbox 1118 2011 1157 2078; x_wconf 90' lang='lat' dir='ltr'>in</span> 
     </span>
     <span class='ocr_line' id='line_1_11' title="bbox 81 2098 1158 2189; baseline 0.004 -27"><span class='ocrx_word' id='word_1_62' title='bbox 81 2117 190 2167; x_wconf 89' lang='lat' dir='ltr'>omnes</span> <span class='ocrx_word' id='word_1_63' title='bbox 210 2100 369 2166; x_wconf 89' lang='lat' dir='ltr'>virorum</span> <span class='ocrx_word' id='word_1_64' title='bbox 386 2101 573 2189; x_wconf 85' lang='lat' dir='ltr'>religiones</span> <span class='ocrx_word' id='word_1_65' title='bbox 589 2100 811 2188; x_wconf 86' lang='lat' dir='ltr'>disciplinam</span> <span class='ocrx_word' id='word_1_66' title='bbox 834 2098 970 2166; x_wconf 86' lang='lat' dir='ltr'>induxit</span> <span class='ocrx_word' id='word_1_67' title='bbox 993 2117 1158 2166; x_wconf 90' lang='lat' dir='ltr'>votorum</span> 
     </span>
     <span class='ocr_line' id='line_1_12' title="bbox 80 2185 742 2275; baseline 0.008 -23"><span class='ocrx_word' id='word_1_68' title='bbox 80 2185 281 2275; x_wconf 90' lang='lat' dir='ltr'>simplicium</span> <span class='ocrx_word' id='word_1_69' title='bbox 297 2189 396 2256; x_wconf 91' lang='lat' dir='ltr'>cuius</span> <span class='ocrx_word' id='word_1_70' title='bbox 412 2190 496 2256; x_wconf 90' lang='lat' dir='ltr'>haec</span> <span class='ocrx_word' id='word_1_71' title='bbox 509 2206 559 2256; x_wconf 90' lang='lat' dir='ltr'>est</span> <span class='ocrx_word' id='word_1_72' title='bbox 575 2211 715 2257; x_wconf 92' lang='lat' dir='ltr'>summa</span> <span class='ocrx_word' id='word_1_73' title='bbox 734 2215 742 2257; x_wconf 90' lang='lat'>:</span> 
     </span>
    </p>
   </div>
   <div class='ocr_carea' id='block_1_5' title="bbox 81 2290 1160 2559">
    <p class='ocr_par' dir='ltr' id='par_1_5' title="bbox 81 2290 1160 2559">
     <span class='ocr_line' id='line_1_13' title="bbox 116 2290 1159 2380; baseline 0.003 -26"><span class='ocrx_word' id='word_1_74' title='bbox 116 2293 146 2372; x_wconf 86' lang='lat' dir='ltr'>a)</span> <span class='ocrx_word' id='word_1_75' title='bbox 164 2290 309 2359; x_wconf 90' lang='lat' dir='ltr'>Peracto</span> <span class='ocrx_word' id='word_1_76' title='bbox 326 2291 508 2364; x_wconf 79' lang='lat' dir='ltr'>novitiatu,</span> <span class='ocrx_word' id='word_1_77' title='bbox 528 2291 588 2380; x_wconf 91' lang='lat' dir='ltr'>qui</span> <span class='ocrx_word' id='word_1_78' title='bbox 601 2301 680 2358; x_wconf 89' lang='lat' dir='ltr'>eam</span> <span class='ocrx_word' id='word_1_79' title='bbox 696 2290 811 2379; x_wconf 87' lang='lat' dir='ltr'>adepti</span> <span class='ocrx_word' id='word_1_80' title='bbox 829 2305 910 2357; x_wconf 92' lang='lat' dir='ltr'>sunt</span> <span class='ocrx_word' id='word_1_81' title='bbox 927 2303 1073 2357; x_wconf 91' lang='lat' dir='ltr'>aetatem</span> <span class='ocrx_word' id='word_1_82' title='bbox 1089 2311 1159 2379; x_wconf 91' lang='lat' dir='ltr'>qua</span> 
     </span>
     <span class='ocr_line' id='line_1_14' title="bbox 81 2377 1160 2471; baseline 0.004 -29"><span class='ocrx_word' id='word_1_83' title='bbox 81 2377 165 2465; x_wconf 91' lang='lat' dir='ltr'>prius</span> <span class='ocrx_word' id='word_1_84' title='bbox 188 2380 403 2471; x_wconf 85' lang='lat' dir='ltr'>sollemniter</span> <span class='ocrx_word' id='word_1_85' title='bbox 429 2379 585 2469; x_wconf 88' lang='lat' dir='ltr'>profiteri</span> <span class='ocrx_word' id='word_1_86' title='bbox 608 2395 781 2469; x_wconf 81' lang='lat' dir='ltr'>poterant,</span> <span class='ocrx_word' id='word_1_87' title='bbox 811 2395 890 2447; x_wconf 85' lang='lat' dir='ltr'>vota</span> <span class='ocrx_word' id='word_1_88' title='bbox 913 2400 987 2446; x_wconf 94' lang='lat' dir='ltr'>non</span> <span class='ocrx_word' id='word_1_89' title='bbox 1013 2395 1160 2469; x_wconf 88' lang='lat' dir='ltr'>possunt</span> 
     </span>
     <span class='ocr_line' id='line_1_15' title="bbox 83 2469 874 2559; baseline 0.008 -27"><span class='ocrx_word' id='word_1_90' title='bbox 83 2469 225 2537; x_wconf 86' lang='lat' dir='ltr'>emittere</span> <span class='ocrx_word' id='word_1_91' title='bbox 241 2469 310 2537; x_wconf 90' lang='lat' dir='ltr'>nisi</span> <span class='ocrx_word' id='word_1_92' title='bbox 327 2470 499 2559; x_wconf 89' lang='lat' dir='ltr'>simplicia</span> <span class='ocrx_word' id='word_1_93' title='bbox 516 2471 676 2559; x_wconf 92' lang='lat' dir='ltr'>quamvis</span> <span class='ocrx_word' id='word_1_94' title='bbox 692 2485 874 2558; x_wconf 86' lang='lat' dir='ltr'>perpetua.</span> 
     </span>
    </p>
   </div>
   <div class='ocr_carea' id='block_1_6' title="bbox 83 2569 1162 3119">
    <p class='ocr_par' dir='ltr' id='par_1_6' title="bbox 83 2569 1161 2928">
     <span class='ocr_line' id='line_1_16' title="bbox 119 2569 1160 2661; baseline 0.005 -26"><span class='ocrx_word' id='word_1_95' title='bbox 119 2569 152 2654; x_wconf 74' lang='lat' dir='ltr'>bl</span> <span class='ocrx_word' id='word_1_96' title='bbox 171 2572 238 2641; x_wconf 91' lang='lat' dir='ltr'>Per</span> <span class='ocrx_word' id='word_1_97' title='bbox 252 2589 323 2640; x_wconf 89' lang='lat' dir='ltr'>tres</span> <span class='ocrx_word' id='word_1_98' title='bbox 339 2572 530 2639; x_wconf 91' lang='lat' dir='ltr'>minimum</span> <span class='ocrx_word' id='word_1_99' title='bbox 556 2593 668 2640; x_wconf 91' lang='lat' dir='ltr'>annos</span> <span class='ocrx_word' id='word_1_100' title='bbox 695 2572 732 2639; x_wconf 91' lang='lat' dir='ltr'>in</span> <span class='ocrx_word' id='word_1_101' title='bbox 760 2573 824 2639; x_wconf 91' lang='lat' dir='ltr'>hac</span> <span class='ocrx_word' id='word_1_102' title='bbox 852 2571 1002 2661; x_wconf 90' lang='lat' dir='ltr'>simplici</span> <span class='ocrx_word' id='word_1_103' title='bbox 1028 2572 1160 2659; x_wconf 82' lang='lat' dir='ltr'>profes·</span> 
     </span>
     <span class='ocr_line' id='line_1_17' title="bbox 83 2655 1161 2751; baseline 0.006 -30"><span class='ocrx_word' id='word_1_104' title='bbox 83 2655 168 2727; x_wconf 90' lang='lat' dir='ltr'>sione</span> <span class='ocrx_word' id='word_1_105' title='bbox 191 2682 395 2751; x_wconf 88' lang='lat' dir='ltr'>permanere</span> <span class='ocrx_word' id='word_1_106' title='bbox 419 2662 559 2749; x_wconf 88' lang='lat' dir='ltr'>debent,</span> <span class='ocrx_word' id='word_1_107' title='bbox 585 2662 632 2745; x_wconf 89' lang='lat' dir='ltr'>ita</span> <span class='ocrx_word' id='word_1_108' title='bbox 663 2678 701 2728; x_wconf 90' lang='lat' dir='ltr'>ut</span> <span class='ocrx_word' id='word_1_109' title='bbox 733 2661 886 2729; x_wconf 91' lang='lat' dir='ltr'>invalida</span> <span class='ocrx_word' id='word_1_110' title='bbox 909 2663 954 2729; x_wconf 90' lang='lat' dir='ltr'>sit</span> <span class='ocrx_word' id='word_1_111' title='bbox 980 2661 1161 2729; x_wconf 91' lang='lat' dir='ltr'>sollemnis</span> 
     </span>
     <span class='ocr_line' id='line_1_18' title="bbox 83 2749 1161 2839; baseline 0.007 -28"><span class='ocrx_word' id='word_1_112' title='bbox 83 2749 251 2839; x_wconf 89' lang='lat' dir='ltr'>prolessio,</span> <span class='ocrx_word' id='word_1_113' title='bbox 270 2751 337 2818; x_wconf 90' lang='lat' dir='ltr'>nisi</span> <span class='ocrx_word' id='word_1_114' title='bbox 354 2751 465 2838; x_wconf 89' lang='lat' dir='ltr'>spatio</span> <span class='ocrx_word' id='word_1_115' title='bbox 481 2751 589 2817; x_wconf 90' lang='lat' dir='ltr'>trium</span> <span class='ocrx_word' id='word_1_116' title='bbox 605 2772 794 2834; x_wconf 93' lang='lat' dir='ltr'>annorum,</span> <span class='ocrx_word' id='word_1_117' title='bbox 809 2749 1053 2818; x_wconf 88' lang='lat' dir='ltr'>mathematice</span> <span class='ocrx_word' id='word_1_118' title='bbox 1065 2772 1161 2819; x_wconf 90' lang='lat' dir='ltr'>com·</span> 
     </span>
     <span class='ocr_line' id='line_1_19' title="bbox 83 2836 831 2928; baseline 0.009 -28"><span class='ocrx_word' id='word_1_119' title='bbox 83 2836 177 2920; x_wconf 91' lang='lat' dir='ltr'>plet0,</span> <span class='ocrx_word' id='word_1_120' title='bbox 197 2860 276 2908; x_wconf 87' lang='lat' dir='ltr'>vota</span> <span class='ocrx_word' id='word_1_121' title='bbox 291 2840 463 2928; x_wconf 89' lang='lat' dir='ltr'>simplicia</span> <span class='ocrx_word' id='word_1_122' title='bbox 479 2840 607 2907; x_wconf 89' lang='lat' dir='ltr'>fuerint</span> <span class='ocrx_word' id='word_1_123' title='bbox 622 2840 831 2928; x_wconf 90' lang='lat' dir='ltr'>praeposita.</span> 
     </span>
    </p>

    <p class='ocr_par' dir='ltr' id='par_1_7' title="bbox 84 2936 1162 3119">
     <span class='ocr_line' id='line_1_20' title="bbox 121 2936 1162 3030; baseline 0 -24"><span class='ocrx_word' id='word_1_124' title='bbox 121 2936 227 3027; x_wconf 90' lang='lat' dir='ltr'>Copia</span> <span class='ocrx_word' id='word_1_125' title='bbox 242 2957 360 3009; x_wconf 87' lang='lat' dir='ltr'>tamen</span> <span class='ocrx_word' id='word_1_126' title='bbox 375 2941 461 3009; x_wconf 83' lang='lat' dir='ltr'>facta</span> <span class='ocrx_word' id='word_1_127' title='bbox 478 2956 529 3008; x_wconf 92' lang='lat' dir='ltr'>est</span> <span class='ocrx_word' id='word_1_128' title='bbox 547 2940 753 3028; x_wconf 89' lang='lat' dir='ltr'>Praeposito</span> <span class='ocrx_word' id='word_1_129' title='bbox 769 2940 922 3030; x_wconf 93' lang='lat' dir='ltr'>generali</span> <span class='ocrx_word' id='word_1_130' title='bbox 938 2955 1041 3029; x_wconf 90' lang='lat' dir='ltr'>atque</span> <span class='ocrx_word' id='word_1_131' title='bbox 1057 2940 1162 3008; x_wconf 90' lang='lat' dir='ltr'>etiam</span> 
     </span>
     <span class='ocr_line' id='line_1_21' title="bbox 84 3029 1161 3119; baseline 0.004 -27"><span class='ocrx_word' id='word_1_132' title='bbox 84 3029 274 3111; x_wconf 90' lang='lat' dir='ltr'>provinciali</span> <span class='ocrx_word' id='word_1_133' title='bbox 298 3030 552 3119; x_wconf 82' lang='lat' dir='ltr'>professionem</span> <span class='ocrx_word' id='word_1_134' title='bbox 576 3030 798 3116; x_wconf 85' lang='lat' dir='ltr'>sollemnem,</span> <span class='ocrx_word' id='word_1_135' title='bbox 824 3051 864 3096; x_wconf 87' lang='lat' dir='ltr'>ex</span> <span class='ocrx_word' id='word_1_136' title='bbox 887 3030 987 3096; x_wconf 91' lang='lat' dir='ltr'>iustis</span> <span class='ocrx_word' id='word_1_137' title='bbox 1003 3047 1036 3096; x_wconf 88' lang='lat' dir='ltr'>et</span> <span class='ocrx_word' id='word_1_138' title='bbox 1059 3029 1161 3098; x_wconf 90' lang='lat' dir='ltr'>ratio·</span> 
     </span>
    </p>
   </div>
   <div class='ocr_carea' id='block_1_7' title="bbox 87 3116 1241 3277">
    <p class='ocr_par' dir='ltr' id='par_1_8' title="bbox 87 3116 1241 3277">
     <span class='ocr_line' id='line_1_22' title="bbox 87 3116 1241 3220; baseline 0.006 -39"><span class='ocrx_word' id='word_1_139' title='bbox 87 3116 246 3220; x_wconf 69' lang='lat' dir='ltr'>trabilibus</span> <span class='ocrx_word' id='word_1_140' title='bbox 262 3121 388 3208; x_wconf 89' lang='lat' dir='ltr'>causis,</span> <span class='ocrx_word' id='word_1_141' title='bbox 406 3119 603 3206; x_wconf 86' lang='lat' dir='ltr'>differendi,</span> <span class='ocrx_word' id='word_1_142' title='bbox 621 3139 694 3185; x_wconf 95' lang='lat' dir='ltr'>non</span> <span class='ocrx_word' id='word_1_143' title='bbox 711 3118 755 3185; x_wconf 91' lang='lat' dir='ltr'>iis</span> <span class='ocrx_word' id='word_1_144' title='bbox 777 3135 896 3187; x_wconf 89' lang='lat' dir='ltr'>tamen</span> <span class='ocrx_word' id='word_1_145' title='bbox 911 3119 972 3207; x_wconf 91' lang='lat' dir='ltr'>qui</span> <span class='ocrx_word' id='word_1_146' title='bbox 993 3120 1032 3186; x_wconf 83' lang='lat'>25</span> <span class='ocrx_word' id='word_1_147' title='bbox 1050 3140 1163 3187; x_wconf 89' lang='lat' dir='ltr'>annos</span> <span class='ocrx_word' id='word_1_148' title='bbox 1227 3136 1241 3148; x_wconf 84' lang='lat'>·</span> 
     </span>
     <span class='ocr_line' id='line_1_23' title="bbox 87 3223 241 3277; baseline 0.052 -9"><span class='ocrx_word' id='word_1_149' title='bbox 87 3223 145 3272; x_wconf 82' lang='lat' dir='ltr'>sint</span> <span class='ocrx_word' id='word_1_150' title='bbox 160 3226 241 3277; x_wconf 88' lang='lat' dir='ltr'>nan.</span> 
     </span>
    </p>
   </div>
   <div class='ocr_carea' id='block_1_8' title="bbox 87 3306 1164 4016">
    <p class='ocr_par' dir='ltr' id='par_1_9' title="bbox 87 3306 1164 3576">
     <span class='ocr_line' id='line_1_24' title="bbox 124 3306 1161 3400; baseline 0.008 -29"><span class='ocrx_word' id='word_1_151' title='bbox 124 3310 153 3391; x_wconf 90' lang='lat' dir='ltr'>c)</span> <span class='ocrx_word' id='word_1_152' title='bbox 172 3306 220 3375; x_wconf 89' lang='lat' dir='ltr'>Ut</span> <span class='ocrx_word' id='word_1_153' title='bbox 241 3309 332 3377; x_wconf 88' lang='lat' dir='ltr'>infra</span> <span class='ocrx_word' id='word_1_154' title='bbox 346 3324 415 3377; x_wconf 93' lang='lat' dir='ltr'>tres</span> <span class='ocrx_word' id='word_1_155' title='bbox 430 3330 542 3377; x_wconf 92' lang='lat' dir='ltr'>annos</span> <span class='ocrx_word' id='word_1_156' title='bbox 558 3308 633 3376; x_wconf 87' lang='lat' dir='ltr'>fieri</span> <span class='ocrx_word' id='word_1_157' title='bbox 651 3307 761 3396; x_wconf 92' lang='lat' dir='ltr'>possit</span> <span class='ocrx_word' id='word_1_158' title='bbox 778 3309 960 3377; x_wconf 88' lang='lat' dir='ltr'>sollemnis</span> <span class='ocrx_word' id='word_1_159' title='bbox 977 3310 1161 3400; x_wconf 82' lang='lat' dir='ltr'>professio,</span> 
     </span>
     <span class='ocr_line' id='line_1_25' title="bbox 87 3394 1164 3487; baseline 0.01 -30"><span class='ocrx_word' id='word_1_160' title='bbox 87 3394 131 3459; x_wconf 90' lang='lat' dir='ltr'>vel</span> <span class='ocrx_word' id='word_1_161' title='bbox 143 3412 181 3463; x_wconf 92' lang='lat' dir='ltr'>ut</span> <span class='ocrx_word' id='word_1_162' title='bbox 195 3399 282 3465; x_wconf 90' lang='lat' dir='ltr'>ultra</span> <span class='ocrx_word' id='word_1_163' title='bbox 297 3414 367 3466; x_wconf 88' lang='lat' dir='ltr'>tres</span> <span class='ocrx_word' id='word_1_164' title='bbox 379 3419 490 3466; x_wconf 88' lang='lat' dir='ltr'>annos</span> <span class='ocrx_word' id='word_1_165' title='bbox 503 3398 774 3487; x_wconf 89' lang='lat' dir='ltr'>procrastinetur</span> <span class='ocrx_word' id='word_1_166' title='bbox 789 3398 832 3465; x_wconf 90' lang='lat' dir='ltr'>iis</span> <span class='ocrx_word' id='word_1_167' title='bbox 848 3400 909 3487; x_wconf 91' lang='lat' dir='ltr'>qui</span> <span class='ocrx_word' id='word_1_168' title='bbox 928 3400 967 3467; x_wconf 83' lang='lat'>25</span> <span class='ocrx_word' id='word_1_169' title='bbox 988 3421 1164 3468; x_wconf 90' lang='lat' dir='ltr'>annorum</span> 
     </span>
     <span class='ocr_line' id='line_1_26' title="bbox 89 3485 1012 3576; baseline 0.012 -30"><span class='ocrx_word' id='word_1_170' title='bbox 89 3499 220 3554; x_wconf 88' lang='lat' dir='ltr'>aetatem</span> <span class='ocrx_word' id='word_1_171' title='bbox 232 3489 495 3576; x_wconf 90' lang='lat' dir='ltr'>compleverint,</span> <span class='ocrx_word' id='word_1_172' title='bbox 514 3508 603 3575; x_wconf 92' lang='lat' dir='ltr'>opus</span> <span class='ocrx_word' id='word_1_173' title='bbox 616 3505 667 3555; x_wconf 91' lang='lat' dir='ltr'>est</span> <span class='ocrx_word' id='word_1_174' title='bbox 685 3485 722 3556; x_wconf 88' lang='lat' dir='ltr'>S.</span> <span class='ocrx_word' id='word_1_175' title='bbox 744 3485 846 3555; x_wconf 88' lang='lat' dir='ltr'>Sedis</span> <span class='ocrx_word' id='word_1_176' title='bbox 861 3488 1012 3558; x_wconf 89' lang='lat' dir='ltr'>indulto.</span> 
     </span>
    </p>

    <p class='ocr_par' dir='ltr' id='par_1_10' title="bbox 89 3586 1163 4016">
     <span class='ocr_line' id='line_1_27' title="bbox 125 3586 1160 3680; baseline 0.007 -29"><span class='ocrx_word' id='word_1_177' title='bbox 125 3586 159 3673; x_wconf 84' lang='lat' dir='ltr'>d)</span> <span class='ocrx_word' id='word_1_178' title='bbox 185 3590 354 3658; x_wconf 86' lang='lat' dir='ltr'>Absoluto</span> <span class='ocrx_word' id='word_1_179' title='bbox 385 3588 553 3676; x_wconf 88' lang='lat' dir='ltr'>simplicis</span> <span class='ocrx_word' id='word_1_180' title='bbox 584 3589 813 3677; x_wconf 89' lang='lat' dir='ltr'>prolessionis</span> <span class='ocrx_word' id='word_1_181' title='bbox 846 3590 1005 3680; x_wconf 83' lang='lat' dir='ltr'>legitimo</span> <span class='ocrx_word' id='word_1_182' title='bbox 1037 3590 1160 3679; x_wconf 83' lang='lat' dir='ltr'>spati0,</span> 
     </span>
     <span class='ocr_line' id='line_1_28' title="bbox 89 3672 1162 3768; baseline 0.011 -33"><span class='ocrx_word' id='word_1_183' title='bbox 89 3672 226 3764; x_wconf 86' lang='lat' dir='ltr'>religiosi</span> <span class='ocrx_word' id='word_1_184' title='bbox 253 3678 459 3747; x_wconf 88' lang='lat' dir='ltr'>admittendi</span> <span class='ocrx_word' id='word_1_185' title='bbox 487 3695 569 3745; x_wconf 89' lang='lat' dir='ltr'>sunt</span> <span class='ocrx_word' id='word_1_186' title='bbox 595 3678 638 3745; x_wconf 93' lang='lat' dir='ltr'>ad</span> <span class='ocrx_word' id='word_1_187' title='bbox 662 3679 872 3746; x_wconf 92' lang='lat' dir='ltr'>sollemnem</span> <span class='ocrx_word' id='word_1_188' title='bbox 895 3680 1162 3768; x_wconf 86' lang='lat' dir='ltr'>professionem,</span> 
     </span>
     <span class='ocr_line' id='line_1_29' title="bbox 92 3762 1163 3858; baseline 0.007 -30"><span class='ocrx_word' id='word_1_189' title='bbox 92 3784 103 3819; x_wconf 76' lang='lat' dir='ltr'>r</span> <span class='ocrx_word' id='word_1_190' title='bbox 120 3762 146 3831; x_wconf 89' lang='lat' dir='ltr'>si</span> <span class='ocrx_word' id='word_1_191' title='bbox 161 3763 253 3855; x_wconf 85' lang='lat' dir='ltr'>digni</span> <span class='ocrx_word' id='word_1_192' title='bbox 265 3768 482 3857; x_wconf 90' lang='lat' dir='ltr'>reperiantur</span> <span class='ocrx_word' id='word_1_193' title='bbox 498 3793 511 3831; x_wconf 80' lang='lat' dir='ltr'>r</span> <span class='ocrx_word' id='word_1_194' title='bbox 529 3767 553 3837; x_wconf 78' lang='lat'>².</span> <span class='ocrx_word' id='word_1_195' title='bbox 574 3767 686 3836; x_wconf 90' lang='lat' dir='ltr'>Cuius</span> <span class='ocrx_word' id='word_1_196' title='bbox 702 3768 751 3835; x_wconf 90' lang='lat' dir='ltr'>rei</span> <span class='ocrx_word' id='word_1_197' title='bbox 768 3768 939 3836; x_wconf 91' lang='lat' dir='ltr'>iudicium</span> <span class='ocrx_word' id='word_1_198' title='bbox 955 3770 1104 3858; x_wconf 88' lang='lat' dir='ltr'>pertinet</span> <span class='ocrx_word' id='word_1_199' title='bbox 1119 3769 1163 3837; x_wconf 94' lang='lat' dir='ltr'>ad</span> 
     </span>
     <span class='ocr_line' id='line_1_30' title="bbox 92 3844 1163 3951; baseline 0.01 -36"><span class='ocrx_word' id='word_1_200' title='bbox 92 3844 303 3939; x_wconf 89' lang='lat' dir='ltr'>Superiorem</span> <span class='ocrx_word' id='word_1_201' title='bbox 318 3859 519 3947; x_wconf 86' lang='lat' dir='ltr'>generalem</span> <span class='ocrx_word' id='word_1_202' title='bbox 541 3858 595 3925; x_wconf 88' lang='lat' dir='ltr'>vel</span> <span class='ocrx_word' id='word_1_203' title='bbox 612 3856 688 3925; x_wconf 89' lang='lat' dir='ltr'>eius</span> <span class='ocrx_word' id='word_1_204' title='bbox 704 3858 917 3947; x_wconf 90' lang='lat' dir='ltr'>delegatum,</span> <span class='ocrx_word' id='word_1_205' title='bbox 942 3859 989 3927; x_wconf 92' lang='lat' dir='ltr'>ita</span> <span class='ocrx_word' id='word_1_206' title='bbox 1011 3873 1050 3925; x_wconf 94' lang='lat' dir='ltr'>ut</span> <span class='ocrx_word' id='word_1_207' title='bbox 1073 3858 1163 3951; x_wconf 80' lang='lat' dir='ltr'>capi·</span> 
     </span>
     <span class='ocr_line' id='line_1_31' title="bbox 90 3940 938 4016; baseline 0.015 -13"><span class='ocrx_word' id='word_1_208' title='bbox 90 3940 195 4009; x_wconf 91' lang='lat' dir='ltr'>tulum</span> <span class='ocrx_word' id='word_1_209' title='bbox 204 3966 273 4014; x_wconf 92' lang='lat' dir='ltr'>non</span> <span class='ocrx_word' id='word_1_210' title='bbox 289 3947 414 4015; x_wconf 90' lang='lat' dir='ltr'>habeat</span> <span class='ocrx_word' id='word_1_211' title='bbox 429 3946 496 4014; x_wconf 92' lang='lat' dir='ltr'>nisi</span> <span class='ocrx_word' id='word_1_212' title='bbox 513 3961 635 4015; x_wconf 94' lang='lat' dir='ltr'>votum</span> <span class='ocrx_word' id='word_1_213' title='bbox 652 3946 938 4016; x_wconf 92' lang='lat' dir='ltr'>consultativum.</span> 
     </span>
    </p>
   </div>
   <div class='ocr_carea' id='block_1_9' title="bbox 91 4106 395 4128">
    <p class='ocr_par' dir='ltr' id='par_1_11' title="bbox 91 4106 395 4128">
     <span class='ocr_line' id='line_1_32' title="bbox 91 4106 395 4128; baseline 0.003 -1"><span class='ocrx_word' id='word_1_214' title='bbox 91 4106 395 4128; x_wconf 40' lang='lat' dir='ltr'>*M</span> 
     </span>
    </p>
   </div>
   <div class='ocr_carea' id='block_1_10' title="bbox 116 4202 828 4338">
    <p class='ocr_par' dir='ltr' id='par_1_12' title="bbox 116 4202 828 4338">
     <span class='ocr_line' id='line_1_33' title="bbox 116 4202 828 4273; baseline 0.013 -21"><span class='ocrx_word' id='word_1_215' title='bbox 116 4202 124 4236; x_wconf 90' lang='lat'>¹</span> <span class='ocrx_word' id='word_1_216' title='bbox 138 4204 194 4253; x_wconf 77' lang='lat' dir='ltr'>eft.</span> <span class='ocrx_word' id='word_1_217' title='bbox 203 4214 289 4259; x_wconf 82' lang='lat' dir='ltr'>nostra</span> <span class='ocrx_word' id='word_1_218' title='bbox 298 4210 452 4259; x_wconf 76' lang='lat' dir='ltr'>Monumenta</span> <span class='ocrx_word' id='word_1_219' title='bbox 462 4215 482 4257; x_wconf 85' lang='lat' dir='ltr'>el</span> <span class='ocrx_word' id='word_1_220' title='bbox 493 4210 661 4273; x_wconf 78' lang='lat' dir='ltr'>supplementa,</span> <span class='ocrx_word' id='word_1_221' title='bbox 674 4225 703 4261; x_wconf 89' lang='lat' dir='ltr'>n.</span> <span class='ocrx_word' id='word_1_222' title='bbox 716 4218 744 4261; x_wconf 86' lang='grc'>53</span> <span class='ocrx_word' id='word_1_223' title='bbox 752 4217 779 4261; x_wconf 89' lang='lat' dir='ltr'>et</span> <span class='ocrx_word' id='word_1_224' title='bbox 790 4218 828 4270; x_wconf 84' lang='grc'>54.</span> 
     </span>
     <span class='ocr_line' id='line_1_34' title="bbox 116 4269 558 4338; baseline 0.011 -16"><span class='ocrx_word' id='word_1_225' title='bbox 116 4269 125 4303; x_wconf 85' lang='lat'><strong>²</strong></span> <span class='ocrx_word' id='word_1_226' title='bbox 140 4269 277 4325; x_wconf 77' lang='lat' dir='ltr'>Decretum</span> <span class='ocrx_word' id='word_1_227' title='bbox 285 4277 407 4327; x_wconf 74' lang='lat' dir='ltr'>Neminem</span> <span class='ocrx_word' id='word_1_228' title='bbox 417 4278 482 4338; x_wconf 77' lang='lat' dir='ltr'>latet,</span> <span class='ocrx_word' id='word_1_229' title='bbox 495 4293 523 4328; x_wconf 89' lang='lat' dir='ltr'>n.</span> <span class='ocrx_word' id='word_1_230' title='bbox 535 4297 558 4337; x_wconf 82' lang='lat'>4.</span> 
     </span>
    </p>
   </div>
   <div class='ocr_carea' id='block_1_11' title="bbox 0 0 1503 4900">
    <p class='ocr_par' dir='ltr' id='par_1_13' title="bbox 0 0 1503 4900">
     <span class='ocr_line' id='line_1_35' title="bbox 0 0 1503 4900; baseline 0 0"><span class='ocrx_word' id='word_1_231' title='bbox 0 0 1503 4900; x_wconf 95' lang='lat' dir='ltr'> </span> 
     </span>
    </p>
   </div>
  </div>
 </body>
</html>
