2959 4900
117 1142 210 1211 Deoroli

88 1213 187 1248 oocosoo.

121 1285 246 1329 Stante.

115 1636 237 1695 aequisita

87 1697 246 1798 ιιιιιιιιτ

87 1808 210 1856 diaconum

86 1865 193 1924 supplent.

115 1935 234 1995 Quomodo

86 1992 185 2060 suppleat
194 1994 246 2040 sub-

87 2050 219 2106 draconum,

116 2500 234 2560 Quomodo

87 2557 204 2618 Coppelle·

87 2629 149 2663 nom.

114 3708 176 3770 Quid
221 3711 246 3756 si

84 3767 177 3814 clericus
196 3779 243 3814 non

26 3827 29 3848 ¹
84 3827 116 3872 sit
138 3829 244 3872 tonsora-

26 3857 30 3976 ι
85 3887 129 3931 ns.

301 291 360 353 116
751 313 933 352 unumunurn

378 486 475 573 126.
497 539 538 547 -
560 500 596 574 s.
620 498 767 571 ιιιτυυιι
790 497 986 569 cotonea.
1011 499 1060 579 oo
1084 498 1190 567 mano
1214 496 1319 579 isos)

300 670 521 727 uocantum
539 668 753 725 SPEGIFIGE
772 669 800 724 Α
822 668 852 721 S.
872 667 1091 723 PONTIFIGE
1111 664 1384 723 APPROBATUM
1455 737 1456 762 ἒ

706 747 745 801 14
761 747 885 803 MART.
905 746 986 802 1906

300 898 354 957 ΒΘ
371 898 499 956 0¹0¹¹00
519 897 578 969 (lai
591 898 688 954 inter
702 895 848 953 Missam
866 896 1121 954 subdiaconum
1139 895 1199 952 vel
1213 894 1384 967 cappella-
1455 867 1456 912 ³

710 992 794 1034 num
813 979 978 1049 suppleat

336 1130 414 1185 Cum
432 1128 575 1184 nonnulla
590 1127 679 1183 dubia
690 1126 761 1183 huic
775 1127 934 1183 Sacrorum
947 1127 1068 1183 Rituum
1081 1125 1312 1199 Congregationi
1326 1142 1383 1198 pro

298 1200 393 1275 posita
403 1199 510 1255 fuerint
522 1199 598 1255 circa
607 1198 758 1255 servitium
771 1197 884 1265 Clerici,
899 1198 950 1270 qui
959 1197 1119 1271 aliquando
1130 1198 1176 1255 vel
1190 1198 1257 1254 loco
1268 1197 1383 1253 Subdia-

300 1270 364 1329 ooni
384 1270 414 1325 in
430 1270 520 1327 Missa
533 1269 680 1333 sollemni,
697 1271 741 1326 vel
756 1271 824 1325 loco
840 1269 1011 1343 Cappellani
1030 1270 1061 1325 in
1082 1269 1171 1325 Missa
1184 1270 1221 1325 ab
1242 1269 1383 1341 Episcopo
1455 1293 1456 1296 ι

299 1343 344 1399 vel
358 1342 396 1397 ab
409 1340 467 1397 alio
484 1341 616 1397 Praelato
629 1342 712 1405 lecta,
727 1341 772 1396 vel
792 1340 880 1396 etiam
892 1341 923 1395 in
939 1340 1028 1397 Missa
1046 1352 1161 1396 cantata
1175 1342 1286 1412 absque
1303 1338 1383 1395 Mini-

300 1413 365 1469 stris
377 1412 523 1478 inserviat,
537 1412 639 1468 eadem
648 1412 736 1468 Sacra
750 1412 953 1484 Congregatio,
969 1412 1071 1467 audito
1084 1423 1154 1468 voto
1164 1409 1382 1467 Commissionis

303 1484 475 1556 Liturgicae,
491 1496 525 1539 ut
543 1483 631 1539 dubia
650 1482 712 1555 ipsa
730 1482 855 1539 omnino
874 1483 1034 1551 diluantur,
1054 1483 1127 1539 haec
1145 1483 1299 1539 statuenda
1318 1481 1382 1537 etin

300 1567 451 1629 posterum
464 1554 645 1611 observanda
659 1554 786 1610 decrevit
799 1574 805 1610 :

340 1646 362 1682 ι.
383 1626 513 1682 Clericus
531 1626 567 1682 ad
587 1642 695 1681 munus
715 1624 892 1694 Subdiaconi
911 1624 1081 1680 obeundum
1095 1624 1126 1679 in
1147 1622 1238 1680 Missa
1252 1623 1381 1679 sollemni

300 1714 464 1777 numquam
482 1698 646 1769 deputetur,
662 1696 717 1752 nisi
736 1696 813 1752 adsit
830 1695 1012 1751 rationabilis
1030 1712 1118 1751 causa
1130 1708 1159 1751 et
1172 1695 1203 1749 in
1223 1694 1382 1752 minoribus

299 1768 452 1825 ordinibus
464 1768 501 1824 sit
513 1768 689 1825 constitutus
704 1778 754 1823 aut
767 1768 870 1823 saltem
883 1784 964 1823 saera
977 1778 1098 1823 tonsura
1112 1766 1253 1823 initiatus.

336 1859 362 1897 2.
384 1839 514 1895 Clericus
532 1856 587 1915 pro
607 1838 796 1895 Subdiacono
815 1839 984 1902 inserviens,
1005 1838 1071 1894 alba
1085 1854 1174 1912 super
1191 1838 1311 1905 amictu,
1327 1836 1380 1893 cin-

300 1910 370 1981 gulo
384 1922 412 1966 et
426 1911 526 1967 tunica
540 1911 650 1983 absque
663 1910 818 1983 manipulo
837 1910 874 1966 sit
885 1909 1017 1976 indutus,
1031 1922 1120 1982 atque
1137 1909 1247 1981 omnia,
1263 1925 1338 1981 quae
1348 1907 1380 1963 ad

301 1982 522 2038 Subdiaconum
535 1999 569 2039 ex
581 1981 714 2037 Rubricis
726 1992 867 2052 spectant,
881 1981 935 2037 rite
949 1981 1071 2053 expleat,
1082 1980 1162 2036 hisce
1173 1992 1273 2037 tamen
1286 1996 1379 2059 excep·

299 2052 354 2109 tis:
370 2059 402 2124 a)
414 2070 522 2126 aquam
543 2064 610 2109 ante
623 2052 815 2108 Offertorium
828 2053 858 2107 in
879 2052 999 2108 calicem
1017 2068 1079 2107 non
1102 2050 1248 2119 infundat,
1263 2052 1342 2123 quod
1353 2066 1379 2104 ιιι

300 2141 369 2179 casu
395 2124 540 2180 Diaconus
560 2124 733 2197 praestabit;
760 2123 788 2194 b)
801 2123 922 2179 calicem
941 2123 1037 2195 ipsum
1050 2122 1126 2178 infra
1144 2122 1291 2179 actionem
1304 2137 1379 2177 num·

300 2212 390 2269 quam
402 2207 512 2267 tangat,
523 2212 620 2267 neque
629 2195 738 2267 pallam
747 2196 784 2249 ab
797 2194 901 2251 eodern
913 2208 1062 2251 removeat
1071 2207 1121 2249 aut
1129 2210 1217 2266 super
1227 2211 1295 2249 eum
1304 2208 1379 2266 repo·

300 2269 398 2337 nat;c)
407 2279 472 2339 post
481 2266 801 2335 ablutionem,calicem
810 2283 871 2321 non
880 2266 1025 2337 abstergat
1033 2265 1228 2345 (abstergente
1237 2265 1300 2339 ipso
1310 2264 1379 2319 Celo

300 2338 423 2407 branta),
439 2338 488 2393 sed
500 2338 707 2393 tantummodo
720 2337 806 2392 illum
826 2349 985 2411 componat
1001 2353 1085 2393 more
1097 2337 1184 2393 solito
1196 2346 1226 2393 et
1243 2336 1308 2393 velo
1318 2351 1377 2390 coo

299 2409 393 2482 periat
404 2426 473 2465 cum
485 2409 574 2465 bursa
586 2420 613 2465 et
629 2408 665 2464 ad
679 2425 812 2465 mensam
827 2407 946 2465 deferat.

336 2481 362 2536 3.
383 2481 513 2536 Clericus
530 2480 584 2554 ¹qui
597 2480 663 2535 loco
683 2480 745 2552 Cap
767 2481 854 2535 ellani
869 2480 1015 2606 Episcopo
1034 2479 1078 2536 vel
1100 2478 1234 2535 Praelato
1253 2478 1283 2536 in
1297 2477 1375 2534 Missa

299 2551 382 2620 lecta,
397 2564 447 2606 aut
461 2552 510 2607 alii
530 2550 678 2608 Sacerdoti
699 2551 730 2605 in
780 2553 836 2607 issa
859 2568 892 2607 so
905 2550 996 2607 lemni
1008 2551 1070 2607 sine
1086 2549 1228 2606 Ministris
1241 2548 1374 2614 inserviat,

300 2623 402 2704 saltem
414 2632 583 2680 tonsuratus
597 2639 659 2678 esse
674 2622 769 2691 debet,
786 2624 810 2678 si
822 2622 899 2678 alius
912 2623 1046 2691 Minister
1058 2621 1089 2676 in
1103 2621 1192 2678 sacris
1204 2621 1235 2675 in
1248 2631 1374 2694 promptu

299 2711 360 2749 non
373 2705 418 2752 s1t.
598 2704 601 2711 ·

334 2785 361 2836 4.
388 2765 518 2821 Clericus
544 2765 606 2838 ipse
632 2763 731 2820 omnia
758 2764 876 2837 explere
900 2775 995 2838 potest
1021 2780 1097 2836 quae
1122 2764 1154 2818 in
1179 2758 1375 2819 caerimoniali

302 2838 516 2919 Episcoporum
540 2836 604 2896 Lib.
629 2837 651 2905 Ι,
667 2852 729 2909 cap.
745 2853 812 2890 xxrx
835 2835 981 2896 dicuntur.
1006 2852 1060 2908 pro
1084 2834 1175 2891 Missa
1188 2834 1226 2889 ab
1242 2833 1375 2907 Episcopo

300 2907 383 2973 lecta,
411 2909 445 2964 iis
468 2908 595 2980 exceptis
617 2923 693 2979 quae
717 2923 806 2980 snpra
826 2923 856 2962 n.
878 2925 894 2960 2
920 2906 1114 2987 prohibentur
1138 2905 1255 2961 Clerico
1276 2917 1374 2960 munus

301 2979 479 3036 Subdiaconi
501 2978 631 3036 obeunti.
659 2979 799 3050 Insuper:
824 2994 854 3044 a,
875 2977 996 3034 calicem
1018 2989 1085 3033 ante
1108 2975 1300 3033 Offertorium
1321 2989 1374 3029 non
1455 3024 1457 3035 ,

299 3051 461 3124 abstergat3
478 3050 505 3120 b)
518 3068 573 3106 nec
585 3051 688 3106 vinum
698 3066 753 3104 nec
764 3065 873 3121 aquarn
883 3049 914 3102 in
927 3066 963 3105 eo
972 3049 1108 3105 infundat
1119 3069 1127 3117 ;
1141 3055 1168 3120 c)
1183 3064 1238 3104 nec
1249 3056 1373 3121 patenam
1455 3039 1457 3089 ἶ

300 3138 368 3177 cum
381 3122 486 3190 hostia,
501 3139 555 3178 nec
568 3121 687 3177 calicem
702 3121 869 3176 Celebranti
881 3122 985 3180 tradat.

337 3195 362 3249 5.
384 3194 465 3248 Calix
478 3209 532 3265 pro
555 3192 644 3248 Missa
665 3191 702 3247 ab
727 3192 873 3263 Episcopo
894 3192 970 3247 vela
998 3191 1132 3247 Praelata
1154 3191 1241 3261 lecta,
1262 3187 1340 3245 sicuti
1350 3192 1375 3240 et
1455 3236 1456 3239 ,

300 3281 355 3336 pro
369 3263 458 3320 Missa
470 3274 583 3319 cantata
602 3263 664 3318 sine
678 3261 829 3328 Ministris‚
843 3262 908 3319 velo
927 3272 956 3318 et
968 3264 1056 3319 bursa
1074 3274 1233 3335 coopertus
1251 3260 1282 3314 in
1294 3259 1374 3314 abaco
1455 3289 1457 3309 1

301 3346 452 3403 statuatur,
480 3346 581 3390 amoto
602 3334 695 3389 abusu
706 3333 792 3388 illum
814 3349 876 3388 non
894 3334 1022 3390 velatum
1036 3333 1182 3390 retinendi
1203 3343 1232 3389 et
1246 3331 1282 3387 ad
1296 3331 1374 3386 altare
1455 3364 1457 3397 3

299 3406 398 3463 discoo
421 3418 516 3462 ertum
529 3405 687 3461 deferendi.
1455 3402 1456 3413 ¹

334 3479 361 3537 6.
424 3478 464 3532 lix
482 3477 543 3550 ipse
556 3488 622 3548 post
641 3474 889 3532 Communionem
908 3475 1111 3533 aCelebrante
1129 3474 1184 3530 rite
1198 3474 1373 3536 abstersus,a
1455 3520 1457 3543 ἱ

300 3549 412 3606 Clerico
422 3549 606 3604 ministrante
620 3547 679 3604 suis
692 3547 874 3602 ornamentis
886 3546 990 3603 instrui
1003 3545 1118 3621 poterit,
1132 3561 1165 3601 ac
1177 3546 1243 3602 velo
1257 3557 1286 3601 et
1297 3544 1373 3599 bursa
1455 3604 1456 3609 η

298 3632 455 3694 coopertus
468 3621 499 3674 ιιι
512 3620 636 3675 abacum
648 3617 763 3675 deferri.

334 3711 360 3764 7.
381 3691 412 3747 Si
425 3708 495 3748 vero
506 3690 637 3747 Clericus
650 3706 731 3745 sacra
745 3707 805 3744 non
815 3687 852 3744 sit
863 3700 985 3745 tonsura
994 3687 1136 3756 initiatae,
1147 3686 1254 3761 poterit
1265 3684 1371 3758 quidem

298 3762 335 3818 ab
349 3764 496 3836 Episcopo
510 3774 561 3817 aut
573 3779 589 3817 a
605 3761 738 3817 Praelato
753 3759 784 3815 in
804 3759 894 3816 Missa
906 3760 980 3817 lecta
991 3759 1035 3814 uti
1055 3757 1190 3815 Minister
1201 3755 1314 3823 assumi,
1329 3751 1371 3810 sed

297 3835 377 3888 eoin
396 3850 473 3894 casu,
490 3832 564 3888 calix
582 3833 694 3888 velatus
713 3844 781 3887 ante
795 3831 916 3886 Missam
933 3831 970 3886 nd
988 3829 1078 3886 altare
1092 3829 1247 3895 deferatur,
1262 3840 1289 3885 et
1302 3837 1371 3882 more

298 3904 383 3960 solito
399 3905 429 3958 in
453 3904 550 3960 medio
572 3919 690 3959 mensae
712 3919 800 3974 super
813 3902 965 3973 corporale
986 3912 1150 3970 statuatur;
1168 3899 1295 3957 Clericus
1311 3909 1371 3952 vero

297 3992 358 4031 non
372 3987 540 4031 tonsuratus
554 3974 595 4030 ita
612 3991 642 4030 se
656 3985 737 4045 gerat
755 3973 833 4029 utin
852 3973 949 4029 Missis
961 3990 979 4027 a
997 3971 1122 4047 simplici
1142 3971 1297 4028 Sacerdote
1308 3966 1371 4024 cele·

297 4046 396 4102 bratis.
414 4047 524 4102 Poterit
546 4057 645 4101 autem
659 4045 695 4100 ad
719 4044 837 4100 Missale
853 4044 1056 4100 Celebrantem
1078 4042 1220 4110 assistere,
1235 4040 1302 4098 folia
1318 4054 1370 4094 ver·
1455 4098 1456 4101 Ἴ

297 4129 366 4183 tere,
380 4117 585 4189 palmatoriam
605 4116 765 4185 sustinere;
781 4115 856 4171 calix
878 4128 986 4184 autern,
1001 4116 1037 4170 ab
1056 4115 1120 4189 ipso
1140 4115 1309 4172 Celebrante
1326 4124 1371 4165 suo

295 4199 428 4262 ternpore
442 4189 587 4244 abstersus
599 4199 626 4244 et
640 4188 761 4252 velatus,
777 4187 855 4242 acin
868 4186 966 4244 medio
981 4203 1098 4243 mensae
1117 4186 1284 4253 collocatus
1298 4182 1371 4237 abso·

297 4259 358 4314 luta
375 4258 464 4314 Missa
478 4260 508 4314 in
523 4257 691 4314 sacristiam
704 4257 861 4316 deferatur.
