2959 4900
92 315 139 398 131}
251 340 273 374 s.
292 339 319 374 a.
336 339 361 373 c.
380 343 444 384 1904,
462 329 865 376 nnnxeostrronx551¹¹ittsrett
882 340 984 375 arissam
1120 315 1159 378 89

90 486 150 527 tante
176 474 284 530 Missae
304 473 498 530 celebratione
523 476 559 529 ad
578 474 721 529 maiorem
743 473 967 539 solemnitatem,
993 470 1161 546 praehabita

90 543 219 600 Ordinarii
234 545 359 613 licentia,
375 563 450 617 quae
464 563 578 619 semper
598 546 718 602 concedi
732 547 815 602 solet.
833 546 925 619 Saepe
937 562 1007 600 vero
1020 542 1162 622 contingit

90 618 150 685 quod
163 616 194 671 in
206 617 343 690 Capellis.
353 617 404 672 ubi
416 617 638 672 Sanctissimum
650 635 711 673 non
721 629 894 684 asservatur,
906 617 988 689 pyxis
996 632 1056 670 non
1070 615 1160 680 adsit;

89 686 198 759 ideoque
220 705 300 743 sacra
316 689 421 744 Hostia
440 688 534 761 pridie
552 690 760 756 consecranda,
785 689 814 743 in
837 689 964 768 quadam
983 685 1162 743 tabernaculi

89 758 165 827 specie
192 759 268 814 inter
294 759 457 828 corporalia
484 775 655 827 asservetur,
682 760 781 833 ibique
806 760 911 814 deinde
934 772 1102 830 reponatur.
1130 768 1162 810 ut

90 830 207 900 sequenti
220 831 266 886 die
280 831 310 885 in
327 830 415 886 Missa
429 829 602 887 celebranda
615 845 815 894 consumetur.
831 831 997 898 Quaeritur,
1012 846 1050 884 an
1063 827 1162 884 huius-

88 901 152 956 modi
165 920 235 957 usus
249 902 351 958 saltem
364 902 481 958 tolerari
494 903 606 975 possint
619 906 629 958 l

115 986 144 1038 Et
156 998 301 1056 quatenus
314 985 486 1041 affirmative
500 985 537 1041 ad
550 988 681 1060 primum
694 1000 721 1042 et
735 988 771 1042 ad
784 987 910 1060 primam
923 998 1053 1058 partem:

115 1068 147 1121 ll.
168 1070 216 1122 An
232 1069 379 1140 praedicta
394 1068 537 1142 expositio
553 1070 734 1126 Sanctissimi
756 1071 786 1124 in
806 1070 977 1127 Ostensorio
990 1069 1086 1124 adhuc
1099 1066 1163 1123 fieri

90 1138 165 1208 possit
189 1154 256 1195 ante
281 1140 403 1195 Missam
427 1140 589 1196 solemnem
614 1142 829 1210 celebrandam,
853 1141 883 1196 in
901 1159 959 1214 qua
984 1139 1163 1197 Communio

90 1225 234 1278 puerorum
249 1211 293 1266 vel
304 1211 432 1267 aliorum
443 1210 574 1267 fidelium
588 1213 768 1269 sollemniter
783 1212 975 1268 ministranda
987 1212 1043 1268 sitl

114 1366 146 1444 Et
167 1367 255 1422 Sacra
278 1367 400 1422 Rituum
421 1368 629 1440 CongregatiO,
652 1369 689 1423 ad
712 1367 885 1424 relationem
898 1367 1052 1440 subscripti
1065 1368 1162 1421 Secre-

89 1446 148 1502 taru‚
164 1437 310 1510 exquisito
324 1452 394 1493 voto
408 1439 631 1494 Commissionis
647 1439 821 1512 Liturgicae,
839 1440 1036 1512 omnibusque
1049 1451 1162 1493 mature

89 1510 235 1578 perpensis,
250 1510 471 1565 rescribendum
484 1512 614 1567 censuit:

113 1591 155 1644 Ad
172 1593 194 1646 l.
215 1593 323 1660 Quoad
342 1593 467 1663 primam
489 1608 612 1666 partem,
634 1595 663 1649 id
682 1593 790 1666 passim
809 1611 845 1650 ne
868 1593 928 1658 fiat,
949 1607 977 1650 et
999 1592 1162 1649 cumvenia

88 1659 221 1717 Ordinarii
232 1665 262 1718 in
276 1663 399 1736 singulis
412 1665 527 1720 casibus
539 1667 669 1722 obtenta.
682 1667 788 1735 Quoad
802 1667 924 1721 alteram
935 1678 1047 1736 partem
1057 1679 1162 1737 nempe

87 1734 153 1812 quod
175 1734 329 1790 deficiente
356 1737 472 1808 pyxide,
488 1755 569 1793 sacra
587 1737 692 1794 Hostia
711 1737 786 1793 inter
810 1737 972 1810 corporalia
991 1748 1161 1801 asservetur,

90 1802 247 1861 hu1usmodi
258 1807 367 1862 abusus
380 1821 423 1863 est
436 1809 559 1864 omnino
574 1810 780 1866 eliminandus.

115 1889 158 1942 Ad
172 1891 209 1946 ll.
225 1892 294 1947 Non
310 1891 407 1948 licere.

113 2046 204 2118 Atque
219 2047 259 2101 ita
274 2023 429 2120 rescripsit,
444 2047 490 2103 die
508 2067 533 2105 tr
552 2049 625 2104 iunii
645 2068 721 2121 1904.

583 2135 613 2190 S.
631 2134 718 2189 Card.
737 2135 880 2199 Cnxronr,
894 2134 1079 2207 Praefectus.

508 2215 548 2271 D.
565 2217 685 2284 Punici,
701 2217 843 2289 Archiep.
861 2216 1036 2285 Laodicen„
1051 2217 1162 2271 Secret.

511 2366 738 2418 Aunornrtouas

121 2494 140 2531 1.
161 2481 289 2547 Quaeres
302 2481 447 2552 imprimis
460 2499 536 2553 quae
549 2498 636 2537 causa
647 2482 738 2537 subsit
751 2496 804 2537 cur
815 2482 912 2537 Missis
922 2499 1020 2537 coram
1033 2480 1164 2555 exposito

89 2546 265 2608 Sanctissimo
278 2552 430 2607 celebratis
443 2552 512 2607 satis
536 2571 640 2625 parum
660 2554 754 2610 faveat
768 2556 798 2609 S.
819 2554 939 2609 Rituum
958 2552 1163 2625 congregatio.

88 2619 174 2696 Atque
186 2623 239 2679 hae
254 2623 390 2679 videntur
402 2642 418 2677 a
433 2624 518 2679 nobis
531 2624 627 2680 afferri
640 2642 733 2697 posse.
749 2625 826 2680 Cum
835 2626 873 2679 ad
884 2625 962 2680 idem
975 2625 1064 2681 altare
1077 2640 1165 2697 expo·

91 2701 159 2744 nitur
180 2694 403 2750 Sanctissimum
427 2695 458 2749 in
478 2713 537 2767 quo
558 2697 691 2751 sacerdos
705 2696 846 2763 litatur,a
868 2695 1018 2751 sacrificali
1040 2695 1164 2753 actione.

92 2776 157 2830 quae
180 2766 305 2839 simplici
334 2765 509 2839 expositioni
540 2768 722 2823 Venerabilis
752 2768 844 2839 longe
869 2779 1004 2840 praestat,
1034 2767 1166 2822 fidelium

91 2847 191 2909 nentes
203 2838 391 2909 aliquatenus
404 2852 565 2893 avocantur
578 2853 610 2893 ut
633 2840 725 2911 tnagis
738 2839 767 2892 in
782 2856 888 2912 puram
901 2840 1053 2894 intendant
1066 2839 1166 2893 adora·

91 2913 189 2961 tionem
201 2927 292 2981 quarn
313 2909 344 2963 in
364 2909 618 2989 participationem
641 2910 774 2966 sacrificii
794 2908 901 2965 infiniti
920 2910 1035 2966 valoris,
1057 2909 1164 2973 Addas,

92 2990 280 3052 permagnam
294 2980 436 3037 Sacrificii
449 2993 561 3052 partem
574 2980 670 3053 ipsum
684 2982 834 3037 Christum
847 2981 904 3036 iam
917 2982 947 3035 in
966 2983 1071 3036 eodem
1083 2978 1166 3035 altari

91 3046 338 3121 sistipraesentem.
348 3052 481 3107 Exterior
491 3052 610 3123 quidem
618 3052 808 3133 expositionis
816 3064 971 3125 apparatus
980 3052 1166 3108 devotionem

92 3113 176 3175 fovere
194 3136 308 3195 potest3
324 3141 415 3195 quare
431 3140 484 3179 nec
502 3124 637 3179 absoluta
656 3124 793 3180 indicitur
814 3122 982 3196 prohibitio,
1007 3124 1073 3191 Sed,
1096 3122 1166 3202 quia

92 3202 217 3314 qopsueta
229 3194 382 3264 vilescunt,
410 3195 555 3268 sapienter
578 3195 671 3251 sancit
693 3196 723 3251 S.
749 3195 981 3267 congregatione
1002 3195 1032 3249 id
1058 3210 1166 3269 passim

110 3276 124 3312 a
137 3303 143 3316 .

121 3362 143 3400 2.
164 3348 205 3402 Ex
227 3349 292 3423 ipso
317 3367 456 3423 responso
474 3349 529 3405 tria
547 3362 615 3405 sunt
641 3351 677 3407 de
694 3351 801 3423 quibus
819 3367 912 3430 pauca
934 3362 1002 3406 sunt
1023 3350 1164 3405 dicenda:

95 3413 135 3469 Ne
151 3422 262 3490 passim
277 3422 356 3497 fiat,·
379 3435 468 3494 atque
487 3420 544 3478 hoc
562 3432 670 3493 spectat
689 3422 893 3494 frequentiam.
913 3453 948 3462 —
967 3424 1015 3478 Ne
1032 3420 1086 3485 fiat
1102 3420 1166 3476 sine

93 3488 167 3543 venia
182 3490 343 3549 Ordinarii
356 3493 386 3547 iu
395 3492 524 3566 singulis
537 3493 652 3547 casibus
665 3493 801 3560 obtcutc;
816 3494 897 3565 quod
909 3507 1017 3566 spectat
1031 3494 1164 3547 modurn.

92 3556 132 3612 Ne
146 3558 198 3627 fiat
218 3565 296 3620 iuter
320 3565 441 3620 missam
460 3564 490 3618 iu
504 3581 563 3637 qua
576 3566 743 3619 commuuio
760 3563 943 3619 sollemniter
963 3565 1165 3630 ministretur;

94 3643 209 3697 quaeest
221 3637 369 3707 quaedam
378 3635 519 3707 exceptio.

95 3779 100 3788 ‚
123 3714 146 3769 3.
164 3717 210 3773 De
217 3719 400 3793 frequentia.
418 3719 566 3775 Praesenti
580 3736 728 3791 responso,
745 3719 907 3792 frequentia
927 3720 1042 3775 vitanda
1062 3718 1167 3775 dicitur

94 3798 119 3834 tn
131 3790 304 3864 expositione
325 3808 401 3861 quae
414 3789 465 3845 fiat
478 3807 581 3845 coram
590 3790 709 3863 populo.
724 3792 763 3845 At
784 3808 822 3847 ue
835 3792 865 3845 in
878 3791 933 3848 liac
953 3809 982 3845 re
996 3792 1025 3846 S.
1042 3792 1168 3862 Congre-

95 3867 162 3922 gatto
175 3861 350 3935 principium
364 3860 463 3928 edidit,
478 3861 525 3917 die
543 3880 569 3916 11
587 3862 656 3916 maii
675 3862 762 3933 1878(
798 3880 858 3917 ecr.
870 3863 951 3918 auth.
967 3880 996 3917 n.
1013 3864 1103 3933 3448),
1116 3862 1165 3916 ubi

95 3925 125 3977 ad
139 3946 147 3981 1
164 3934 320 4006 respondit,
335 3934 371 3989 de
386 3932 480 3988 missis
496 3932 647 3987 celebratis
660 3950 760 4000 coram
774 3933 962 3989 Sanctissimo
978 3936 1166 3990 Sacramento

95 3998 196 4073 publice
216 4005 348 4077 exposito
373 4004 403 4059 in
419 4003 556 4060 Ecclesiis
570 4004 621 4058 ubi
639 4020 699 4059 non
722 4005 827 4060 desunt
851 4004 907 4060 alia
921 4004 1040 4060 altaria:
1062 4025 1078 4055 «
1096 4005 1166 4059 Nou

95 4065 247 4151 licere'sine
266 4075 445 4143 necessitate,
470 4076 515 4131 vel
529 4074 608 4147 gravi
621 4092 718 4144 causa,
742 4076 787 4130 vel
809 4094 843 4131 ex
865 4076 983 4150 speciali
1003 4076 1129 4131 indulto.
1149 4096 1166 4127 s

95 4136 143 4194 Sed
159 4160 179 4196 si
192 4160 323 4217 ageretur
336 4148 372 4202 de
392 4146 573 4219 expositione
585 4164 662 4219 quae
680 4146 763 4203 fieret
785 4147 815 4201 in
834 4147 946 4203 sacellis
965 4147 1166 4219 religiosarum

96 4218 337 4286 communitatum,
361 4216 517 4273 verisimile
542 4230 586 4274 est
606 4217 686 4273 aliud
714 4218 846 4275 futurum
865 4219 953 4275 fuisse
981 4235 1165 4300 responsum.

101 4278 263 4358 interrogata
277 4290 358 4346 enim
373 4289 410 4344 ab
425 4289 571 4363 Episcopo
595 4288 776 4346 Presmilien.
795 4290 976 4361 Latinorum,
991 4308 1042 4364 qur
1061 4306 1166 4364 anceps

1213 474 1293 523 modus
1304 489 1348 534 quo

1214 539 1316 580 seruetur

1214 592 1243 638 S.
1257 591 1357 638 Hostia.

1245 1073 1307 1133 Quid
1332 1078 1373 1132 per

1215 1130 1244 1177 M
1247 1145 1320 1177 issum
1334 1145 1359 1177 tn

1215 1203 1259 1247 qua
1264 1188 1374 1248 flatrum·

1216 1249 1296 1294 munio
1305 1247 1318 1292 B

1243 1377 1371 1427 Respon-

1214 1439 1256 1472 sa.
1293 1495 1295 1500 Ι

1244 1604 1319 1653 Adl.
