2959 4900
305 252 364 314 134
754 277 935 314 monumenta

303 428 332 484 p.
343 411 388 480 48,
398 411 477 466 varia
490 421 559 466 sunt
567 411 774 484 perpendenda
786 412 922 469 adiuncta
935 429 1010 486 quae
1020 412 1067 468 vix
1074 423 1196 485 possunt
1208 409 1390 483 generalibus

303 482 512 562 comprehendi
522 483 646 554 regulis;
658 500 713 539 nec
722 483 816 539 nimio
826 483 923 558 rigore
936 484 1143 541 mathematico
1152 496 1195 540 est
1208 482 1250 539 rei
1261 481 1391 538 facienda

303 565 479 610 aesttmat10.

340 636 382 690 Ut
391 636 427 690 de
437 636 505 709 ipsis
515 637 633 708 regulis,
645 654 733 712 supra
741 637 1192 711 descriptis,dicamus,videntur
1196 656 1251 714 per
1260 654 1292 696 se
1300 637 1390 694 teneri

303 723 389 778 posse
409 709 510 780 quales
529 710 712 782 proponebat
730 709 826 765 dictus
850 710 1094 785 archiepiscopus,
1114 723 1202 784 atque
1221 709 1391 766 indicationi

304 780 334 833 S.
351 778 434 860 Sedis
446 780 515 834 satis
528 781 714 852 respondere,
741 781 797 838 nisi
816 783 897 854 quod
916 783 1042 839 severius
1061 795 1214 856 ponuntur
1236 799 1268 838 10
1288 781 1392 836 missae

304 865 366 906 esse
396 861 473 906 intra
504 866 634 908 mensem
661 853 862 910 celebrandae.
887 855 1010 910 Nostras
1034 853 1226 910 indicationes
1248 852 1389 918 conferas,
1450 921 1451 924 Ἴ

304 938 333 994 p.
343 922 389 992 48,
404 940 434 977 n.
445 941 473 992 4.
486 923 572 979 Hanc
581 940 644 996 port
653 943 670 972 o
684 942 818 980 normam
827 925 926 981 statuit
939 927 973 980 R.
988 927 1021 981 P.
1037 927 1208 982 Ferreres1:
1226 945 1241 975 κ
1252 923 1392 993 Quicum·
1450 987 1451 990 Ἴ

303 1009 362 1118 que
385 1010 527 1050 numerus
545 997 699 1050 missario.
726 995 821 1051 eidem
846 997 988 1052 sacerdoti
1009 997 1045 1052 ab
1068 997 1173 1053 eodem
1194 995 1392 1051 committatur

324 1064 454 1129 icendus,
475 1065 565 1122 trium
584 1067 699 1123 dierunt
718 1068 845 1140 spatium
864 1068 1043 1124 celebrandis
1062 1068 1184 1141 singulis
1203 1067 1279 1122 binis
1297 1065 1391 1120 missis

304 1135 480 1206 conceditur,
496 1137 573 1192 ultra
585 1155 717 1194 mensem
729 1137 781 1210 qui
796 1139 906 1211 primae
918 1139 1058 1195 dicendae
1071 1141 1177 1195 missae
1191 1139 1355 1210 deputatur.
1376 1157 1391 1186 »

341 1222 371 1294 b)
385 1222 558 1290 Quaesitum
575 1223 680 1278 deinde
692 1235 735 1279 est
749 1223 786 1279 de
807 1225 896 1279 modo
916 1241 976 1296 quo
998 1237 1114 1299 tempus
1133 1224 1210 1280 istud
1224 1225 1260 1279 sit
1274 1240 1392 1296 compu-

304 1294 438 1350 tandum.
452 1295 559 1366 Atque,
574 1311 609 1350 ex
619 1295 774 1366 responsis,
791 1294 863 1351 haec
875 1309 1027 1352 constant:

340 1382 367 1449 α)
380 1377 577 1452 Singulorum
592 1378 642 1450 qui
656 1378 759 1434 missas
772 1379 936 1452 rogaverint
949 1392 991 1436 est
1003 1380 1154 1436 habendus
1164 1389 1325 1449 respectus3
1341 1393 1394 1432 nec

305 1461 431 1523 possunt
449 1449 630 1504 coniunctim
653 1451 739 1516 sumi,
767 1450 803 1504 ad
825 1451 1027 1532 ampliandum
1047 1450 1184 1526 spatium,
1210 1448 1355 1521 stipendia
1377 1466 1395 1500 a

305 1520 439 1593 pluribus
451 1520 559 1588 oblata,
576 1521 635 1575 sive
648 1520 677 1575 in
691 1521 778 1576 variis
791 1523 1004 1590 occasionibus,
1021 1523 1102 1594 quod
1115 1521 1183 1577 satis
1198 1538 1249 1593 per
1259 1538 1289 1576 se
1303 1531 1391 1593 patet,

305 1591 365 1647 sive
374 1592 463 1648 etiam
474 1591 503 1646 in
515 1609 575 1646 una
586 1593 747 1664 eademque
758 1593 911 1648 occasione
922 1594 929 1661 l
936 1595 1020 1663 Resp.
1033 1595 1070 1649 ad
1079 1592 1206 1663 archiep.
1221 1591 1394 1665 Leopolien-

305 1681 376 1744 sem,
393 1663 429 1743 ad
443 1665 481 1735 2).
497 1664 533 1744 ln
547 1663 707 1744 posteriore
727 1676 826 1718 tamen
846 1680 925 1729 casu,
940 1664 1107 1745 faciliusex
1125 1664 1252 1736 benigna
1271 1663 1394 1744 offeren-

305 1748 380 1790 trum
402 1747 574 1794 rnrennone.
598 1746 632 1789 ut
653 1753 688 1802 si,
702 1753 730 1790 v.
747 1752 790 1806 gr.
815 1752 966 1791 communi
990 1749 1101 1808 egerint
1120 1753 1276 1804 consensu,
1301 1752 1396 1791 maror

306 1806 367 1862 erui
383 1805 489 1878 poterit
501 1805 632 1861 facultas.

340 1898 369 1955 a}
384 1892 466 1958 Quas
488 1889 591 1945 missas
615 1891 779 1947 sacerdotes
800 1891 837 1945 ab
864 1890 1027 1947 Ordinariis
1040 1891 1220 1947 dioecesanis
1233 1890 1395 1964 acceperint

305 1960 503 2029 celebrandas,
520 1974 654 2043 possunt,
669 1962 705 2016 ad
718 1962 952 2034 computandum
967 1974 1092 2036 tempus,
1107 1962 1294 2018 considerare
1312 1961 1394 2035 quasi

305 2033 361 2105 ipsi
381 2032 529 2090 Ordinarir
554 2032 612 2089 sint
638 2033 773 2106 stipendii
799 2046 941 2089 auctores
973 2035 1011 2088 Hi
1040 2045 1139 2089 tamen
1168 2034 1316 2090 debebunt
1343 2049 1395 2105 pro

305 2104 416 2160 viribus
430 2117 560 2185 satagere
573 2119 606 2159 ut
624 2105 729 2160 missae
753 2105 829 2186 intra
852 2104 1007 2160 definitum
1024 2105 1091 2180 lege
1104 2105 1229 2178 spatium
1251 2105 1396 2186 celebren-

305 2189 364 2243 tur,
376 2192 430 2230 nec
443 2193 497 2247 rpsi
510 2187 634 2248 possunt
647 2193 716 2231 eum
729 2193 884 2232 missarum
897 2193 1055 2231 numerum
1069 2194 1209 2248 quaerere
1223 2189 1252 2232 et
1264 2191 1395 2248 accipere

306 2246 353 2301 cui
367 2246 443 2301 intra
456 2245 611 2302 definitum
624 2247 689 2319 lege
701 2247 843 2320 temporis
865 2249 992 2320 spatium
1016 2266 1066 2320 per
1085 2265 1115 2304 se
1136 2248 1181 2303 vel
1201 2265 1253 2322 per
1266 2247 1395 2304 subditos

306 2318 470 2373 sacerdotes
488 2318 653 2374 satisfacere
673 2330 822 2390 nequeant
846 2319 972 2388 (Decreti
994 2334 1048 2376 art.
1076 2325 1109 2391 ι).
1130 2319 1239 2393 Excipe
1258 2319 1362 2374 missas
1380 2335 1395 2370 a

306 2389 430 2444 subditis
448 2387 502 2444 sibi
521 2388 641 2445 traditas
654 2403 687 2445 ut
701 2391 903 2458 exuberantes,
925 2393 1088 2447 secundum
1107 2409 1136 2446 n.
1154 2393 1167 2448 5
1182 2391 1300 2446 decreti.

343 2474 377 2528 ln
398 2490 551 2545 responso,
575 2491 671 2529 sermo
692 2473 725 2529 fit
744 2475 780 2529 de
803 2474 952 2547 episcopo,
973 2477 1023 2531 sed
1052 2493 1097 2532 res
1116 2476 1230 2531 videtur
1248 2471 1393 2528 transferri

306 2561 393 2617 posse
405 2544 443 2599 ad
455 2544 600 2617 praelatos
613 2546 770 2618 regulares,
784 2546 947 2601 secundum
961 2564 1135 2621 responsum
1147 2547 1249 2601 datum
1264 2544 1300 2599 ad
1314 2546 1344 2600 S.
1362 2544 1392 2599 C.

307 2615 442 2690 Spiritus,
457 2616 480 2671 si
494 2630 592 2672 tamen
605 2617 760 2688 contigerit
773 2617 851 2692 ipsos
865 2636 895 2672 rn
908 2618 1012 2675 iisdem
1024 2618 1131 2675 versari
1144 2616 1298 2672 adiunctis.

343 2700 467 2755 Minime
493 2713 602 2769 autem,
631 2716 733 2757 contra
760 2714 847 2775 atque
869 2701 1013 2759 existimat
1035 2704 1237 2757 Rau-mma.
1261 2718 1308 2755 rx.
1327 2710 1395 2753 note

308 2790 336 2852 p.
352 2773 414 2845 273.
426 2772 527 2852 regula
541 2772 593 2827 ista
605 2773 681 2829 valet
697 2773 727 2827 in
737 2773 841 2828 missas
856 2788 989 2847 acceptas
1002 2792 1018 2827 a
1032 2772 1185 2829 sacerdote
1199 2772 1251 2846 qui
1271 2783 1394 2843 nequeat

307 2855 383 2899 intra
395 2844 559 2915 legitrmum
573 2844 700 2917 spatium
714 2857 848 2919 suscepta
863 2861 953 2900 onera
961 2862 1019 2919 per
1030 2862 1062 2901 se
1074 2844 1204 2917 exsequi.

344 2929 378 2983 ln
401 2927 481 2983 hunc
503 2927 580 2983 enim
597 2927 687 2984 finem
701 2928 822 2984 facultas
835 2929 973 2984 omnibus
988 2927 1020 2983 fit
1033 2928 1224 2985 transferendi
1238 2928 1393 2997 eleemosy-

307 3015 369 3064 nas,
385 3012 418 3053 ut
439 3000 545 3054 missae
568 3000 682 3072 possint
704 3018 836 3073 congruo
855 3013 987 3073 tempore
1006 3000 1156 3065 celebrari,
1172 3017 1232 3055 non
1248 3014 1346 3054 autem
1364 3006 1393 3050 ut

307 3069 508 3125 transferendo
521 3068 623 3126 missas
637 3072 667 3126 in
689 3072 782 3127 alium
804 3073 919 3145 possint
938 3072 991 3126 viri
1005 3072 1191 3144 neglegentes
1204 3070 1295 3126 veluti
1310 3067 1392 3146 privi3

307 3141 417 3213 legium
430 3142 590 3197 concedere
603 3144 723 3199 maioris
746 3143 904 3199 dilationis.
927 3145 1040 3199 Debent
1059 3144 1098 3198 ita
1120 3161 1157 3199 ue
1171 3142 1332 3198 sacerdotes
1345 3157 1392 3211 qur

307 3214 446 3268 oneribus
470 3212 627 3285 implendis
650 3215 777 3287 impares
799 3216 866 3280 sint,
890 3216 935 3270 vel
956 3214 1074 3287 proprio
1100 3160 1258 3269 grdinario
1285 3212 1392 3269 tradere

307 3284 420 3351 missas,
435 3283 480 3340 vel
493 3301 633 3409 quaerere
643 3287 824 3342 sacerdotem
833 3286 884 3358 qui
896 3286 999 3341 missas
1010 3286 1157 3341 celebrare
1166 3299 1256 3359 queat
1266 3297 1391 3355 tempore

308 3355 389 3437 quod
413 3354 476 3429 lege
517 3355 635 3411 efinitur
657 3371 685 3412 et
707 3358 744 3412 ab
766 3358 864 3413 oblata
886 3376 902 3413 a
922 3356 1058 3413 fidelibus
1071 3356 1259 3429 eleemosyna
1282 3352 1391 3410 initium

308 3439 406 3483 sumit.

346 3512 451 3577 lmmo,
465 3509 627 3581 quominus
640 3511 675 3565 de
699 3510 899 3567 sacerdotibus
912 3508 962 3582 qui
983 3510 1086 3566 missas
1108 3528 1125 3565 a
1147 3528 1177 3565 se
1189 3522 1321 3583 acceptas
1333 3504 1389 3561 aliis

308 3581 497 3637 committunt
521 3580 710 3637 celebrandas
734 3582 854 3654 perinde
877 3582 955 3637 dicas
982 3600 1015 3639 ac
1041 3582 1076 3638 de
1095 3580 1268 3648 Ordinariis,
1292 3578 1389 3651 duplex

309 3653 394 3708 nobis
407 3654 522 3709 obstare
532 3652 647 3708 videtur
658 3654 744 3711 ratio.
759 3654 917 3719 Ordinarii,
929 3670 990 3708 non
1003 3666 1100 3708 autem
1110 3652 1213 3725 privati
1223 3652 1385 3711 sacerdotes,

309 3724 391 3796 quasi
405 3742 440 3780 ex
452 3724 550 3779 officio
565 3724 710 3798 recipiunt
724 3726 916 3782 exuberantes
931 3726 1043 3793 missas
1056 3741 1131 3797 quae
1142 3740 1267 3780 numero
1280 3735 1321 3778 tot
1334 3732 1388 3775 esse

308 3807 431 3869 possunt
452 3809 495 3865 ut,
518 3809 668 3869 perspecta
695 3797 783 3852 etiam
807 3797 981 3869 conjunctae
1007 3796 1209 3867 eleemosynae
1232 3793 1385 3867 exiguitate,

308 3867 433 3923 omnino
455 3885 583 3937 aequum
605 3867 641 3922 sit
661 3867 731 3940 ipsis
753 3867 897 3925 faciliores
912 3868 1064 3942 imponere
1078 3867 1155 3939 leges
1168 3867 1313 3922 curandae
1324 3876 1388 3938 rern-

309 3938 435 4011 pestivae
448 3938 663 3995 celebrationis.
680 3942 843 4009 Praeterea,
858 3956 893 3995 ex
906 3940 970 4012 ipso
983 3939 1100 3995 decreto
1119 3938 1160 3994 Ut
1170 3937 1278 4005 debita,
1290 3948 1387 4009 perspt·

339 4176 347 4209 1
367 4175 409 4222 Lo
425 4188 479 4233 que
496 4171 566 4220 debe
582 4171 703 4227 hacerse,
722 4176 773 4218 etc.
794 4172 1036 4231 (commentarium
1057 4183 1226 4219 canonmor.
1246 4164 1341 4217 decreti
1357 4160 1384 4207 U!

309 4240 396 4298 debita)
405 4255 434 4289 n.
443 4248 479 4289 23.
491 4239 607 4299 (Matriti
616 4244 695 4299 1905.)
