2959 4900
95 2939 194 2987 Orator.

275 292 335 353 178
724 288 906 354 nonunxnrii

274 447 427 504 ecclesiam
439 449 471 530 in
483 466 542 522 qua
552 449 646 506 dictae
659 451 811 507 contiones
823 450 939 506 habitae
953 449 1071 520 suerint,
1085 447 1131 505 vel
1145 447 1298 504 ecclesiam
1307 445 1364 501 sive

225 585 228 589 ¹
255 542 257 545 ·
274 518 414 577 sacellum
426 538 543 594 piarum
555 522 714 577 domorum
726 522 758 578 in
792 521 880 578 uibus
895 520 1060 595 spirituales
1074 517 1295 576 exercitationes
1307 517 1364 573 sint

273 601 416 664 peractae,
440 593 544 648 devote
558 593 745 660 visitaverint,
767 539 868 666 iiiique
879 611 932 667 pro
955 591 1184 648 christianorum
1198 587 1364 661 principum

274 661 441 732 concordia,
460 664 614 720 haeresum
644 663 861 744 exstirpatione,
894 676 1082 738 peccatorum
1113 661 1304 718 conversione
1332 676 1365 715 ac

275 735 305 790 S.
327 733 429 788 Matris
452 735 599 792 Ecclesiae
622 737 798 793 exaltatione
822 735 885 809 pias
907 737 944 792 ad
964 737 1060 790 Deum
1077 750 1177 808 preces
1198 729 1364 796 effuderint,

274 804 435 886 plenariam
447 806 582 886 omniurn
601 819 790 887 peccatorum
808 824 932 863 suorum
944 806 1158 880 indulgentiam
1179 814 1208 860 et
1220 803 1365 859 remissio-

274 892 343 958 nem
356 878 581 957 misericorditer
599 895 631 933 in
648 878 777 934 Domino
790 879 989 935 concedimus.
1012 880 1050 933 lis
1061 893 1131 933 vero
1144 875 1281 931 fidelibus
1294 890 1366 946 quo-

274 960 349 1008 tiens
361 947 441 1004 hisce
454 949 642 1004 contionibus
660 967 677 1004 a
695 949 845 1006 Fratribus
861 949 1028 1005 Minoribus
1043 947 1214 1005 Provinciae
1228 945 1371 1001 Franciae

201 1057 204 1061 J
274 1035 355 1074 nunc
367 1030 395 1074 et
407 1019 437 1072 in
450 1031 601 1092 posterum
623 1021 775 1088 habendiS,
790 1021 917 1077 contrito
936 1021 1039 1079 saltem
1061 1020 1148 1076 corde
1162 1016 1320 1085 adfuerint,
1340 1029 1368 1071 et

274 1090 425 1172 ecclesiam
443 1090 503 1146 sive
514 1093 653 1148 sacellum
665 1104 699 1147 ut
712 1111 802 1166 supra
823 1104 940 1149 orantes
950 1092 1141 1158 visitaverint,
1163 1089 1271 1146 totiens
1283 1087 1320 1144 iis
1332 1087 1369 1142 de

275 1161 446 1235 poenalium
470 1163 584 1219 dierum
609 1180 734 1219 numero
759 1164 789 1218 in
817 1163 912 1220 forma
938 1163 1084 1220 Ecclesiae
1114 1161 1199 1217 solita
1225 1161 1368 1215 ducentos

275 1233 480 1306 expungimus.
495 1234 655 1290 Contrariis
668 1252 729 1290 non
745 1235 929 1291 obstantibus
941 1237 1189 1314 quibuscumque,
1207 1229 1368 1286 Praesenti-

275 1306 330 1361 bus
342 1315 483 1377 perpetuo
504 1305 645 1362 valituris.
661 1306 805 1363 Volumus
829 1318 927 1362 autem
941 1318 975 1361 ut
992 1317 1190 1380 praesentium
1202 1303 1367 1361 littei-arum

274 1375 465 1447 transumptis
483 1393 535 1433 seu
553 1377 692 1449 exemplis
710 1377 798 1433 etiam
818 1378 974 1451 impressis
995 1395 1087 1434 manu
1107 1374 1231 1432 alicuius
1251 1371 1368 1429 Notarii

275 1446 385 1528 publici
398 1447 576 1521 subscriptis,
590 1461 619 1506 et
631 1448 727 1522 sigillo
741 1465 885 1522 personae
899 1449 928 1502 in
942 1447 1135 1506 ecclesiastica
1144 1445 1284 1520 dignitate
1298 1460 1370 1500 con·

276 1529 393 1574 stitutae
404 1519 536 1599 munitis,
552 1521 655 1576 eadem
673 1537 793 1592 prorsus
814 1520 887 1576 fides
900 1521 1072 1577 adhibeatur
1091 1535 1166 1592 quae
1180 1516 1369 1572 adhiberetur

276 1591 475 1664 praesentibus
485 1592 508 1646 si
516 1591 612 1648 forent
622 1591 767 1647 exhibitae
779 1593 824 1648 vel
837 1604 982 1648 ostensae.

265 1707 268 1714 ι
314 1675 422 1729 Datum
433 1675 554 1744 Romae,
565 1693 582 1730 a
602 1677 644 1730 ud
657 1675 798 1730 Sanctum
810 1677 940 1742 Petrum,
952 1675 1007 1730 sub
1016 1673 1128 1730 annulo
1141 1671 1306 1738 Piscatoris,
1320 1669 1369 1726 die

277 1745 359 1801 XVII
371 1745 468 1801 martii
483 1747 569 1804 MDC
596 1747 681 1814 CCV,
700 1745 893 1803 Pontificatus
908 1746 1008 1803 Nostri
1023 1763 1102 1802 anno
1114 1745 1253 1800 secund0.

902 1831 961 1887 Pro
982 1831 1036 1885 D110
1056 1829 1142 1885 Card.
1165 1828 1295 1892 Maccui,

922 1915 962 1971 N.
977 1913 1106 1980 Marini,
1120 1910 1272 1966 Substitut.

652 2103 971 2112 ----—-——-—-—

555 2244 625 2329 73.
646 2292 688 2317 τ-
709 2254 741 2325 8.
767 2253 906 2324 conta.
932 2250 1098 2322 concilii

571 2405 832 2497 Responsum
847 2442 867 2496 a
880 2441 978 2496 inin
990 2440 1072 2495 1905

278 2606 331 2662 De
353 2606 577 2663 observanda
599 2620 621 2663 a
643 2606 885 2678 negantibus
907 2606 1122 2661 dioecesana
1146 2599 1369 2656 indicatione

592 2678 844 2751 eleemosynae
864 2675 1052 2732 missarum

316 2846 440 2905 Ordinis
452 2846 609 2903 Minorum
620 2846 881 2903 Conventualium.

314 2932 362 2987 Fr.
377 2930 549 2986 Vincentius
563 2930 644 2999 Buri,
665 2930 851 2986 Guardianus
873 2929 1045 2986 Conventus
1062 2924 1216 3007 Pyrrhani,
1233 2924 1265 2979 in
1286 2924 1364 2981 dioe-

278 3002 336 3060 cesi
359 3000 800 3075 Tergestino·lustin0politana,
832 2998 974 3071 regularis
1006 2996 1180 3053 Provinciae
1214 2995 1363 3052 Dalmato-

280 3073 445 3142 Patavinae,
474 3072 594 3129 Ordinis
620 3073 775 3129 Minor-um
799 3072 829 3129 S.
856 3069 1004 3127 Francisci
1043 3066 1301 3135 Conventualium,
1327 3067 1364 3121 ad

277 3146 365 3220 pedes
378 3145 544 3201 Sanctitatis
556 3145 676 3201 Vestrae
687 3143 869 3217 provolutus,
882 3158 958 3217 quae
971 3150 1136 3213 sequuntur
1149 3138 1273 3211 exponit
1291 3157 1299 3193 z

315 3228 408 3296 Saepe
421 3227 459 3283 ad
472 3226 586 3283 dictum
596 3227 787 3283 conventum
806 3224 931 3281 veniunt
945 3223 1022 3281 vilici
1040 3220 1203 3288 afferentes,
1217 3220 1278 3277 sive
1291 3236 1362 3293 pana

279 3300 397 3372 portatis
411 3299 471 3354 sive
484 3297 682 3371 parsimoniae
692 3314 790 3366 causa,
807 3298 837 3353 S.
854 3296 958 3352 Missas
973 3312 1042 3351 cum
1058 3295 1244 3366 eleemosyna
1262 3304 1361 3348 tamen

263 3370 397 3433 minore.
410 3386 500 3442 quam
514 3386 549 3426 ea
569 3370 694 3442 quaein
710 3368 838 3425 dioecesi
858 3367 945 3440 viget.
968 3366 1064 3423 Dictas
1091 3364 1196 3421 Missas
1223 3362 1360 3444 Religiosi

278 3442 366 3498 huius
376 3441 544 3498 Conventus
557 3456 673 3520 semper
683 3440 863 3513 recipiebant
876 3454 985 3511 easque
998 3437 1062 3493 aliis
1074 3434 1274 3491 sacerdotibus
1286 3432 1362 3488 iiidi-

280 3513 415 3640 gentibus
427 3530 461 3574 ac
470 3512 594 3569 libenter
611 3512 822 3583 accipientibus
848 3510 1036 3591 celebrandas
1055 3506 1180 3589 fideliter
1200 3504 1363 3562 committe·

299 3596 359 3639 ant.
369 3583 423 3641 Ast
434 3599 514 3639 anno
522 3583 622 3655 elapso
640 3600 720 3654 1904,
733 3585 821 3639 an
830 3582 1003 3638 Ordinarius
1013 3582 1203 3651 Tergestinus
1214 3578 1364 3633 decretum

279 3655 370 3712 edidit
390 3654 558 3727 prphibens,
583 3670 620 3709 ne
633 3655 797 3711 sacerdotes
812 3653 915 3709 Missas
940 3669 1009 3708 cuin
1022 3652 1208 3723 eleemosyna
1229 3648 1370 3704 inferiore·

278 3727 452 3783 dioecesana
463 3736 570 3782 statuta
581 3743 599 3782 a
610 3725 790 3782 dioecesanis
804 3725 979 3797 reciperent.

316 3810 487 3867 Stantehoc
508 3809 576 3865 Rani
599 3809 749 3865 Ordinarii
772 3809 900 3875 decreto,
927 3808 1033 3864 Orator
1044 3806 1081 3861 ad
1095 3803 1282 3861 securitatem
1296 3818 1363 3874 pro·

279 3882 360 3955 priae
380 3881 575 3938 conscientiae
598 3893 627 3936 et
648 3898 685 3937 ne
711 3879 781 3936 dicti
808 3878 965 3936 offerentes
989 3880 1026 3935 ab
1047 3876 1176 3933 Ecclesia
1199 3874 1361 3931 eorundem

281 3954 496 4081 ffiffiomm
510 3962 717 4023 averterentur,
733 3950 885 4008 humiliter
897 3950 1038 4024 proponit
1052 3964 1177 4021 sequens
1191 3944 1362 4003 solvendum

310 4272 412 4321 1Acrii
427 4271 562 4327 S.''Snn1s,
579 4274 600 4317 t.
617 4277 655 4328 aa,
671 4284 700 4330 p.
718 4286 756 4327 14·
