2959 4900
72 313 129 397 [50]
143 338 167 373 s.
180 339 205 373 a.
219 339 244 376 c.
257 340 294 375 uie
303 339 490 376 cituunanio.
503 339 524 375 s.
534 340 559 378 c.
572 339 615 376 aa.
627 340 664 376 ar
674 340 739 375 sne.
753 339 858 376 causas
869 339 1077 376 contentiosas
1093 315 1153 380 139

521 500 697 556 Annoririo

103 623 223 677 Decreta
239 622 294 677 isia
312 621 456 693 explicare
475 620 648 686 omittimus,
668 638 737 677 cum
760 622 847 678 nobis
865 624 1051 695 propositum
1063 621 1100 677 sit
1119 621 1155 677 de

71 692 192 747 ecclesiis
214 693 393 763 regularium
421 692 529 748 diserte
549 692 689 750 disserere
713 694 745 748 iu
773 694 880 750 nostris
902 694 1099 750 Monumento
1128 702 1158 749 et

70 763 273 836 Supplemeota
282 764 449 839 periodica.

156 1026 225 1109 50.
245 1076 286 1084 -
307 1037 342 1108 S.
364 1037 399 1108 0.
423 1037 702 1110 episcoporum
726 1038 779 1108 ΕΤ
803 1038 1056 1110 attulimus

264 1195 419 1252 invicia
438 1198 485 1253 ΙΝ
503 1197 642 1256 CAUSIS
660 1197 955 1255 consensiosis

436 1337 647 1396 summatim
665 1340 782 1396 relata

103 1489 123 1540 i.
137 1485 311 1541 parumn.
326 1485 545 1559 Exempiionis.

101 1579 212 1634 Causae
224 1577 317 1643 istius,
335 1595 412 1650 quae
424 1577 461 1632 ad
480 1577 578 1633 forum
591 1577 800 1650 poenitentiale
814 1577 925 1647 attinet,
947 1589 1155 1651 argumentum

71 1648 105 1703 ita
116 1649 146 1704 in
160 1650 243 1704 Acri
254 1650 283 1705 S.
299 1650 392 1716 Sabis,
407 1663 427 1703 t.
443 1650 488 1722 37,
505 1666 534 1720 p.
551 1651 601 1705 513
615 1649 802 1707 describitur.

101 1746 218 1818 Species
228 1746 312 1811 sacti.
327 1744 465 1800 Pluribus
481 1743 588 1800 abhinc
598 1745 694 1810 antiis,
707 1746 737 1800 in
750 1745 986 1826 Congregatione
999 1743 1153 1800 missiona·
1236 1762 1339 1806 mm.

73 1816 176 1871 riorum
194 1817 224 1872 S.
249 1816 396 1873 Vincentii
417 1834 435 1869 a
459 1816 554 1871 Paulo
575 1817 742 1889 agitabatur
764 1832 908 1888 quaestio,
929 1834 1001 1872 num
1020 1816 1154 1888 ipsorum

74 1889 245 1956 lustitutum,
255 1900 395 1944 votorum
404 1888 554 1943 dumtaxat
564 1887 753 1959 simplicium,
768 1891 850 1960 quod
860 1890 897 1943 ad
911 1887 1154 1961 approbationem
1221 1925 1226 1932 -

73 1958 309 2014 confessariorum
321 1976 374 2030 pro
384 1957 514 2013 alumnis
527 1958 659 2026 internis,
674 1977 690 2014 a
710 1958 912 2016 iurisdictione
926 1958 1154 2015 Ordinariorum

74 2043 232 2102 exemptum
253 2044 336 2086 esset.
358 2031 446 2085 Anno
470 2029 547 2102 1878,
558 2032 666 2086 Revmu·
687 2033 719 2088 P.
743 2031 816 2098 Fiat,
838 2029 978 2104 Superior
991 2029 1152 2094 Generalis

75 2102 108 2155 H.
123 2103 152 2157 S.
166 2103 199 2158 C.
215 2119 340 2174 sequens
353 2099 478 2156 dubium
500 2101 676 2175 proposuit:
696 2123 713 2152 κ
731 2103 841 2158 Utrum
863 2101 1023 2175 presbyteri
1037 2100 1154 2172 Congnis
1217 2098 1368 2166 remoratur

74 2172 219 2242 missionis,
234 2192 252 2229 a
271 2173 429 2228 Visitatore
442 2171 472 2226 iii
486 2189 665 2246 unaquaque
683 2173 774 2229 domo
787 2173 929 2246 designati
944 2173 980 2229 ad
994 2172 1154 2242 audiendas
1203 2160 1343 2260 {mmm

74 2243 262 2302 confessiones
283 2261 407 2299 suorum
421 2243 614 2308 confratrum,
630 2244 862 2300 iurisdictionem
883 2244 1028 2317 accipiant
1052 2243 1154 2298 imme·
1221 2218 1302 2274 “pm
1344 2250 1350 2261 ’

75 2315 142 2371 diate
154 2335 171 2370 a
180 2316 387 2389 Superioribus
400 2315 427 2370 vi
439 2316 632 2396 exemptionis
642 2317 679 2371 ab
689 2315 863 2382 Ordinariis,
875 2316 1017 2373 Brevibus
1027 2318 1154 2388 Aposto-

76 2386 130 2440 licis
141 2404 309 2456 concessae,
322 2387 366 2442 vel
380 2403 497 2442 necesse
510 2399 546 2442 sit
565 2400 598 2442 ut
610 2388 764 2462 approbati
778 2387 836 2443 sint
849 2389 885 2443 ab
896 2387 1053 2443 Ordinario
1073 2386 1154 2442 iuxta

75 2458 324 2534 praescriptionem
339 2459 519 2529 Regularum
532 2472 561 2514 et
572 2458 632 2515 sere
645 2460 780 2515 omnium
797 2461 939 2516 italorum
954 2458 1153 2515 Missionario-

76 2548 134 2583 rum
146 2531 356 2587 sententiam».
378 2532 415 2585 Et
429 2531 458 2585 S.
474 2531 507 2586 C.
522 2531 569 2585 die
583 2532 615 2586 23
636 2545 708 2600 sept.
736 2532 799 2587 1881
827 2530 986 2586 reformato
1008 2530 1099 2586 dubio
1118 2547 1154 2585 ex

76 2599 163 2656 officio
177 2622 183 2657 :
199 2604 307 2659 Utrum
321 2602 488 2657 membrum
501 2601 618 2674 Coiignis
633 2603 782 2658 Missionis
795 2604 898 2677 possit,
913 2604 1023 2675 absque
1036 2601 1154 2658 licentia

76 2672 238 2745 Superioris,
270 2672 485 2729 confessionem
516 2675 757 2730 sacramentalem
786 2674 881 2731 valide
910 2690 1046 2747 peragere
1075 2673 1153 2745 apud

76 2743 242 2801 sacerdotem
256 2759 410 2800 externum
427 2746 633 2817 approbatum,
654 2746 726 2800 dum
746 2743 831 2801 facile
850 2746 957 2801 habere
970 2757 1074 2826 posset
1086 2762 1154 2799 con·

76 2813 216 2893 fessarium
237 2816 327 2872 etiam
348 2816 379 2870 in
398 2815 634 2888 Congregatione
649 2818 670 2887 ¹,
685 2817 864 2889 respondere
877 2828 991 2872 censuit
1005 2838 1011 2873 :
1026 2837 1043 2867 «
1058 2817 1152 2888 Nega·

76 2900 128 2941 live
139 2909 163 2942 )).

109 2982 184 3037 Haec
201 2996 301 3038 autem
318 2981 461 3038 sententia
484 2983 617 3056 pluribus
638 2982 769 3039 eiusdem
790 2982 959 3038 Sodalitatis
978 2980 1153 3055 presbyteris

77 3052 186 3130 minime
197 3053 303 3119 arrisit,
318 3054 380 3127 qui,
394 3055 604 3111 contendentes
619 3055 659 3111 H.
674 3055 705 3109 S.
720 3054 754 3108 C.
770 3053 974 3135 quaestionem
987 3052 1154 3126 generalem

78 3123 200 3181 dirimere
212 3125 351 3191 noluisse,
363 3124 539 3181 beneficium
551 3142 645 3182 novae
657 3125 824 3181 audientiae
834 3125 982 3199 petierunt
994 3136 1023 3181 et
1034 3124 1154 3179 tandein

78 3194 265 3265 obtinuerunt,
276 3196 459 3271 reproposita
471 3196 669 3252 controversia
682 3198 736 3251 sub
751 3196 943 3271 infrascriptis
956 3195 1062 3251 dubiis.

112 3291 207 3347 Dubia.
221 3293 251 3351 ,1.
267 3293 304 3347 Se
318 3292 411 3348 debba
433 3290 622 3347 confermarsi
635 3309 654 3347 o
673 3291 804 3347 revocari
826 3290 855 3346 la
868 3291 1015 3347 decisione
1028 3290 1105 3345 della
1121 3291 1150 3345 S.
1234 3314 1335 3358 mn,

80 3359 108 3413 C.
122 3361 162 3416 dei
175 3364 265 3419 VV.e
286 3364 348 3418 RR.
372 3362 418 3418 del
437 3364 470 3418 23
489 3365 646 3419 settembre
671 3363 733 3420 1881
760 3362 805 3418 vel
828 3379 896 3418 caso
909 3366 930 3417 Β.
956 3362 993 3417 Et
1006 3374 1152 3433 quatenus

80 3433 205 3504 negative
216 3436 252 3489 ad
264 3434 403 3507 primum,
418 3447 447 3489 et
459 3433 640 3509 affirmative
652 3434 689 3489 ad
702 3434 867 3489 secundum
883 3454 889 3489 ι

113 3530 148 3607 ll.
161 3530 196 3586 Se
207 3531 233 3585 la
250 3530 430 3603 dipendenza
443 3530 490 3586 dei
503 3530 671 3587 Missionari
684 3531 763 3609 dalla
782 3530 964 3610 giurdizione
977 3529 1055 3603 degli
1070 3530 1154 3585 Ordi-

80 3615 138 3653 nan
149 3617 171 3654 si
182 3605 296 3659 estenda
308 3602 401 3657 anche
414 3603 451 3657 ad
460 3602 533 3659 altre
543 3603 663 3658 materie
675 3602 712 3657 de
728 3603 791 3657 lero
805 3615 922 3658 interno
934 3605 956 3657 ³.

114 3696 262 3769 Resolutio
286 3700 324 3754 Et
346 3699 375 3753 S.
400 3698 509 3769 Congr.
535 3700 597 3755 EE.
621 3710 649 3754 et
673 3700 747 3765 RR.,
771 3715 803 3753 re
815 3711 930 3755 mature
944 3698 1083 3766 discussa,
1107 3697 1154 3753 die
1236 3702 1344 3759 Diam

84 3782 109 3818 ii
125 3767 271 3825 decembris
288 3771 354 3843 1903
368 3769 533 3842 rescripsit:
1207 3758 1254 3809 dil·
1267 3762 1347 3819 1903).

109 3963 117 3995 ¹
131 3963 268 4024 Responsio
278 3966 392 4016 affertur
403 3964 540 4024 superius,
553 3979 580 4021 p.
593 3982 631 4023 99,
641 3979 668 4014 n.
681 3974 732 4027 39.
820 3990 826 4005 ·

108 4030 248 4090 '³Quodiia
258 4034 343 4083 latine
360 4032 519 4081 reddimus:
541 4030 665 4079 Debetne
684 4030 841 4079 confirmari
861 4044 897 4079 an
914 4029 1034 4080 rescindi
1052 4042 1153 4079 causae

84 4091 194 4212 ξῒίὶὲᾶιὲιὲ
198 4114 266 4161 quae
276 4114 293 4148 a
305 4101 333 4149 S.
346 4100 378 4148 C.
388 4098 589 4159 Episcoporum
599 4103 626 4145 et
637 4097 817 4159 Regularium
833 4096 873 4146 dii
883 4105 911 4147 23
922 4095 1086 4157 septembris
1098 4104 1152 4145 1881

111 4203 219 4279 ³Utiuin
227 4245 322 4284 necne.
343 4230 427 4279 etiam
448 4230 477 4278 in
492 4229 556 4277 aliis
575 4227 660 4277 rebus
677 4229 729 4279 lori
748 4228 858 4288 interni,
882 4227 1051 4279 Missionarii
1072 4228 1151 4277 iuria-

87 4289 184 4344 dictioni
195 4296 299 4347 subsint
310 4296 531 4347 Ordinatiorum.
