2959 4900
104 282 186 359 [156.
198 283 270 360 157]
301 304 416 340 consuo.
433 304 455 341 s.
473 304 599 341 rnounu.
615 302 722 341 1un1c1t
737 267 766 340 sJ
777 304 803 341 c.
820 304 845 339 c.
863 301 1042 338 rsuoncmms
1131 277 1190 339 liii

104 436 225 507 Henrici
245 437 473 511 Buonpensiere,
488 438 625 508 Regentis
644 437 768 509 Collegii
781 438 824 492 l).
832 437 864 492 -Τ
865 436 969 505 homae
988 434 1143 508 Aquinatis
1155 436 1192 491 de

104 508 194 576 Urbe,
214 510 353 566 mandare
366 509 501 635 dipnatus
513 522 565 583 est,
581 522 613 565 ut
632 509 689 564 hoc
705 507 873 590 perinsigne
892 507 1069 578 Collegium,
1082 506 1114 562 in
1149 524 1194 562 uo·

102 578 209 647 florent
231 582 327 635 studia
347 576 398 652 phi
411 580 559 652 osophia'e,
583 580 749 651 theologiae
761 596 796 636 ac
816 580 889 635 iuris
906 578 1051 650 canonici,
1071 594 1125 650 pos
1177 594 1193 633 c

101 650 288 718 Pontificum
308 652 404 708 vocari
417 652 525 723 possit3
546 664 573 708 et
586 653 691 725 gradus
709 651 867 707 academici
880 650 1037 721 quisabeo
1055 648 1086 704 in
1099 649 1193 721 philo·

101 722 213 794 sophia,
227 722 376 794 theologia
390 724 502 779 aciure
517 724 660 779 canonico
671 722 729 778 vrite
742 721 942 788 conferuntur,
956 721 1059 776 eadem
1071 736 1193 792 prorsus

101 794 167 849 iura
181 810 215 848 ac
227 794 376 867 privilegia
390 793 516 862 habeant
529 812 605 867 quae
616 795 725 850 habent
739 794 760 848 ii
779 794 830 865 qui
845 794 876 848 in
891 792 1026 865 quolibet
1045 791 1193 847 Universi-

101 874 161 920 tate
182 865 326 923 catholica
347 866 488 922 canonice
511 866 643 923 instituta
665 862 1055 921 conferuntur.'Cont'rariis
1073 863 1194 936 quibus·

102 952 231 1007 cumque
244 952 307 993 non
320 937 514 994 obstantibus.

648 1009 701 1063 Fu.
715 1007 801 1063 Card.
819 1008 956 1070 Sirottt,
969 1005 1156 1078 Praefectus.

666 1094 816 1151 Ascensus
831 1095 978 1164 Daudini,
992 1092 1122 1149 seriatis.

1036 1264 1048 1288 ἱ

539 1268 769 1322 Auuorirtouns

124 1429 126 1433 ·
140 1430 166 1467 1.
187 1411 331 1480 Quamvis
343 1412 645 1484 gradus—academicus
660 1428 721 1466 non
734 1410 794 1466 iam
808 1410 957 1466 contineat
974 1408 1145 1464 missionem
1158 1407 1195 1463 ad

103 1484 280 1554 docendum,
294 1482 327 1538 fit
339 1496 437 1539 tamen
451 1496 484 1538 ut
503 1484 670 1538 doctoratus
692 1482 722 1538 in
739 1480 934 1538 Universitate
955 1480 1081 1554 propriav
1092 1480 1196 1534 habeat

102 1554 264 1626 privilegia.
283 1556 349 1609 Hoc
361 1573 388 1610 v.
403 1572 445 1627 gr.
461 1556 550 1609 modo
569 1554 697 1609 vidimus
713 1556 854 1609 Doctores
873 1554 1063 1626 dispensaria
1077 1551 1196 1623 quibus·

102 1627 171 1681 dam
186 1625 378 1681 examinibus.
391 1626 453 1683 Cfr.
469 1643 566 1698 supra,
581 1624 678 1697 n.‘84,
691 1642 720 1697 p.
735 1627 779 1698 31.
795 1645 798 1651 ·

139 1698 260 1753 Praeter
281 1697 499 1763 Universitates,
521 1710 589 1752 suut
608 1698 666 1752 alia
685 1697 831 1777 quaedam
850 1695 971 1767 collegia
995 1711 1070 1767 quae
1089 1694 1196 1765 gradus

100 1766 281 1838 conferunt3
297 1770 336 1825 ita
349 1769 508 1841 collegium
522 1780 804 1840 protonotartorum.

359 2116 456 2203 157.
479 2170 519 2181 -
541 2132 576 2201 s.
599 2092 740 2203 tonas.
764 2132 929 2203 coacuit

304 2320 458 2379 mulcta
480 2325 526 2379 ΙΝ
546 2324 686 2379 causis
708 2325 1000 2379 CONTENTIOSIS

475 2496 685 2553 summatim
705 2497 822 2553 relata

100 2679 164 2804 Pl.
196 2675 443 2802 Achleruntlne
469 2689 478 2715 1
505 2680 543 2733 et
569 2677 711 2734 Ordinis
738 2674 918 2734 Minorum
944 2681 979 2736 S.
1004 2679 1197 2739 Francisct.
1281 2706 1384 2750 ema,

131 2765 261 2805 aroecta
276 2765 311 2803 ts.

137 2821 262 2894 Species
270 2819 348 2890 sacti
361 2830 381 2874 ².
399 2819 496 2874 Locus
513 2821 602 2874 Banzi
616 2821 653 2876 ad
672 2820 830 2876 Abbatiam
851 2820 973 2878 Nullius
993 2824 1199 2880 Benedictino-

99 2910 173 2947 rum
186 2891 285 2972 primo
299 2891 447 2960 pertinuit,
471 2891 586 2946 transiit
600 2892 677 2958 dein,
702 2893 738 2947 ab
750 2910 840 2949 anno
858 2895 935 2960 1683,
954 2893 984 2947 in
1007 2912 1114 2950 manus
1130 2896 1198 2950 Car·

100 2962 254 3018 dinalrum
278 2962 425 3016 Abbatum
457 2963 791 3029 Commendatariorum‚
820 2966 923 3032 donec,
954 2982 1033 3020 anno
1070 2984 1137 3038 1790
1168 2968 1199 3021 in

99 3033 328 3106 Archiepiscopi
343 3033 536 3088 Acheruntini
549 3034 696 3090 dicionem
711 3037 853 3107 pervenit.

142 3105 204 3178 Ipsi
220 3104 427 3160 iamiAbbates
450 3105 641 3172 Benedictini,
664 3107 694 3161 in
717 3107 823 3162 animis
846 3107 1021 3176 excolendis,
1046 3121 1134 3179 opera
1147 3107 1199 3163 usi

99 3188 176 3233 sunt
189 3177 327 3247 Fratrum
340 3175 491 3231 Minorum
504 3175 555 3248 qui
574 3178 604 3230 in
617 3176 683 3232 loco
701 3178 856 3251 proprium
867 3177 1056 3234 aedificarant
1074 3195 1200 3233 conven-
1241 3219 1243 3224 .

98 3260 182 3303 tum.
216 3246 387 3302 Cardinales
418 3247 506 3303 etiam
537 3248 786 3304 Commendatarii
817 3250 921 3305 iisdem
949 3264 1200 3305 sacramentorum

99 3318 394 3375 administrationem
409 3317 631 3377 confirmarunt.
650 3321 770 3377 Frustra
784 3321 918 3392 quaesito
938 3322 1088 3377 sacerdote
1102 3337 1200 3377 saecu·

98 3391 172 3458 lari,
186 3389 432 3460 Archiepiscopus
452 3390 514 3464 ipse
527 3392 562 3446 ab
581 3393 743 3463 a'nn01793
763 3395 800 3446 ad
826 3393 892 3448 1816
911 3409 1013 3447 curam
1034 3393 1202 3448 animarum

99 3460 263 3534 delegavit.
288 3461 367 3518 Tum
391 3461 517 3532 denique
538 3475 667 3516 erectum
686 3477 728 3518 est
747 3463 913 3536 parochiale
932 3462 1119 3531 beneficium,
1138 3464 1199 3530 sed,

99 3533 221 3589 indicto
247 3548 402 3608 concursu,
426 3548 495 3587 cum
519 3534 618 3588 nullus
642 3550 658 3588 e
679 3536 759 3589 clero
779 3534 920 3590 saeculari
933 3534 1110 3590 beneficium
1123 3535 1201 3591 istud

98 3603 288 3670 ambivisset‚
304 3604 418 3658 Fratres
438 3604 568 3660 Minores
589 3617 740 3677 tamquam
759 3606 1024 3662 oeconomi-curati
1037 3607 1202 3679 paroeciam

98 3675 354 3732 administrarunt
374 3675 410 3730 ad
432 3692 544 3730 annum
556 3692 649 3748 usque
667 3677 742 3749 1893.
758 3676 904 3734 Suffectus
916 3690 987 3732 tunc
999 3691 1042 3733 est
1056 3677 1202 3750 parochus

97 3746 278 3812 saecularis
290 3758 355 3818 post
365 3746 448 3801 cuius
457 3747 582 3814 obitum,
599 3763 678 3802 anno
692 3750 768 3820 1903,
782 3749 896 3805 Fratres
912 3749 1044 3804 Minores
1057 3748 1203 3820 petierunt

96 3832 140 3875 ut
156 3817 312 3895 paroeciae
323 3817 417 3886 istius,
432 3829 533 3890 utpote
546 3818 696 3891 regularis,
711 3821 928 3892 possessionem
940 3831 1154 3892 recuperarent.

134 4069 146 4102 1
165 4066 316 4120 Acerram,
329 4060 357 4111 in
368 4062 450 4113 Italia
459 4061 642 4112 meridionali.

131 4136 146 4170 Ξ
166 4131 254 4178 Facta
264 4130 407 4178 narramus
417 4136 552 4190 quatenus
566 4144 600 4178 ea
617 4129 743 4178 conicere
754 4129 818 4178 licet
836 4144 869 4178 ex
880 4129 1046 4191 imperfectis
1063 4128 1205 4179 relationi·

92 4202 165 4251 bus
180 4209 253 4257 quae
271 4194 406 4245 habentur
423 4197 452 4244 in
469 4199 621 4245 Aaronem
640 4197 864 4255 Eccnnsmsrtcs,
884 4203 904 4247 t.
925 4215 952 4256 14
969 4199 1056 4258 (1906),
1073 4211 1101 4257 p.
1120 4209 1165 4253 103
1177 4200 1205 4244 et

92 4270 276 4319 cmoutsru
286 4275 512 4320 centaurorum,
525 4266 543 4310 t.
556 4269 584 4312 28
594 4264 682 4322 (1905),
694 4276 722 4322 p.
734 4269 777 4311 683
787 4275 828 4324 sq.
