2959 4900
145 340 234 421 [161]
282 354 918 412 s.c.c.7nac.1906.sootruurr101un1nn1
934 345 992 397 noi·
1007 359 1097 397 ununr
1178 339 1237 403 181

144 494 175 549 Si
211 493 322 563 uidem,
349 492 464 551 ratione
485 492 585 550 habita
609 492 791 566 frequentiae
812 509 835 549 s.
849 492 1068 548 communionis
1090 509 1177 565 quae.
1205 509 1241 549 ex

141 512 271 621 faciliore
284 566 329 621 vel
349 564 513 622 difficiliore
527 564 685 632 delatione,
700 562 878 637 permittitur
897 563 961 619 aliis
979 564 1069 620 semel
1085 564 1131 619 vel
1150 563 1195 622 bis
1208 564 1239 619 in

141 637 336 698 hebdomada.
350 636 415 692 aliis
427 636 517 693 semel
530 647 647 692 tantum
658 633 703 691 vel
713 634 758 692 bis
768 634 799 690 in
813 651 922 702 mense,
936 634 1082 691 existimat
1093 634 1240 708 prioribus

141 706 262 764 fortasse
289 706 422 764 sufficere
451 720 487 763 ut
509 705 743 762 convalescentia
770 722 832 761 non
857 716 989 778 speretur
1013 717 1083 762 ante
1108 706 1239 763 medium

140 779 300 844 octiduum,
310 779 374 834 aliis
383 795 452 835 vero
465 794 539 851 opus
549 790 650 833 esseut
659 793 720 833 non
730 787 862 849 speretur
871 787 940 834 ante
953 777 1083 833 medium
1096 794 1237 834 mensem.

180 848 380 905 Distinctionis
392 850 474 905 istius
492 848 635 905 rationem
654 864 709 903 nos
722 847 823 920 fugere
835 847 970 904 fatemur.
995 850 1107 905 Verum
1119 849 1240 921 quidem

141 934 194 987 est,
217 937 279 976 non
299 937 384 993 posse
406 934 466 977 tam
489 936 578 992 saepe
597 920 818 975 communicare
840 935 902 974 non
924 919 1039 975 ieiunos
1061 936 1112 976 eos
1130 921 1262 993 quibus.

140 992 334 1048 domesticum
347 993 427 1047 deest
439 1004 617 1059 oratorium3
629 990 679 1045 sed
692 1007 766 1045 num
781 989 851 1045 hinc
868 990 974 1045 merito
987 989 1106 1063 colliges
1119 991 1239 1047 eosdem

140 1064 178 1118 ad
195 1062 288 1118 seme!
301 1063 449 1124 utendum
465 1062 629 1143 privilegio,
652 1061 772 1118 duriore
786 1062 851 1133 lege
869 1062 982 1117 teneri?
1000 1063 1104 1118 Rarior
1118 1062 1240 1134 quidem

139 1133 210 1206 ipsis
231 1134 402 1189 conceditur
428 1132 570 1207 privilegii
595 1149 676 1198 usus,
698 1149 831 1188 neonus
854 1132 942 1188 nimis
964 1149 1050 1204 grave
1069 1134 1240 1207 imponatur

139 1205 281 1277 parocho,
307 1217 336 1259 et
357 1221 394 1260 ne
407 1204 570 1260 reverentia
585 1220 654 1275 erga
668 1204 720 1259 SS.
737 1203 954 1259 Eucharistiam
975 1204 1098 1275 aliquod
1116 1204 1239 1276 accipiat

140 1276 360 1333 detrimentum.
387 1277 431 1330 lta
453 1276 533 1350 ipsae
557 1273 762 1330 Comus-roms
784 1276 966 1330 Bsucsnsns.
992 1276 1049 1330 Sed
1067 1292 1137 1330 cum
1150 1275 1239 1331 ambo

139 1347 354 1427 aegrotantium
378 1363 485 1419 genera
504 1357 729 1418 praesumantur
750 1345 828 1417 paris
849 1361 912 1401 esse
934 1346 1048 1417 pietatis
1065 1347 1111 1403 vel
1130 1346 1237 1414 meriti,

139 1431 168 1474 et
182 1417 315 1473 insimili
337 1416 508 1474 necessitate
527 1416 673 1489 spirituali
692 1417 812 1484 versari,
836 1417 965 1483 eaedem,
986 1430 1021 1472 ut
1034 1417 1187 1489 privilegio
1202 1417 1240 1473 sit

138 1490 231 1555 locus,
245 1488 378 1561 utrisque
400 1487 641 1562 praescribendae
656 1500 724 1546 sunt
736 1486 935 1543 condiciones.
956 1488 1111 1556 Quocirca,
1125 1505 1161 1545 ex
1173 1488 1237 1560 ipso

137 1561 265 1629 decrem,
287 1560 427 1615 omnibus
449 1559 526 1614 idem
546 1558 748 1631 praestituitur
762 1559 961 1615 observandus
975 1560 1119 1615 terminus
1133 1577 1153 1614 a
1167 1576 1235 1632 quo.

138 1632 198 1700 Qui
212 1647 281 1687 curn
295 1630 361 1686 talis
374 1630 410 1686 sit
423 1631 557 1699 (morbus
570 1631 621 1702 qui
636 1646 688 1704 per
702 1646 835 1690 mensem
853 1630 1011 1701 duraverit)
1035 1642 1068 1686 ut
1085 1646 1237 1702 aegrotum

138 1705 315 1777 plerumque
340 1712 425 1774 cogat
451 1702 510 1756 iam
536 1717 588 1774 per
614 1700 779 1756 maximum
801 1700 889 1756 unius
912 1701 1020 1757 mensis
1048 1702 1235 1757 intervallum

137 1790 175 1829 ss
198 1772 371 1829 eucharistia
391 1772 546 1838 abstinere,
572 1788 649 1827 nova
671 1773 782 1828 accedit
803 1771 878 1827 ratio
905 1789 957 1827 eur
971 1773 1105 1845 proxima
1130 1789 1235 1828 conva-

138 1844 277 1900 lescentia
293 1860 353 1898 non
366 1842 493 1901 severius
505 1841 566 1898 istis
580 1860 670 1915 quam
683 1842 740 1897 illis
754 1841 955 1917 praefiniatur.

152 1958 154 1964 ,
174 1924 204 1979 Si
218 1935 318 1978 tamen
341 1939 393 1996 per
414 1921 544 1993 primum
563 1939 695 1977 mensem
716 1934 852 1994 aegrotus
871 1922 930 1977 iam
952 1922 990 1978 ob
1009 1922 1098 1977 aliam
1116 1938 1237 1977 causam

137 1995 182 2050 bis
213 1993 483 2061 communicaverit,
504 1993 620 2049 tertiam
646 1993 722 2048 intra
752 1993 872 2065 triginta
902 1994 964 2049 dies
994 1994 1237 2050 communionem

136 2066 244 2121 addere
263 2064 368 2137 poterit
387 2064 433 2120 vel
452 2063 664 2137 prohibebitur,
682 2080 745 2119 non
763 2065 889 2130 ieiunuS,
910 2077 1000 2138 prout
1014 2066 1059 2120 bis
1077 2064 1108 2119 in
1127 2064 1236 2121 hebdo-

136 2138 225 2192 mada
240 2137 285 2192 vel
300 2135 344 2191 bis
359 2146 475 2190 tantum
488 2135 519 2189 in
534 2152 635 2192 mense
648 2134 795 2207 privilegis
808 2134 924 2191 fruitur.

173 2209 262 2275 Quod
284 2208 307 2261 si
326 2208 413 2262 instet
435 2206 590 2280 peculiaris
609 2206 756 2277 quaedam
777 2206 925 2275 festivitas,
949 2206 1018 2262 satis
1040 2207 1134 2280 placet
1151 2204 1238 2261 nobis

136 2280 248 2333 dictum
263 2296 280 2333 a
294 2279 329 2333 R.
347 2278 381 2333 D.
397 2278 441 2333 Du
460 2278 551 2345 Sum,
572 2294 657 2349 posse
675 2289 748 2332 tunc
760 2278 915 2349 benignius
929 2277 1076 2333 aestimari
1090 2277 1236 2334 condicio·

135 2366 206 2405 nem
220 2348 469 2405 convalescentiae
492 2365 553 2403 non
565 2348 653 2403 nimis
667 2349 828 2420 proximae,
844 2349 884 2404 ita
895 2361 928 2404 ut
943 2348 1011 2404 satis
1023 2366 1085 2405 esse
1103 2349 1236 2405 videatur

135 2421 159 2478 si
179 2432 256 2477 certa
274 2420 380 2476 afuerit
401 2436 465 2495 spes
484 2419 732 2477 convalescentiae
746 2431 814 2477 ante
837 2436 887 2477 sex
905 2420 950 2477 vel
969 2420 1103 2494 quinque
1121 2420 1182 2476 dies
1197 2419 1234 2475 ab

134 2493 237 2566 elapso
251 2508 361 2547 mense.
385 2492 433 2547 Sic
447 2491 604 2547 dicendum
618 2504 758 2562 putamus
772 2509 807 2548 ex
822 2491 949 2564 benigna
964 2493 1067 2548 Matris
1088 2491 1234 2548 Ecclesiae

134 2575 244 2619 mente.
265 2562 356 2635 Optat
379 2572 413 2617 ut
435 2562 674 2618 sollemnioribus
691 2564 794 2619 diebus
807 2563 955 2618 christiani
969 2564 1057 2620 etiam
1071 2579 1234 2618 sacramen·

134 2634 231 2691 taliter
245 2633 395 2690 Christum
414 2632 547 2688 induant.
562 2635 640 2689 Cum
652 2646 721 2689 voto
744 2635 800 2690 isto
818 2635 964 2708 quaedam
976 2634 1081 2708 rigoris
1093 2634 1235 2690 relaxatio

134 2707 166 2761 in
179 2705 285 2761 morali
298 2704 510 2761 condicionum
523 2705 737 2760 existimatione
751 2718 946 2762 consentanea
960 2706 1084 2762 videtur.

171 2779 234 2849 Age
252 2791 352 2850 porro,
376 2775 553 2830 decumbere
566 2776 770 2832 existimantur
791 2777 901 2848 aegroti
925 2787 1072 2851 quotquot
1091 2776 1136 2832 vel
1158 2777 1235 2833 lecto

134 2848 304 2904 detinentur
316 2846 361 2902 vel
379 2848 409 2900 in
429 2846 566 2902 cubiculo
580 2861 632 2901 aut
651 2847 727 2902 intra
766 2847 869 2902 arietes
888 2848 1065 2904 domesticos
1083 2847 1235 2903 continere

135 2937 167 2975 se
180 2917 351 2974 infirmitate
372 2930 527 2988 coguntur.
553 2919 660 2985 lmmo,
686 2917 719 2982 si,
740 2864 855 2974 givente
869 2929 1048 2990 tempestate,
1086 2936 1117 2974 er
1127 2936 1235 2991 paucas

134 2991 222 3047 horas
243 2989 319 3046 circa
340 2988 494 3044 meridiem
516 2989 614 3061 egredi
638 2986 775 3044 infirmus
795 2991 933 3061 potuerit,
955 3006 1024 3045 eum
1039 3007 1069 3044 nr
1092 2990 1234 3045 ilominus

134 3062 211 3117 inter
232 3059 440 3116 decumbentes
465 3059 648 3130 habebimus,
677 3076 824 3116 memores
847 3061 1021 3132 proverbii:
1047 3077 1152 3133 parum
1179 3078 1233 3133 pro

134 3132 231 3188 nihilo
244 3141 444 3202 computatur.
594 3147 603 3194 t

172 3213 302 3280 Quaeres
319 3221 429 3277 autem,
452 3208 522 3282 quid
542 3209 613 3266 iuris
627 3210 664 3266 de
685 3209 811 3265 infirmis
830 3209 881 3283 qui
900 3226 962 3266 non
975 3210 1156 3266 decumbunt
1169 3211 1233 3284 qui-

134 3285 213 3347 dem,
237 3281 277 3337 ita
298 3293 332 3336 ut
354 3281 431 3352 ipsos
452 3281 560 3340 obvios,
574 3282 605 3337 in
629 3281 681 3337 viis
699 3281 808 3337 habere
821 3283 925 3350 soleas,
941 3283 991 3337 sed
1005 3295 1103 3338 tamen
1116 3298 1182 3338 vere
1197 3299 1233 3336 ex

134 3353 306 3410 infirmitate
325 3351 417 3409 ieiuni
429 3369 549 3408 manere
562 3353 773 3425 prohibenturl
790 3353 972 3408 Huiusmodi
986 3370 1139 3410 occurrere
1152 3352 1232 3408 infir-

133 3441 211 3493 mos,
237 3423 365 3479 dubitati
391 3423 504 3496 nequit.
534 3424 643 3480 Nonne
668 3441 703 3480 ex
731 3423 767 3478 iis
791 3423 843 3495 qui
869 3439 921 3496 per
945 3425 1024 3480 diem
1048 3424 1232 3481 circumeunt

134 3497 293 3564 civitatem,
318 3494 411 3566 aliqui
436 3496 499 3566 lege
522 3496 664 3554 naturalis
689 3494 791 3551 ieiunii
817 3494 1046 3567 praepediuntur
1070 3496 1232 3569 quominus

133 3581 199 3624 toto
214 3583 293 3624 anno
306 3568 343 3621 ad
357 3582 470 3620 sacram
482 3581 615 3622 mensam
627 3567 785 3622 accedant?

173 3648 272 3702 Prima
285 3644 405 3717 quidem
418 3645 514 3717 specie
527 3645 633 3701 dixeris
652 3647 730 3718 ipsos
745 3644 853 3700 decreti
866 3643 1010 3701 beneficio
1023 3662 1084 3700 non
1098 3645 1233 3702 exclusos

134 3719 159 3776 si
186 3735 256 3775 vero
277 3715 383 3770 morbo
406 3728 435 3771 et
458 3733 517 3772 non
542 3717 605 3773 sola
631 3717 780 3773 debilitate
808 3717 936 3788 quadarn
962 3713 1135 3773 afficiantur.
1164 3719 1233 3790 lpso

133 3789 213 3847 enim
241 3788 357 3844 decreto
384 3802 469 3842 mens
496 3789 669 3861 exprimitur
694 3787 869 3844 consulendi
897 3808 914 3838 ι(
940 3788 1066 3858 aegrotis
1090 3789 1234 3843 diuturno

133 3861 241 3918 morbo
251 3857 453 3914 laborantibus
463 3858 514 3930 qui
529 3859 663 3914 naturale
676 3858 822 3915 ieiunium
834 3859 865 3913 in
878 3875 930 3913 sua
942 3858 1106 3932 integritate
1121 3875 1233 3916 servare

133 3942 287 4005 nequeant
299 3949 327 3984 u.
641 3971 642 3974 ,

170 4009 259 4080 Quod
272 4009 393 4064 demum
406 4007 481 4062 lecto
496 4023 526 4062 se
540 4020 658 4064 teneant
670 4007 718 4063 vel
734 4008 896 4074 ambulent,
912 4026 1018 4080 parum
1032 4008 1139 4065 referre
1151 4008 1229 4065 vide-

131 4096 192 4140 tur.
211 4083 306 4136 Immo
322 4079 401 4150 quod
416 4078 534 4134 interest
547 4080 622 4136 inter
633 4092 794 4159 utrumque
808 4095 909 4134 casum
923 4080 1118 4136 aestimaveris
1131 4080 1229 4152 potius

131 4170 238 4212 eorum
259 4151 354 4206 favete
375 4165 480 4204 causae
501 4152 562 4222 qui,
584 4169 653 4206 cum
672 4161 787 4224 possint
810 4167 840 4205 se
861 4150 892 4204 in
913 4152 1066 4207 ecclesiam
1084 4151 1226 4219 conferre,

131 4222 245 4282 nemini
259 4220 374 4277 molesti
387 4236 449 4275 esse
462 4222 569 4276 debent
582 4234 616 4276 ut
628 4239 708 4277 sacra
721 4220 932 4276 communione
945 4220 1124 4281 reficiantur.

170 4291 383 4359 Nihilominus
408 4308 476 4346 cum
505 4309 640 4418 praesens
665 4293 815 4348 decretum
846 4293 902 4364 legi
928 4294 1047 4366 deroget
1073 4311 1162 4367 quam
1188 4293 1227 4348 ob

131 4365 329 4426 sanctissimas
349 4377 451 4418 causas
472 4380 506 4417 va
519 4363 556 4420 de
577 4381 681 4436 urgere
702 4363 776 4418 solet
800 4364 939 4432 Ecclesia,
962 4382 1023 4421 non
1045 4365 1168 4431 videtur,
1189 4365 1228 4420 ob
