2959 4900
302 315 339 350 nr
354 315 495 351 russanen
510 315 650 352 oraremus
664 315 738 352 aeuo
755 315 914 352 nettetosos
1094 291 1153 356 ll3

349 477 433 547 Vll.
459 478 662 548 Sanctioaes
685 488 718 547 et
740 481 879 550 Poenae

110 639 136 708 l.
157 647 378 712 Peccatum.
397 681 438 692 -
458 644 570 731 Leges
582 643 625 710 de
638 641 871 712 celebratione
889 641 1066 710 Missarun
1082 661 1155 710 non

70 747 252 798 summere
266 733 440 819 poenales.
457 731 626 820 Obligant
637 733 754 820 itaque
767 732 880 822 ipsam
892 729 1154 832 conscientiam,

71 819 269 908 etquidem
293 844 360 911 per
382 844 419 888 se
446 823 621 912 graviter,
653 823 814 910 quamvis
840 842 965 911 parvae
993 836 1156 890 materiae

71 912 322 978 excusationem
356 933 428 979 non
467 913 660 990 excludant.
701 912 756 979 De
791 929 887 980 reatu
919 909 984 979 isto
1023 909 1155 1000 aliquid

70 998 228 1082 diximus
247 999 284 1066 in
300 1000 447 1070 Period.
467 1023 502 1071 n.
527 1025 578 1088 11,
597 1025 633 1090 p.
653 1003 707 1070 50.

111 1101 162 1169 ll.
183 1106 361 1174 Nullitas.
380 1142 420 1154 -
454 1127 482 1171 1.
504 1104 634 1172 Nullae
661 1116 743 1172 sunt
759 1101 979 1172 reductiones
1007 1121 1156 1170 onerum

70 1190 170 1258 factae
209 1207 328 1259 contra
358 1192 493 1260 decreta
529 1193 572 1260 de
600 1191 832 1261 celebratione
863 1190 1062 1260 missarum.
1097 1189 1154 1274 (C.

69 1281 271 1370 limena)
517 1287 522 1293 '

110 1405 138 1447 2.
159 1382 259 1450 Aliae
275 1383 442 1470 positivae
459 1384 628 1453 nullitatis
644 1383 840 1454 sanctiones
857 1383 894 1450 in
910 1381 1056 1451 decretis
1083 1403 1157 1450 non

69 1472 241 1560 leguntur.
260 1471 380 1560 Quare
397 1473 484 1542 irriti
501 1496 575 1542 non
591 1489 693 1542 erunt
709 1474 767 1542 alii
784 1464 880 1542 actus
896 1474 950 1540 vel
967 1472 1155 1562 pactiones

70 1561 130 1628 nisi
159 1577 332 1650 quatenus
356 1563 544 1631 iniustitiae
571 1564 648 1631 labe
665 1563 735 1632 sint
751 1563 887 1631 inlecta.
917 1561 1029 1630 Porro
1046 1566 1078 1646 a)
1100 1561 1156 1628 ln·

70 1649 154 1717 iuste
187 1652 396 1719 omittuntur
435 1653 561 1721 missae
592 1653 746 1720 indebite
786 1653 947 1720 reductae
985 1653 1082 1740 quod
1114 1650 1157 1718 ad

71 1760 256 1808 numerum
281 1743 333 1809 vel
359 1744 585 1830 qualitatem3
615 1743 651 1826 b)
684 1740 853 1810 Iniustea
881 1761 953 1807 non
980 1740 1158 1808 sacerdote

71 1829 236 1896 retinetur
261 1851 341 1910 pars
369 1831 532 1921 stipendii
561 1831 675 1920 traditi
700 1853 765 1920 pro
782 1829 1013 1899 celebratione
1041 1830 1159 1898 missa·

73 1940 167 2006 rum3
198 1925 230 2004 c)
262 1920 395 1988 lniuste
414 1931 499 2012 post
533 1921 791 1988 celebrationem
819 1936 965 2008 negatur
988 1919 1157 1987 sacerdoti

73 2008 287 2096 eleemosyna
314 2011 447 2100 integra
464 2010 550 2078 etin
577 2012 719 2097 propria
746 2010 872 2096 specie,
900 2008 942 2076 ad
967 2030 1076 2098 quam
1103 2009 1158 2076 ius

75 2096 168 2193 ltabet
185 2121 194 2184 3
209 2101 247 2180 d)
267 2097 413 2186 Iniuste,
428 2109 508 2167 ante
520 2099 792 2184 celebrationem,
807 2100 874 2168 nisi
888 2098 1041 2166 liberalis
1057 2097 1159 2166 tuerit

74 2189 153 2252 lacta
164 2187 338 2276 remissio5
354 2190 522 2257 sacerdoti
536 2211 610 2257 non
622 2189 838 2277 promittitur
850 2188 926 2256 talis
938 2188 1159 2276 eleemosyna

74 2295 155 2360 quae
170 2276 251 2366 ipsi,
270 2299 334 2366 pro
351 2300 433 2347 suae
449 2278 603 2368 regionis
620 2300 719 2346 more
735 2277 840 2346 fuerit
856 2298 1022 2366 congrua.

115 2388 194 2475 Sed,
228 2409 361 2480 contra,
393 2395 507 2463 valent
538 2414 644 2462 onera
683 2406 841 2481 suscepta
872 2391 947 2461 sine
979 2387 1158 2461 Ordinarii

75 2478 216 2549 licentia.
237 2483 427 2551 Ordinatio
443 2502 561 2551 tamen
578 2483 744 2572 competit
765 2483 945 2571 quoddam
961 2481 1016 2549 ius
1032 2481 1158 2549 rescin-

76 2568 169 2637 dendi
200 2590 328 2653 actum,
360 2572 480 2641 saltem
505 2572 531 2641 si
562 2594 665 2640 causa
692 2572 873 2640 accesserit
899 2570 1075 2655 laesionis,
1104 2570 1159 2638 vel

77 2660 209 2728 ecelesia
235 2684 308 2728 non
336 2664 408 2730 iarn
423 2662 534 2745 possit
561 2662 730 2729 omnibus
758 2660 951 2729 satislacere
978 2660 1156 2729 oneribus.

77 2744 143 2815 Clr.
162 2751 288 2839 MANY,
306 2753 361 2819 De
377 2752 505 2839 Missa,
524 2774 559 2819 n.
579 2752 635 2839 63,
650 2750 733 2819 fine.

121 2869 189 2938 lll.
204 2877 427 2942 Restitutio.
441 2909 483 2922 -—
498 2870 535 2939 Si
550 2870 675 2939 missac
688 2868 842 2937 indebite
856 2868 983 2937 fuerint
996 2868 1157 2951 omissae,

77 2973 203 3040 praeter
218 2981 359 3048 gravem
377 2977 524 3047 reatum,
540 2959 658 3026 induci
676 2958 944 3047 restitutionem,
970 2958 1160 3027 formaliter

79 3046 233 3115 definitur
250 3048 305 3117 ΕΘ.
324 3050 464 3139 Nuper,
483 3072 518 3116 n.
540 3050 571 3117 5.

115 3159 152 3214 De
165 3160 218 3217 hac
227 3161 421 3230 restitutione,
434 3163 479 3218 fac
492 3164 633 3229 advertas
649 3162 764 3218 adeam
778 3162 863 3233 plene
878 3160 1041 3221 faciendam
1051 3159 1160 3232 requiri

81 3240 110 3281 ut
122 3231 162 3287 vel
182 3234 350 3307 suppleatur
363 3235 461 3301 missa,
485 3235 529 3291 vel
549 3235 590 3290 sic
612 3234 750 3289 reddatur
769 3234 953 3305 eleemosyna
969 3245 1002 3287 ut
1024 3232 1160 3305 stipendii

83 3314 173 3379 auctor
193 3306 283 3378 possit
297 3306 436 3376 dicendae
459 3305 565 3362 missae
586 3306 750 3361 consulere.
772 3307 859 3361 Facta
872 3305 951 3359 enim
964 3304 1100 3377 pactione
1125 3303 1160 3359 de

83 3388 194 3441 missae
207 3378 356 3433 sacerdote
369 3379 413 3433 vel
425 3377 585 3450 accipiente
598 3378 815 3449 eleemosynam
829 3376 951 3431 debetur
965 3392 1026 3432 non
1036 3375 1161 3431 eleemo-

83 3460 146 3513 syna
157 3448 199 3503 vel
212 3449 323 3521 aliquid
336 3448 538 3530 eleemosynae
553 3449 749 3521 aequivalens
766 3448 815 3504 sed
828 3446 978 3520 spirituale
997 3446 1161 3503 subsidium

83 3517 192 3574 actionis
210 3519 388 3577 sacrificalis.
412 3522 494 3577 Haec
515 3533 613 3593 itaque
632 3533 675 3576 est
686 3519 859 3592 praestanda
872 3519 917 3577 vel
932 3519 1159 3592 compensanda.

85 3587 172 3654 Quare
185 3608 244 3648 non
259 3593 328 3649 satis
343 3592 431 3649 tuerit
443 3592 622 3667 stipendium
636 3593 750 3648 occulte
766 3591 927 3648 restituere.

127 3686 391 3794 Restituendum
406 3709 582 3792 praeterea
598 3691 675 3779 erit,
694 3690 857 3779 quotiens
873 3689 1043 3757 damnosa
1059 3688 1162 3757 fuerit

87 3794 257 3849 commissa
273 3797 452 3849 iniustitia.

129 3876 183 3947 ll.
199 3886 503 3981 Censuraelatae
513 3889 743 3953 sententiae.
753 3920 792 3933 -
812 3905 839 3949 r.
855 3880 910 3950 (ΣΕ.
922 3882 1050 3985 Nuper
1063 3882 1161 3971 plura

90 3982 273 4039 sanciuntur
300 3971 481 4039 interdicta
507 3993 597 4057 quae
629 3971 683 4040 Css.
714 3970 937 4061 Apostolicae
965 3970 1076 4057 badis,
1108 3970 1162 4037 De

91 4061 228 4129 censuris
243 4061 331 4128 latae
342 4062 544 4147 sententiae,
563 4076 644 4129 sunt
659 4061 855 4151 abrogatae.

129 4194 156 4240 2.
178 4174 249 4262 Qui
279 4174 328 4242 rei
358 4175 410 4242 vel
438 4175 626 4258 complices
651 4176 781 4243 luerint
803 4175 915 4264 turpis
942 4173 1161 4243 ntercimonii

93 4255 235 4353 descripti
263 4266 403 4335 decreto
436 4264 759 4353 VigilantiStudio‚
789 4265 818 4333 si
846 4264 1052 4353 sacerdotes,
1081 4279 1176 4335 sunt·
