2959 4900
118 346 213 382 morus
228 344 361 382 atropatus
378 350 387 377 r
404 346 451 381 nst
467 344 650 381 aaovrnsrtrts
668 350 677 377 r
695 346 731 381 oa
746 340 901 381 insutnurrs
916 343 1095 379 processurus
1120 322 1179 385 103

88 500 178 569 quae
195 500 232 546 re
248 500 327 547 vera
343 478 380 546 in
396 499 520 548 omnes
535 479 683 564 quadrat
705 479 909 547 huiusmodi
927 478 1089 561 familias,
1108 500 1179 548 non

87 587 206 637 tamen
230 584 281 637 est
301 568 504 637 necessaria.
528 567 647 654 Quare
673 568 834 636 Instituta
859 569 949 637 vitae
970 572 1181 657 contempla·

87 657 178 725 tivae
194 658 300 725 etiam
315 658 379 725 hac
395 658 470 747 lege
487 658 846 746 comprehenduntur.

133 748 172 831 b)
202 746 328 815 Statuit
355 761 472 813 autem
504 748 740 834 Apostolicam
767 747 898 834 requiri
926 746 1116 833 licentiam,
1147 760 1180 814 et

89 835 234 925 quidem
251 858 320 927 per
335 835 470 903 litteras
494 836 622 921 datam,
648 853 836 924 antequam
853 836 962 938 possit
982 835 1180 937 Episcopus

87 926 140 992 vel
158 924 234 1003 ipse
253 926 457 993 lnstitutum
474 925 624 993 condere
640 927 693 993 vel
710 925 824 993 sinere
841 940 932 993 utin
948 925 1178 993 suadioeces1

87 1016 272 1081 condatur.
944 1043 946 1047 ’

134 1125 164 1169 2.
203 1102 255 1169 Ex
282 1104 391 1171 altero
432 1102 577 1170 articulo
609 1103 747 1171 licentia
778 1104 997 1190 impetranda
1035 1118 1086 1171 est
1117 1124 1180 1191 per

19 1192 22 1200 '
87 1191 127 1261 S.
143 1191 463 1282 Congregationem
481 1191 740 1280 Episcoporum
757 1207 788 1260 et
808 1192 1061 1282 Regularium3
1082 1192 1178 1260 libel·

85 1282 142 1348 lus
171 1296 287 1347 autem
315 1281 459 1371 supplex
486 1281 645 1348 exhibere
673 1281 776 1349 debet
807 1283 958 1349 auctoris
986 1303 1119 1350 nomen
1147 1295 1180 1348 et

85 1369 304 1458 qualitatem,
330 1370 447 1438 addito
468 1369 539 1436 line
555 1390 627 1458 quo
644 1372 855 1459 impellatur,
874 1370 1030 1439 sodalicii
1047 1385 1179 1440 nomen

85 1479 148 1526 seu
170 1460 327 1547 titulum,
356 1459 515 1527 habiturn
538 1474 695 1528 accurate
715 1460 942 1549 descriptum,
961 1481 1066 1550 opera
1090 1482 1179 1550 quae

85 1568 265 1615 assumere
281 1548 375 1636 velit,
390 1569 486 1638 opes,
506 1548 680 1617 raritatem
697 1550 734 1615 in
750 1550 912 1617 dioecesi.

131 1637 247 1725 Atque
275 1638 358 1706 haec
389 1637 534 1726 quidem
567 1653 647 1706 sunt
678 1640 780 1706 clara.
817 1637 940 1706 Statim
972 1654 1090 1706 autem
1121 1639 1179 1705 hic

84 1728 198 1793 oritur
222 1728 391 1816 quaestio.
705 1794 707 1797 .

132 1814 266 1883 Omnia
281 1815 441 1884 Instituta
458 1838 548 1904 quae
564 1816 756 1886 fundantur
772 1817 809 1885 in
822 1818 908 1885 locis
927 1816 1178 1907 propagandae
1269 1888 1274 1895 ,

87 1904 190 1970 Fidei
215 1904 377 1973 subiectis
394 1919 438 1991 et,
456 1905 494 1973 in
511 1928 737 1996 quocumque
753 1906 947 1975 condantur
963 1908 1063 1993 loco,
1075 1906 1178 1973 Insti·

84 2007 161 2061 tuta
190 2014 280 2082 quae
307 1994 492 2082 praecipue
516 1996 559 2062 ad
587 1996 773 2064 missiones
801 2010 931 2063 exteras
954 1997 1177 2084 deputantur,

85 2082 302 2151 ordinariam
330 2083 366 2152 S.
398 2083 689 2175 Congregationis
715 2085 974 2174 Episcoporum
1002 2100 1035 2151 et
1061 2085 1178 2173 Regu-

84 2173 214 2238 larium
231 2174 501 2260 competentiam
513 2174 694 2259 excedunt,
717 2174 779 2241 sed
795 2174 837 2241 ad
857 2173 894 2242 S.
913 2174 1046 2263 Congr.
1068 2174 1176 2261 Prop.

88 2260 190 2327 Fidei
207 2276 372 2351 spectant.
394 2264 526 2331 Nullus
541 2277 658 2332 tamen
674 2264 717 2332 de
735 2264 799 2331 hac
823 2262 1105 2353 Congregatione
1129 2276 1179 2329 est

85 2352 122 2417 in
152 2350 257 2417 Motu
274 2352 417 2441 proprio
433 2352 542 2421 factus
566 2373 693 2421 sermo.
715 2353 792 2420 Nec
808 2357 1059 2441 argumentum
1071 2350 1177 2437 istud,

85 2439 183 2529 quod
208 2440 371 2529 sciamus,
397 2459 448 2510 est
463 2442 582 2533 aliquo
606 2443 785 2532 superiore
809 2441 947 2511 decreto
964 2442 1177 2511 ordinatum.

132 2529 338 2618 Encyclicae
355 2531 450 2604 enirn
467 2532 597 2600 litterae
616 2531 653 2600 S.
673 2532 806 2622 Congr.
827 2531 935 2621 Prop.
957 2531 1069 2618 Fidei,
1087 2530 1177 2620 7de·

86 2619 237 2686 cambris
268 2641 365 2710 1901,
378 2659 381 2668 ·
396 2621 463 2689 hoc
483 2635 619 2690 tantum
641 2620 840 2690 Ordinariis
888 2620 1117 2706 raescribunt,
1140 2633 1179 2686 ut

85 2709 183 2776 nulla
202 2708 356 2776 Instituti
379 2731 469 2778 nova
485 2711 613 2778 domus
636 2710 833 2778 inconsulta
857 2643 894 2779 ξ
915 2710 1047 2799 Congr.
1068 2709 1176 2797 Prop.

89 2795 187 2864 Fidei
219 2798 257 2865 in
287 2799 374 2866 locis
408 2799 619 2867 missionum
655 2799 828 2889 aperiatur
860 2805 899 2883 ¹3
937 2798 1026 2867 nihil
1060 2812 1178 2866 autem

86 2885 215 2954 habent
239 2888 282 2954 de
309 2889 390 2956 novi
415 2889 567 2956 Instituti
592 2889 777 2975 erectione,
803 2887 891 2955 nihil
915 2889 1117 2976 praesertim
1135 2886 1178 2953 de

91 2974 253 3043 Instituto
285 2978 381 3066 quod
410 2993 501 3045 extra
533 2979 607 3047 loca
635 2977 844 3045 missionum
867 2977 1048 3044 condatur.
1079 2975 1176 3061 Quid
1272 3022 1276 3026 «

88 3062 171 3132 iuris
192 3086 290 3154 erg0,
308 3087 390 3134 cum
406 3069 570 3135 articulus
591 3090 602 3134 1
624 3067 772 3135 omnino
788 3065 992 3140 universalis
1006 3065 1175 3150 videatur,

88 3155 251 3222 articulus
275 3172 392 3224 autern
421 3179 440 3222 2
468 3155 557 3224 nihil
584 3155 727 3225 definiat
753 3156 797 3222 de
826 3175 967 3223 recursu
994 3155 1037 3222 ad
1068 3154 1174 3243 Prop.

92 3240 241 3312 Fidem?
257 3244 361 3313 Certa
383 3247 499 3335 itaque
515 3246 682 3334 obligatio
699 3245 899 3313 recurrendi
915 3245 958 3312 ad
976 3243 1014 3312 S.
1035 3242 1175 3325 Sedem,

89 3351 168 3398 cum
192 3333 306 3423 agitur
333 3335 376 3403 de
403 3336 587 3404 condendo
619 3334 783 3402 lnstituto
807 3333 1029 3419 missionum,
1056 3335 1177 3400 saltem

89 3434 179 3488 extra
199 3423 410 3492 missionum
438 3426 523 3505 loca,
555 3423 657 3492 statui
688 3423 822 3512 nequit.
847 3423 992 3503 Verum,
1023 3422 1059 3488 ni
1091 3421 1198 3503 falli·¹

90 3529 290 3668 mur,lnpva
306 3513 490 3581 declaratio
506 3513 696 3602 praesentis
713 3512 834 3580 Motus
849 3512 981 3600 proprii
999 3511 1177 3578 silentium

90 3619 210 3688 suppa
238 3616 275 3668 1t.

137 3687 166 3756 3.
187 3691 238 3757 Ex
250 3690 353 3759 tertio
365 3692 509 3760 articulo
521 3691 703 3771 habemus,
718 3690 900 3779 impetrata
916 3688 1029 3776 venia,
1042 3709 1176 3755 novum
1207 3717 1210 3722 ·

91 3775 295 3847 sodalicium
328 3780 492 3866 Episcopi
528 3780 730 3848 auctoritate
761 3779 846 3868 erigi
878 3799 992 3866 posse.
1029 3777 1174 3853 Verum,

93 3886 227 3954 propter
260 3891 429 3937 canonem
461 3874 659 3958 generalem
690 3890 762 3955 quo
792 3869 997 3936 dioecesana
1027 3879 1178 3954 potestas

90 3972 223 4024 mutare
238 3960 361 4049 nequit
376 3980 466 4046 quae
482 3981 501 4026 a
519 3958 557 4030 S.
578 3957 667 4027 Sede
691 3974 771 4024 sunt
787 3970 923 4042 statuta,
953 3957 1071 4023 omnia
1087 3976 1177 4043 quae

91 4042 138 4108 de
150 4045 257 4134 titulo,
272 4048 406 4134 habitu,
420 4048 612 4136 proposito,
627 4064 690 4115 etc.
707 4061 819 4114 sunta
832 4045 869 4114 S.
886 4045 976 4114 Sede
988 4051 1176 4133 approbata

128 4335 135 4366 ¹
149 4331 198 4380 Ch.
209 4336 244 4381 De
254 4335 387 4392 Religiosis.
403 4341 421 4382 t.
434 4353 456 4390 2,
468 4348 495 4381 n.
510 4330 578 4394 278,
591 4346 619 4391 p·
634 4349 684 4389 744-
