2959 4900
106 361 164 442 [36.
173 360 227 442 37]
242 380 676 423 ancoras.caut-scania
685 381 1134 422 RBG.COOPT.2FRATR.1NO0NSIL.
1152 360 1191 422 97

138 521 184 575 32.
207 521 384 577 Functiones
409 523 588 592 supradictas
609 534 637 581 et
656 523 765 578 similes
786 523 960 592 celebrandi,
982 521 1112 578 adhibito
1131 523 1191 576 Me-

106 592 220 647 moriali
235 592 383 649 Benedicti
399 595 482 662 Xlll‚
497 595 527 649 in
542 594 669 651 ecclesiis
682 606 711 650 et
729 595 873 664 oratoriis,
895 593 1066 668 praesertim
1080 591 1191 650 Sancti-

105 663 289 733 monialium,
308 664 535 738 Religiosorum.
552 677 606 721 etc.
1120 692 1123 698 ·

139 736 184 791 35.
207 735 345 790 Matutini
360 737 501 809 privatam
515 737 716 794 recitationem
729 737 920 812 anticipandi.

137 808 183 881 39.
204 806 308 862 Missas
318 809 450 881 proprias
464 808 630 865 celebrandi
643 808 673 863 in
686 808 811 865 Triduo.

139 880 183 934 50.
206 878 326 934 Missam
341 880 376 935 de
393 881 505 953 Requie
517 881 622 936 lectam
635 881 672 935 ad
685 880 824 936 nuntium
839 881 952 936 mortis

139 952 183 1022 57.
204 948 301 1006 Officii
320 951 409 1007 divini
429 952 569 1008 recitandi
588 965 616 1008 et
637 951 743 1008 Missae
756 952 938 1026 peragendae
951 951 1031 1006 iuxta
1048 951 1189 1007 Calenda-

106 1022 180 1078 rium
193 1021 329 1095 propriae
345 1023 515 1095 Religionis,
550 1041 584 1078 ro
599 1023 797 1096 Regularibus
810 1023 861 1098 qni
875 1023 1004 1079 eiusdem
1019 1021 1190 1096 Religionis

106 1093 205 1149 habitu
234 1093 310 1149 iusta
338 1095 374 1150 de
397 1112 488 1151 cansa
536 1095 646 1164 imissa,
675 1095 706 1150 in
729 1105 807 1150 statu
833 1094 985 1151 saeculari
1012 1104 1189 1161 versutarum

104 1182 196 1238 usque
209 1164 281 1220 dnm
293 1166 471 1221 residentiali
486 1164 635 1223 Beneficio
649 1185 710 1222 non
723 1167 942 1236 provideantur.
1100 1167 1102 1170 ’

137 1239 182 1292 65.
204 1236 339 1292 Oratoria
364 1238 477 1318 privata
499 1237 629 1311 erigendi
653 1238 684 1293 in
708 1238 897 1295 Coemeteriis
920 1250 985 1293 tum
1007 1239 1042 1292 ad
1066 1236 1190 1292 familias
1244 1307 1245 1310 Ἴ

105 1320 166 1363 tum
180 1307 216 1362 ad
231 1308 466 1366 Communitates
479 1310 649 1383 spectantia.

138 1382 183 1453 67.
207 1379 429 1436 Sanctissimum
457 1380 656 1436 Eucharistiae
682 1382 906 1437 Sacramentum
940 1378 1105 1435 asservandi
1137 1380 1190 1434 sub

106 1451 250 1507 consuetis
263 1452 401 1507 clausulis
415 1453 446 1510 in
459 1453 589 1508 ecclesiis
599 1470 660 1507 non
670 1452 898 1526 parochialibus
916 1450 1051 1514 oratoriis
1064 1448 1190 1525 publicis

106 1537 130 1579 et
143 1523 353 1596 semipublicis.
824 1586 827 1593 ,
852 1587 854 1594 ,

138 1596 182 1650 68.
204 1595 427 1651 Sanctissimum
456 1594 657 1651 Eucharistiae
682 1595 905 1652 Sacramentum
931 1595 1097 1652 asservandi
1123 1613 1191 1653 cum

105 1667 317 1738 dispensatione
329 1686 346 1722 a
360 1666 507 1723 cotidiana
518 1666 625 1721 Missae
638 1665 845 1730 celebratione,
864 1667 944 1722 iuxta
958 1667 1081 1740 praxim.

137 1741 182 1819 75.
207 1739 353 1794 Privatam
376 1738 513 1794 Matutini
536 1756 604 1794 cum
631 1738 781 1793 Laudibus
800 1739 1000 1794 recitationem
1014 1739 1191 1813 anticipandi

106 1811 194 1883 pridie
209 1812 246 1866 ab
265 1811 338 1866 hora
351 1811 445 1884 prima
458 1823 524 1884 post
537 1810 700 1878 meridiem,
715 1826 784 1864 cum
797 1810 895 1885 aliqua
910 1810 1078 1867 rationabili
1093 1829 1189 1868 causa.

196 2133 264 2220 37.
286 2121 333 2192 -έ
350 2145 385 2216 s.
411 2145 447 2216 r.
472 2145 750 2254 tristatarum
775 2145 826 2215 ετ
850 2143 1094 2216 arantium

398 2332 640 2393 aaaronsun
656 2333 677 2386 2
695 2332 797 2386 rann
814 2332 896 2386 1904
1051 2303 1058 2310 ”

109 2496 158 2553 De
175 2498 291 2555 valida
311 2499 459 2554 duorum
479 2497 643 2554 Fratrum
663 2498 892 2570 cooptanone
910 2499 947 2553 ln
968 2500 1191 2559 consiliarios

144 2669 237 2723 Victor
251 2670 438 2734 Bourdenne‚
454 2668 593 2743 Superior
607 2670 757 2726 Generalis
772 2671 1012 2743 Presbyterorum
1025 2691 1042 2729 a
1055 2674 1190 2730 Sacratis-

111 2741 178 2796 simo
193 2742 286 2796 Corde
302 2743 367 2796 lesu
386 2759 402 2795 a
423 2740 602 2808 Betharram‚
620 2742 656 2797 ad
670 2742 759 2815 pedes
773 2742 938 2799 Sanctitatis
954 2744 1072 2801 Vestrae
1086 2762 1190 2817 provo-

112 2812 191 2879 lutus,
213 2811 363 2867 humiliter
381 2813 451 2884 petit
475 2813 651 2869 solutionem
676 2830 760 2869 casus
781 2813 938 2895 sequentis,
968 2816 1019 2888 qui
1044 2834 1136 2889 nuper
1160 2818 1189 2873 in

113 2883 233 3006 lCollegio
247 2884 346 2964 Sancti
362 2884 466 2957 loseph
479 2884 509 2938 in
525 2884 638 2940 civitate
654 2886 842 2957 Bonearenn,
857 2886 1007 2945 Americae
1018 2889 1191 2945 meridiona-

123 2973 152 3021 1s‚
165 2968 288 3011 occurrit
303 2977 308 3010 :

147 3042 288 3096 Renovato
301 3053 343 3095 est
356 3039 436 3094 iuxta
451 3039 578 3095 Instituti
592 3040 835 3107 Constitutiones‚
850 3039 938 3095 huius
952 3038 1074 3111 Collegii
1088 3041 1188 3111 Admi-
1272 3068 1361 3131 ψόας

115 3111 245 3181 nistratio‚
256 3111 397 3185 Superior
409 3111 518 3167 scilicet
531 3124 558 3166 et
571 3112 664 3167 locale
677 3112 839 3185 capitulum
850 3130 885 3168 ex
898 3124 1036 3183 quattuor
1048 3112 1189 3169 Consilia·
1240 3126 1313 3188 satra,

115 3183 156 3240 riis
167 3198 309 3240 constans.
333 3185 365 3238 ln
388 3200 448 3255 quo
461 3183 704 3240 Consiliariorum
728 3201 851 3241 numero
866 3185 925 3239 duo
945 3182 1044 3238 fratres
1059 3185 1188 3241 carnales

115 3256 243 3311 beneficio
257 3253 464 3327 suffragiorum
477 3254 565 3310 simul
579 3255 697 3311 admissi
710 3266 788 3311 sunt.

144 3341 183 3394 Ex
195 3340 311 3394 duobus
323 3338 419 3394 maior
430 3350 503 3393 natu
513 3338 543 3393 in
557 3339 652 3411 primo
663 3339 804 3395 scrutinio
820 3355 894 3410 pene
907 3337 1039 3393 unanimi
1054 3338 1188 3393 omnium

115 3426 245 3467 consensu
260 3411 369 3466 electus
388 3422 431 3466 est
447 3428 516 3465 cum
528 3411 644 3466 duobus
664 3410 727 3465 aliis
743 3410 887 3466 Patribus.
905 3409 1002 3465 Minor
1017 3425 1096 3477 vero,
1110 3423 1188 3483 post-

115 3499 192 3553 quam
213 3482 243 3537 in
270 3481 363 3537 tribus
385 3481 447 3536 aliis
471 3482 618 3538 scrutiniis
641 3500 679 3537 ne
704 3481 890 3538 medietatem
911 3480 1030 3562 quidem
1051 3492 1188 3537 votorum

115 3553 179 3621 tulit,
201 3554 319 3609 tandem
340 3553 370 3607 in
394 3553 507 3633 quintu,
533 3556 614 3625 quod
636 3567 678 3609 est
700 3553 849 3622 ultimum,
870 3552 989 3608 maioris
1017 3550 1187 3624 eligentium

116 3626 191 3695 partis
204 3624 342 3698 suffragia
356 3624 493 3682 obtinuit.

145 3710 213 3765 Cum
234 3721 334 3765 autem
359 3707 410 3764 illa
432 3709 559 3763 duorum
581 3708 703 3763 fratrum
730 3709 760 3762 in
783 3706 919 3780 Capitulo
945 3709 981 3762 de
1004 3724 1063 3779 quo
1093 3707 1188 3779 agitur
1267 3718 1402 3792 Dfffflpg.

117 3782 264 3849 praesentia
278 3780 392 3852 legibus
403 3780 540 3836 civilibus
553 3792 581 3835 et
596 3780 690 3836 Sacris
701 3780 871 3835 Canonibus
886 3779 1030 3835 adversari
1043 3778 1183 3846 videatur,
1245 3795 1275 3837 ns
1286 3795 1369 3839 norae.

117 3864 142 3904 nt
158 3869 189 3908 ex
204 3852 421 3909 Constitutione
439 3852 563 3925 Exponi
582 3851 664 3907 nohis
689 3852 803 3906 Urbani
830 3853 923 3924 Papae
942 3852 1014 3906 Vlll
1035 3849 1137 3923 liquet,
1159 3864 1187 3907 et

116 3931 201 3978 tamen
225 3925 260 3979 de
285 3924 342 3979 hoc
369 3923 599 3979 Constitutiones
624 3934 741 3978 nostrae
766 3922 879 3993 sileant,
907 3922 1004 3995 potius
1031 3922 1122 3977 habui
1149 3924 1186 3977 ad

118 3994 318 4051 beatitudinem
338 3997 469 4049 Vestram
489 3995 621 4067 querelas
639 3994 694 4050 hac
713 3992 867 4049 occasione
886 4006 1000 4049 exortas
1023 3993 1134 4049 deferre
1158 4006 1186 4051 et

117 4080 163 4132 pro
175 4066 315 4122 solutione
329 4083 487 4134 recurrere,
510 4064 680 4139 suppliciter
697 4065 893 4137 postulando:
922 4084 944 4119 1.
960 4065 1038 4133 Quid
1054 4081 1186 4123 summae
1270 4074 1370 4122 nubta.

118 4136 221 4194 l'estrae
239 4136 407 4212 auctoritati
432 4138 586 4194 decernere
612 4136 640 4191 in
666 4154 734 4192 casu
760 4136 867 4205 libeat;
896 4155 921 4192 2.
953 4132 1007 4191 An'
1025 4136 1185 4211 prohibitio

119 4207 327 4265 constitutionis
341 4207 464 4282 Exponi
478 4209 560 4265 nobis
574 4207 747 4281 applicanda
761 4208 797 4263 sit
810 4208 840 4263 in
855 4207 998 4264 similibus
1012 4209 1186 4281 consangui-

120 4294 228 4335 neotum
239 4281 269 4336 in
287 4281 380 4354 gradu
401 4280 481 4335 haud
502 4280 652 4336 remotiori
674 4280 876 4348 electionibus
900 4278 958 4336 sive
977 4298 1031 4353 pro
1048 4280 1185 4362 Capitulo

120 4348 245 4425 cuiusque
256 4352 372 4420 domus,
385 4352 443 4409 sive
456 4370 510 4427 pro
524 4351 659 4425 Capitulo
671 4352 805 4409 Generali
820 4351 1060 4421 totiuslnstituti,
1076 4368 1098 4409 sr
1112 4351 1187 4410 forte

1274 2699 1372 2749 Orator.
