2959 4900
256 302 316 367 188
534 322 620 359 tunsa
634 320 808 359 sumrnrcus
822 319 1065 357 uouuusunonuu

307 458 448 517 Responsa
459 468 556 505 ronov.
571 460 635 514 1905.
656 454 698 503 De
715 452 909 515 praecedentia
919 452 1076 502 Tertiorum
1087 452 1222 502 Ordinum
1238 450 1267 499 in

334 525 558 587 processionibus
581 557 1266 574 ..................
1311 541 1344 579 44

305 598 416 647 indulta
426 613 450 643 11
463 608 524 655 aug.
540 602 604 655 1905.
618 597 660 645 De
671 595 755 644 missa
765 597 844 646 Imm.
858 597 982 654 Concept
985 630 1266 645 ........
1297 598 1342 642 '52

307 672 449 731 Responsa
460 686 470 717 1
482 670 542 717 dec.
555 675 620 725 1905.
634 668 761 731 Liturgia
777 668 890 719 Ordinis
901 667 1041 717 Carmelit.
1053 667 1193 727 Antiquae
1210 664 1268 715 Ob·

334 739 488 791 servantiae
500 772 1265 789 ....................
1311 742 1342 786 53

307 812 448 871 Responsa
461 829 471 857 1
484 812 544 860 dec.
560 817 625 870 1905.
639 809 1028 870 Deexsequiisdeiunctorum
1044 808 1186 858 infestis.
1219 846 1224 857 .
1258 844 1265 858 .
1312 815 1345 867 59

306 883 478 942 Responsum
488 900 515 933 ea
524 881 583 931 dec.
597 887 661 941 1905.
674 878 898 929 Deabsolutione
908 880 1106 929 Tertiariorum
1138 916 1144 927 .
1178 916 1185 928 .
1219 916 1224 927 .
1257 916 1264 927 .
1310 886 1341 927 63

306 951 480 1011 Rescriptum
492 968 519 1009 19
529 950 584 999 ian.
598 957 664 1009 1906.
682 951 725 999 De
735 948 908 999 orationibus
919 951 948 997 in
959 950 1055 1007 Missa,
1066 948 1266 1011 communione

334 1027 362 1069 et
373 1020 553 1075 Processione
578 1054 1264 1069 ..................
1310 1034 1343 1076 7ο

306 1089 480 1149 Rescriptum
491 1106 518 1138 22
531 1090 586 1139 ian.
599 1098 664 1149 1906.
679 1091 721 1149 De
736 1104 788 1137 usu
800 1090 970 1147 Kalendarii,
991 1089 1109 1138 missalis
1119 1095 1147 1137 et
1163 1092 1267 1147 marty-

333 1160 429 1219 rologii
440 1160 553 1208 Ordinis
564 1159 788 1219 capuccinorum
820 1194 1264 1209 ............
1310 1173 1339 1215 71

305 1229 434 1279 Extensio
444 1229 580 1290 privilegii
592 1237 620 1279 26
634 1231 687 1279 ian.
702 1237 767 1288 1906.
784 1231 827 1277 De
837 1230 1017 1277 translatione
1031 1228 1161 1277 festorum
1175 1227 1205 1275 in
1215 1228 1267 1275 Or-

333 1301 397 1349 dine
407 1302 434 1350 S.
446 1298 590 1349 Benedicti
617 1334 1264 1349 .................
1310 1311 1343 1353 72

306 1370 453 1417 Decretum
464 1383 511 1417 seu
522 1369 672 1419 declaratio
684 1388 710 1427 14
722 1368 791 1418 febr.
807 1378 871 1428 1906.
884 1371 927 1418 De
942 1376 1026 1418 cantu
1037 1368 1164 1430 liturgico
1174 1381 1265 1429 grego-

334 1437 413 1486 riano
421 1472 1263 1487 ......................
1310 1443 1340 1492 73

305 1510 447 1567 Responsa
463 1526 490 1557 12
502 1506 645 1567 malimus.
657 1510 699 1556 De
710 1508 799 1557 missis
807 1508 906 1556 votivis
937 1544 1264 1556 .........
1297 1510 1341 1553 ιο5

305 1578 447 1636 Responsa
462 1586 489 1626 16
500 1576 569 1626 iebr.
580 1586 643 1636 1906.
657 1580 699 1626 De
711 1577 840 1626 laudibus
851 1579 974 1639 exposito
985 1580 1066 1628 SSm0.
1083 1580 1237 1636 (Anactorio)
1257 1613 1264 1626 .
1298 1593 1340 1633 114

305 1648 453 1696 Decretum
463 1646 541 1699 curn
552 1644 722 1711 nonnulle,
742 1666 769 1696 ιο
779 1654 858 1697 mart.
881 1657 943 1707 1906.
958 1650 1000 1697 De
1015 1648 1115 1696 clerico
1130 1647 1178 1709 qui
1197 1646 1267 1695 inter

335 1717 449 1767 Missam
459 1717 661 1769 subdiaconum
672 1719 715 1765 vel
726 1718 907 1777 capellanum
917 1719 1052 1784 suppleat.
1064 1717 1218 1775 (denotatio)
1258 1751 1264 1763 .
1297 1719 1340 1760 116

306 1787 478 1845 Responsum
489 1794 515 1835 25
526 1787 592 1836 maii
605 1795 669 1846 1906.
683 1789 726 1835 De
736 1786 892 1836 extensione
901 1787 1036 1848 privilegii
1046 1786 1148 1835 Missae
1158 1784 1266 1833 votivae

333 1858 412 1906 Imm.
429 1859 505 1909 Cone
507 1890 1264 1907 ....................
1297 1856 1342 1902 1²5

305 1927 445 1975 Indultum
456 1940 488 1975 ex
499 1928 640 1977 audientia
651 1928 728 1984 SSvi,
747 1937 760 1976 8
771 1942 833 1977 nov.
850 1936 914 1987 1905.
928 1930 1047 1977 Mutatio
1058 1929 1086 1975 in
1105 1924 1264 1975 calendario

335 1997 559 2048 Cisterciensium
574 2003 630 2047 ant.
647 1997 698 2047 obs
701 2033 1263 2048 ...............
1296 2000 1340 2052 139
1362 1992 1366 1995 ’

305 2068 446 2117 indultum
461 2084 489 2125 27
499 2069 548 2118 iul.
567 2077 630 2128 1906.
644 2070 686 2117 De
703 2069 787 2117 missa
804 2077 895 2117 votiva
908 2071 935 2118 S.
949 2068 1091 2117 Francrsci
1095 2101 1262 2115 .....
1295 2070 1339 2120 148

305 2138 476 2197 Responsum
496 2157 522 2187 10
540 2138 608 2189 febr.
629 2147 694 2197 1906.
716 2140 758 2187 De
773 2140 800 2189 S.
819 2140 1017 2187 Communione
1032 2141 1061 2187 in
1072 2137 1198 2187 oratoriis
1209 2134 1264 2195 pri·

333 2207 402 2257 vatis
420 2241 1263 2259 ......................
1296 2210 1341 2253 182

248 2304 283 2366 S.
298 2305 421 2387 Congr.
438 2326 538 2387 super
552 2306 701 2385 Negotiis
718 2309 799 2368 eccl.
817 2306 1106 2368 extraordinariis.

304 2408 444 2458 indultum
455 2410 640 2476 exaudientia
652 2412 726 2465 SSml
741 2420 769 2462 23
781 2411 845 2461 maii
868 2418 932 2470 1905.
953 2412 1109 2459 Facultates
1124 2407 1264 2458 missiona·

332 2479 435 2526 riorum
448 2479 561 2528 Ordinis
573 2481 618 2528 Fr.
633 2482 772 2529 Minorum
789 2482 818 2529 in
833 2474 960 2530 Amerina
970 2481 1055 2528 latina
1058 2513 1263 2528 ......
1267 2537 1271 2544 .
1311 2492 1341 2525 12

305 2551 477 2607 Responsum
485 2564 517 2597 ex
527 2550 668 2599 audientia
684 2552 761 2608 SSmi,
773 2570 786 2600 2
797 2566 857 2611 apr.
871 2560 934 2610 1906.
950 2555 989 2598 De
1000 2564 1112 2598 munere
1123 2549 1266 2607 deputato·

333 2633 394 2666 rum
405 2620 554 2668 exercendo
578 2654 1262 2670 ..................
1296 2633 1338 2666 121

248 2714 283 2777 S.
302 2714 425 2795 Congr.
442 2719 482 2778 de
494 2717 720 2798 ,propaganda
734 2719 830 2781 Fide.

304 2820 451 2868 Decretum
471 2820 612 2873 Deereto
629 2819 754 2874 Sacrae
771 2830 797 2869 18
816 2822 874 2870 dec.
896 2829 960 2880 1905.
974 2823 1016 2868 De
1035 2821 1118 2869 unica
1135 2818 1264 2868 missione

334 2891 490 2939 Insularum
502 2892 692 2940 Carolinarum
701 2926 1262 2941 ...............
1309 2896 1339 2938 62
1381 2908 1384 2913 ·

307 2960 455 3008 Decretum
467 2979 494 3008 10
505 2959 570 3008 maii
583 2969 650 3019 1905.
671 2962 804 3013 Laudans
816 2962 974 3010 Institutum
984 2976 1086 3009 novum
1098 2964 1227 3010 Sororum
1237 2964 1266 3007 et

332 3029 546 3077 Constitutiones
557 3031 593 3078 ad
603 3039 711 3089 tempus
722 3029 881 3090 approbans
893 3032 1063 3089 (Annotatio).
1098 3069 1103 3077 .
1138 3068 1143 3077 .
1178 3068 1182 3077 .
1208 3063 1222 3075 f.
1256 3065 1262 3074 .
1296 3034 1339 3074 138

304 3098 451 3146 Decretum
463 3107 489 3146 18
500 3100 559 3146 dec.
574 3107 638 3158 1905.
653 3099 800 3146 Missiones
812 3101 958 3148 Carolinae
966 3114 1022 3148 una
1032 3113 1164 3160 reguntur
1180 3100 1264 3145 Prae·

331 3167 614 3235 iecturaapostolica¹
616 3203 1262 3218 .................
1297 3182 1341 3223 140

246 3263 427 3346 Parergon.

304 3371 346 3418 De
356 3371 487 3419 facultate
497 3372 659 3420 annectendi
679 3371 788 3420 coronis
804 3372 986 3440 indulgentias
1002 3371 1090 3419 dictas
1104 3386 1121 3420 a
1133 3369 1264 3420 Patribus

333 3441 487 3502 Crucigeris
499 3477 1262 3491 ....................
1296 3446 1339 3488 ι83

247 3540 282 3602 S.
301 3540 426 3620 Congr.
445 3540 652 3603 Studiorum.
681 3541 682 3546 ’

303 3643 451 3694 Decretum
462 3660 494 3693 ex
505 3645 647 3694 audientia
658 3647 725 3694 SSmi
736 3655 764 3695 26
776 3647 840 3694 maii
854 3655 917 3704 1906.
934 3646 1079 3694 Pontificio
1090 3646 1201 3694 nomine
1216 3645 1262 3692 de-

332 3730 430 3764 conans
442 3716 593 3776 Collegium
606 3718 638 3763 D.
653 3715 775 3763 Thomas
788 3718 822 3764 de
835 3717 911 3764 Urbe
921 3720 1141 3775 (Annutattones).
1175 3754 1181 3763 .
1215 3754 1219 3762 .
1254 3753 1260 3763 .
1294 3722 1341 3763 166

247 3815 276 3874 E
293 3813 484 3875 Secretaria
502 3813 631 3876 Statue.

304 3916 444 3964 Indultum
455 3930 487 3964 ex
496 3916 637 3964 audientia
649 3917 715 3965 SSmi
728 3924 740 3962 3
752 3917 808 3965 iun.
818 3925 882 3976 1905.
891 3918 1038 3978 Privilegia
1048 3918 1161 3965 alterius
1172 3917 1263 3966 Socie-

332 3987 398 4034 tatis
406 3987 644 4035 communicantur
656 4001 719 4035 cum
731 3988 868 4036 Societate
880 3990 958 4036 Imm.
971 3990 1054 4037 Cone.
1062 4004 1078 4035 a
1089 3990 1114 4036 N
1118 3989 1262 4037 umismate
1309 4005 1337 4046 17

303 4057 425 4105 Litterae
441 4066 469 4107 26
479 4058 534 4105 ian.
549 4065 613 4115 1906.
633 4058 675 4104 De
689 4057 833 4106 authentia
847 4058 990 4106 vaticanae
1005 4059 1133 4106 editionis
1150 4059 1263 4118 Kyriale

331 4128 521 4188 gregorianum
532 4127 698 4174 continentis
702 4165 860 4175 .....
881 4143 884 4149 “
895 4167 1259 4177 ..........
1294 4146 1340 4179 112
