2959 4900
236 952 1042 1095 uouuuaura

198 1388 293 1475 118.
324 1442 363 1451 -
388 1404 424 1474 s.
456 1405 602 1475 ntruuu
634 1406 772 1477 roura.
795 1407 846 1491 (12
873 1407 948 1476 matr
974 1406 1075 1491 taos)

334 1599 541 1654 RESPONSA
560 1601 615 1654 DE
632 1600 763 1655 MISSIS
783 1601 939 1655 VOTIVIS

373 1775 517 1833 Ordinis
536 1776 699 1833 Fratrum
719 1776 896 1836 Minorum

126 1942 196 2010 Quo
219 1944 331 2001 facilius
357 1944 542 2002 uniformitas
564 1945 704 2001 habeatur
724 1946 754 2000 in
773 1946 946 2001 celebranda
971 1945 1061 2001 Missa
1085 1948 1182 2005 votiva

91 2014 304 2072 Immaculatae
326 2018 531 2089 Conceptionis
550 2032 585 2073 ex
607 2018 725 2073 lndulto
745 2018 914 2089 Apostolico
927 2016 1032 2072 Ordini
1047 2018 1181 2075 Fratrum

90 2085 244 2141 Minorum
254 2087 284 2141 in
298 2088 469 2161 Duplicibus
482 2090 569 2145 etiam
581 2088 731 2160 permissa,
742 2088 902 2145 hodiernus
914 2089 1182 2147 Reverendissimus

91 2156 272 2213 Procurator
291 2160 440 2215 Generalis
459 2160 590 2215 eiusdem
612 2160 731 2215 Ordinis
748 2160 899 2232 sequentia
920 2159 1008 2214 dubia
1027 2161 1182 2220 Sacrorum

91 2226 217 2283 Rituum
231 2230 458 2303 Congregationi
472 2232 647 2287 exsolvenda
659 2230 810 2287 humiliter
824 2231 995 2304 proposuit;
1016 2233 1157 2289 nimirum
1173 2254 1180 2289 :

129 2300 150 2355 l.
173 2301 222 2357 An
234 2302 322 2357 Missa
336 2302 432 2358 votiva
445 2313 560 2358 cantata
573 2302 712 2358 celebrari
724 2303 815 2375 possit
828 2320 861 2359 ac
874 2303 977 2359 debeat
990 2319 1104 2429 semper
1116 2317 1182 2377 post

92 2370 226 2427 Primam
244 2372 275 2426 in
299 2374 399 2430 Choro
420 2375 579 2440 recitatam,
599 2374 645 2428 vel
668 2386 722 2447 pro
741 2375 949 2430 commoditate
967 2374 1070 2445 popui
1095 2376 1183 2431 etiam

89 2456 158 2513 post
174 2444 309 2514 Nonam;
325 2446 424 2520 prouti
440 2446 582 2502 Rubricae
596 2444 753 2504 Generales
762 2447 816 2503 sub
826 2446 869 2502 tit.
882 2446 946 2512 XV,
956 2463 985 2500 n.
1001 2446 1027 2512 3,
1037 2448 1073 2502 de
1086 2447 1183 2504 Missis

93 2515 317 2586 Defunctorum,
351 2529 431 2574 extra
463 2518 636 2574 sollemnem
662 2518 825 2574 eorundem
849 2519 1180 2589 Commemorationem,

111 2585 284 2642 ermittuntl

89 2603 109 2658 p
128 2659 166 2712 ll.
190 2660 237 2712 An
251 2660 282 2713 in
303 2658 393 2714 Missa
404 2659 510 2724 votiva,
526 2659 614 2715 etiam
632 2659 757 2731 Vigiliae
775 2660 979 2732 respondente,
1000 2659 1132 2730 dicenda,
1152 2661 1183 2716 in

91 2744 148 2798 qua
163 2743 411 2786 commemoratur
431 2731 548 2802 Duplex
570 2748 605 2785 eo
625 2731 671 2786 die
690 2731 836 2801 integrum
856 2729 996 2787 Officium
1014 2748 1049 2786 ac
1062 2732 1183 2788 Missam

91 2798 213 2868 habens,
240 2802 343 2857 debeat
355 2802 468 2858 ratione
484 2801 613 2875 Duplicis
626 2802 723 2857 omitti
735 2801 838 2857 Oratio
856 2803 941 2858 tertia
960 2803 996 2857 de
1014 2803 1181 2875 Tempore;

93 2869 186 2927 immo
199 2884 229 2930 et
242 2873 390 2928 Collectae
404 2873 440 2928 ad
452 2890 573 2929 omnem
585 2873 732 2944 Votivam,
748 2873 771 2928 si
785 2872 1038 2929 Commemoratio
1052 2875 1184 2946 Duplicis

92 2940 205 3010 primae
228 2945 328 3000 classis
355 2945 514 3012 debeatur3
539 2956 566 3000 et
593 2943 616 2999 si
643 2944 786 3000 memoria
805 2944 856 3000 liat
883 2943 1013 3018 Duplicis
1039 2946 1184 3002 secundae

93 3011 201 3083 classis,
218 3016 366 3071 Collectae
385 3016 510 3071 debeant
522 3015 552 3069 in
567 3016 657 3070 Missa
669 3015 764 3072 votiva
777 3026 892 3071 cantata
904 3015 1031 3083 reticeri,
1044 3027 1072 3071 et
1084 3017 1114 3071 in
1127 3018 1183 3089 pri·

92 3084 166 3138 vatis
179 3087 215 3140 ad
229 3086 345 3142 libitum
358 3087 536 3143 Celebrantis
549 3087 696 3158 permittil
1120 3142 1123 3146 .

133 3156 186 3212 lll.
206 3159 254 3212 An
267 3159 298 3212 in
314 3158 404 3214 Missa
424 3158 529 3225 votiva,
551 3159 582 3213 in
601 3175 661 3230 qua
679 3168 927 3213 commemoratur
947 3157 1136 3231 Semiduplex
1148 3175 1184 3214 eo

94 3223 143 3280 die
156 3227 301 3300 integrum
316 3227 455 3284 Officium
467 3246 500 3284 ac
515 3229 636 3284 Missam
654 3230 800 3296 obtinens,
821 3229 934 3300 possint
947 3242 1013 3301 post
1025 3229 1142 3286 tertiam
1155 3242 1183 3286 et

94 3295 241 3356 Collectas
269 3299 343 3356 aliae
370 3317 423 3370 pro
448 3300 628 3356 Celebrantis
659 3301 756 3355 lubitu
780 3300 900 3372 adiungi
926 3301 1081 3356 Orationes
1107 3302 1184 3357 intra

94 3373 290 3436 septenarium
305 3389 478 3440 numerum3
498 3373 528 3427 in
545 3371 640 3444 iisque
650 3371 750 3443 aliqua
759 3371 846 3427 etiam
855 3389 909 3445 pro
921 3371 1071 3428 Defunctis
1082 3373 1183 3428 Oratio

94 3437 189 3562 galeat
207 3443 330 3508 recitari,
348 3443 446 3516 prouti
465 3444 495 3498 in
517 3443 619 3498 diebus
638 3443 710 3498 ritus
724 3442 862 3515 simplicis
882 3460 933 3498 seu
953 3442 1060 3498 ferialis
1083 3460 1184 3499 conce·

118 3515 197 3566 rtur‘l

137 3583 184 3636 lV.
204 3586 250 3638 An
269 3585 300 3639 in
321 3584 411 3640 Missa
429 3585 525 3640 votiva
545 3596 659 3640 cantata
681 3585 726 3640 vel
747 3584 893 3642 sollemni.
915 3585 960 3639 vel
975 3585 1184 3640 Conventualis

94 3651 188 3708 instar
199 3655 343 3724 habenda,
357 3656 381 3711 si
394 3656 555 3711 omittenda
568 3655 604 3711 sit
615 3655 863 3712 Commemoratio
879 3656 1020 3728 DupliciS,
1035 3656 1080 3710 vel
1095 3655 1185 3711 Semi·

95 3722 220 3792 duplicis
233 3743 268 3782 eo
283 3728 330 3786 die
351 3727 541 3796 occurrentis,
556 3727 626 3800 quia
639 3743 744 3798 nempe
756 3727 792 3781 de
810 3727 952 3782 alterutro
966 3726 1010 3782 vel
1022 3743 1082 3782 una
1097 3727 1185 3782 Missa

94 3794 224 3852 votivam
236 3797 433 3870 praecesserit,
447 3799 493 3854 vel
506 3797 716 3872 Conventualis
731 3799 767 3852 de
777 3798 882 3853 eodem
897 3796 1003 3854 Officio
1016 3814 1186 3854 occurrente

95 3863 201 3922 debeat
212 3870 364 3930 celebrari:
379 3870 415 3923 ad
430 3869 551 3925 Missam
563 3869 690 3925 votivam
700 3869 844 3924 eiusmodi
855 3869 1036 3924 Orationum'
1046 3886 1186 3924 numerus

95 3947 127 3989 et
155 3941 273 4061 qualitas
292 3941 333 3995 ita
352 3941 477 3997 debeant
498 3941 639 4010 ordinari,
659 3941 779 4013 perinde
799 3941 875 3996 acsi
895 3942 1013 4013 Duplex
1030 3941 1075 3995 vel
1095 3941 1185 3996 Semi·

95 4007 162 4078 dup
174 4025 206 4064 ex
218 4029 278 4066 non
292 4014 474 4070 occurreret?

136 4078 172 4134 V.
191 4083 236 4136 An
255 4083 286 4138 in
311 4083 401 4138 Missa
423 4083 520 4139 votiva
540 4084 644 4138 Tonus
665 4081 783 4138 festivus
806 4098 858 4137 seu
882 4082 1032 4137 sollemnis
1046 4082 1186 4138 reservari

95 4148 247 4209 dumtaxat
260 4155 364 4212 debeat
376 4171 429 4236 pro
443 4171 522 4222 casu,
536 4155 567 4208 in
581 4172 640 4226 quo
654 4155 757 4210 eadem
770 4153 877 4209 Votiva
891 4154 1066 4226 respondeat
1079 4151 1186 4209 Officio

98 4221 217 4344 Buplici
239 4228 284 4281 vel
309 4225 500 4300 Semiduplici
525 4224 669 4298 (quamvis
692 4241 743 4297 per
767 4224 900 4280 accidens
925 4225 1067 4298 Simplici)
1096 4224 1186 4298 ipsius

126 4299 267 4353 ersonael

1259 2342 1288 2388 H
1288 2356 1332 2389 ora
1341 2341 1393 2389 cele·

1237 2399 1365 2448 orationis.

1270 2678 1396 2726 Orationes

1238 2736 1265 2782 in
1275 2735 1368 2795 duplici,

1268 3605 1300 3650 ln
1319 3605 1397 3651 votiva

1239 3661 1345 3710 sollemni
1365 3661 1399 3708 vel

1240 3722 1319 3767 itutar
1335 3718 1397 3766 Con-

1240 3777 1363 3825 ventralt's.
