2959 4900
268 361 351 397 IUSTA
366 361 533 396 ntmsstortls
548 361 632 396 knuto
646 361 676 396 IN
692 361 843 398 ORDINIBUS
858 359 1008 395 nemorosis
1144 336 1184 397 63

101 495 153 562 tali
171 515 252 562 casu
265 508 356 562 recte
372 494 421 561 uti
438 515 541 583 posse
554 508 720 583 potestate
737 492 803 561 sibi
820 515 841 560 a
859 491 1091 562 Pontificibus
1103 511 1185 558 con-

100 604 203 670 cessa,
232 606 306 651 non
334 599 384 651 est
415 583 649 652 dubitandum
679 584 723 650 de
747 584 864 650 valore
887 597 1038 649 actus...
1069 580 1185 648 lmmo

100 672 198 740 addo.
265 672 450 761 quodlicet
463 688 542 760 post
558 672 800 740 dimissionem
813 672 1033 759 intellegatur
1045 689 1186 737 causam

100 783 169 829 non
185 761 291 829 fuisse
307 776 379 828 tam
400 783 541 851 gravem
569 776 698 849 quanta
727 761 916 828 existimata
940 759 1061 832 fuerat,
1078 773 1113 825 et
1128 759 1187 827 ali·

99 872 204 938 quam
219 851 463 939 deceptionem
486 850 713 918 intervenisse
732 877 739 919 :
759 850 788 916 si
804 867 921 916 tamen
938 847 1115 916 bonafide
1132 867 1186 914 res

99 955 169 1008 acta
192 958 254 1026 est,
280 958 312 1007 et
340 962 413 1007 non
437 954 578 1024 temere,
604 939 664 1008 sed
681 939 843 1029 prudenti
868 937 988 1012 modo,
1014 952 1060 1024 et,
1085 953 1124 1002 ut
1140 935 1186 1003 ita

99 1027 223 1114 dicam,
242 1029 438 1096 secundum
465 1029 610 1117 allegata
633 1044 667 1095 et
690 1029 848 1118 probata,
875 1026 910 1094 id
934 1026 1015 1094 satis
1047 1047 1121 1092 esse
1147 1039 1187 1092 ut

99 1116 257 1186 dimissio
273 1132 399 1200 teneat,
425 1138 489 1185 nec
505 1135 625 1206 postea
641 1138 716 1185 esse
732 1118 938 1204 scrupulum
960 1137 1001 1183 ex
1024 1115 1187 1183 alterutra

99 1220 191 1294 parte
209 1206 479 1291 admittendum,
498 1207 666 1296 quicquid
683 1206 801 1273 denuo
819 1207 1024 1272 innotescat.
1044 1203 1138 1289 Quia
1153 1216 1187 1270 et

99 1295 129 1361 id
141 1295 284 1383 sufficit,
302 1312 340 1362 ut
356 1296 415 1363 illa
431 1296 591 1363 dimissio
607 1295 741 1362 dicatur
758 1294 923 1384 legitima,
943 1309 976 1360 et
992 1292 1187 1360 secundum

99 1384 266 1452 iudicium
282 1385 463 1474 prudentis
479 1384 555 1476 viri,
574 1385 669 1474 quod
687 1384 805 1452 solum
821 1384 858 1450 in
882 1382 987 1450 bullis
999 1379 1187 1471 pontificiis

100 1477 302 1559 postulatur.
326 1500 338 1534 r
361 1473 468 1559 Quod
482 1474 607 1564 probat
623 1474 727 1542 etiam
745 1473 787 1541 C.
805 1490 853 1540 DE
869 1473 987 1556 Luem,
1006 1471 1186 1560 Responsa

101 1565 258 1650 moralia,
274 1567 295 1631 l.
310 1585 344 1650 4,
363 1563 399 1631 d.
415 1562 447 1649 3,
461 1585 495 1631 n.
518 1563 548 1631 5.

138 1668 338 1755 Quomodo
355 1671 566 1752 oportebat
587 1687 703 1734 cansa
717 1669 947 1733 innotescat
973 1701 1012 1714 -
1043 1685 1070 1730 1.
1093 1661 1187 1727 Iusta

100 1774 197 1820 causa
225 1753 272 1819 ita
288 1768 445 1819 constare
472 1752 596 1838 debet,
616 1767 654 1819 ut
678 1751 840 1841 prudenti
865 1751 1043 1818 formidini
1069 1751 1188 1818 nullus

100 1842 139 1909 sit
164 1844 276 1908 locus.
298 1840 362 1909 Sin
379 1840 509 1928 minus,
528 1841 655 1908 iniuste
671 1840 909 1908 deturbaveris
926 1841 1080 1929 aliquem
1103 1842 1184 1929 legi·

100 1931 181 1999 timo
198 1950 306 2017 quem
334 1929 488 2018 possidet
511 1945 613 1998 statu.
635 1929 718 1996 Huc
734 1944 863 2019 spectat
886 1930 1025 2019 sapiens
1042 1929 1187 1998 SUAREZ

101 2019 296 2104 consilium,
311 2040 356 2085 ne
369 2018 468 2086 facile
480 2019 638 2086 credatur
650 2018 758 2086 unius
773 2021 828 2087 vel
844 2019 984 2087 alterius
1000 2018 1187 2086 denuncia-

100 2109 180 2177 tioni
198 2119 220 2175 ¹.

141 2233 171 2278 2.
202 2210 315 2277 Debet
331 2231 370 2278 ea
398 2223 554 2278 constare
581 2209 637 2277 via
653 2231 723 2298 qua
741 2208 921 2299 Superiori
945 2210 995 2278 ias
1019 2225 1070 2278 est
1092 2211 1187 2278 bono

105 2299 255 2367 Instituti
279 2299 481 2378 immediate
504 2300 712 2388 prospicere.
736 2298 883 2387 ltaque:
910 2305 950 2388 a)
978 2300 1128 2368 Prorsus
1150 2299 1188 2366 in

102 2388 189 2457 hunc
206 2388 315 2457 finem
336 2387 470 2456 inutilis
486 2404 537 2456 est
559 2389 681 2457 notitia
697 2388 822 2456 hausta
838 2410 878 2457 ex
901 2388 1131 2471 confessione,
1149 2403 1189 2457 ut

102 2478 203 2545 nimis
227 2479 382 2567 patescit.
408 2485 450 2568 b)
477 2478 615 2546 Inutilis
631 2480 736 2546 etiam
760 2492 811 2547 es't
838 2480 1010 2547 confessio
1034 2480 1188 2569 religiosi

102 2566 184 2635 lacta
200 2568 237 2634 in
253 2583 382 2635 secreta
399 2586 431 2635 et
450 2582 591 2655 paterna
607 2568 864 2635 consultatione
880 2569 995 2656 qualis
1011 2584 1061 2636 est
1088 2588 1188 2636 cons·

102 2656 240 2725 cientiae
257 2657 356 2725 ratio,
380 2656 596 2724 Huiusmodi
621 2657 716 2724 enim
741 2656 985 2744 manifestatio,
1003 2658 1046 2724 ad
1071 2660 1189 2724 solum

103 2745 229 2813 subditi
257 2746 396 2813 bonum
412 2745 613 2813 immediate
640 2746 813 2827 ordinata,
838 2748 906 2814 tale
921 2767 1111 2837 gravamen
1127 2746 1188 2813 im·

103 2856 227 2923 ponere
254 2857 328 2902 non
355 2835 447 2904 sinit.
480 2835 592 2922 quue
619 2835 663 2902 de
690 2856 757 2901 usu
781 2836 912 2903 directo
937 2837 990 2904 vel
1017 2835 1188 2902 indirecto

103 2944 210 3010 aeque
225 2925 327 3005 valet.
348 2924 471 2992 Gravis
495 2924 600 3011 igitur
623 2923 771 2992 iniuriae
795 2946 876 2992 reus
898 2926 1003 2992 luerit
1021 2924 1189 3013 Superior

104 3012 162 3101 qui
181 3034 220 3079 ex
235 3013 294 3080 tali
313 3012 593 3080 manifestatione
609 3033 729 3081 ansam
747 3029 862 3081 sumat
884 3013 1075 3101 quaerendi
1093 3034 1188 3101 prae·
1208 3018 1211 3025 ‘

104 3114 228 3169 textum
244 3118 278 3169 et
293 3102 392 3191 quasi
410 3102 630 3169 occasionem
647 3102 872 3190 expulsionis.
900 3101 1005 3190 Sane,
1023 3102 1052 3170 si
1069 3102 1188 3169 subdi·

105 3203 156 3257 tus
171 3208 322 3285 rogetur,
342 3192 539 3277 permittere
553 3191 626 3280 ipse
643 3207 769 3281 potest,
786 3206 825 3258 ut
841 3191 887 3259 ob
905 3192 1033 3259 iustam
1049 3212 1189 3259 causam

106 3277 303 3347 dimittatur.
341 3280 474 3347 Verum
513 3279 570 3347 hic
608 3281 652 3348 ab
691 3301 808 3348 errore
839 3302 970 3349 caveas.
1016 3280 1190 3348 iuvenum

106 3367 197 3435 enim
217 3385 249 3437 et
269 3374 502 3458 personarum
518 3389 607 3457 quae
624 3391 748 3458 parum
766 3370 803 3436 in
819 3369 995 3459 theologia
1011 3387 1190 3437 versantur

108 3457 180 3524 talis
191 3480 381 3526 consensus
397 3459 514 3547 aliqua
526 3458 721 3547 ignorantia
739 3460 792 3525 vel
809 3474 906 3526 metu
922 3460 1020 3526 lacile
1036 3458 1186 3525 vitiatur.

106 3542 218 3630 Quare
230 3548 354 3636 is,non
366 3547 602 3631 aliua,sullicit
614 3568 805 3615 consensus
817 3548 1006 3636 quemsr'ne
1018 3547 1189 3615 coactione

109 3634 164 3700 dat
177 3636 335 3704 subditus
355 3636 468 3725 probe
484 3636 539 3707 sui
554 3636 642 3704 iuris
654 3658 810 3725 gnarus.
829 3642 869 3725 c)
889 3638 922 3704 N
927 3658 965 3705 ec
983 3637 1021 3705 in
1036 3636 1188 3703 eundem

108 3720 207 3791 finem
220 3726 270 3793 uti
285 3739 399 3814 potest
407 3724 575 3813 Superior
586 3726 760 3793 delatione
772 3747 879 3815 quam
892 3727 977 3793 alter
992 3726 1057 3811 ipsi
1075 3724 1191 3791 lecerit

109 3822 145 3875 ut
160 3814 253 3899 patri,
272 3815 294 3881 i.
317 3835 347 3882 e.
367 3828 407 3881 ut
418 3814 600 3881 subditum
614 3816 775 3903 corrigat,
793 3836 867 3882 non
881 3829 918 3881 ut
930 3814 968 3882 in
984 3834 1189 3903 quemcum-

108 3919 176 3986 que
195 3902 316 3970 viderit
339 3902 452 3992 magis
468 3904 628 3992 expedire
652 3903 814 3971 adhibeat
830 3925 947 3972 usum.
973 3903 1107 3969 Verum
1133 3902 1190 3970 hic

111 4002 214 4074 potest
238 3990 407 4081 Superior
435 3992 571 4081 exigere
594 4008 633 4059 ut
656 3993 770 4060 maior
793 3991 859 4061 sibi
875 3992 935 4060 fiat
953 3991 1053 4081 copia
1068 3991 1189 4059 utendi

112 4163 418 4178 ’Ἠ-

140 4251 147 4283 ¹
161 4250 329 4314 &Maglona
340 4260 373 4304 lr.
384 4256 415 4306 X,
429 4256 446 4303 l.
458 4270 495 4312 ro,
507 4268 531 4302 c.
546 4270 582 4311 14,
593 4266 621 4301 n.
633 4255 664 4301 X.

140 4318 151 4349 ff
167 4314 265 4369 Ibidem
275 4335 302 4370 n.
317 4322 362 4374 IX,
