<?xml version="1.0" encoding="UTF-8"?>
<!DOCTYPE html PUBLIC "-//W3C//DTD XHTML 1.0 Transitional//EN"
    "http://www.w3.org/TR/xhtml1/DTD/xhtml1-transitional.dtd">
<html xmlns="http://www.w3.org/1999/xhtml" xml:lang="en" lang="en">
 <head>
  <title>
</title>
<meta http-equiv="Content-Type" content="text/html;charset=utf-8" />
  <meta name='ocr-system' content='tesseract 3.04.00' />
  <meta name='ocr-capabilities' content='ocr_page ocr_carea ocr_par ocr_line ocrx_word'/>
</head>
<body>
  <div class='ocr_page' id='page_1' title='image "./dereligiosisins01vermgoog_0311.png"; bbox 0 0 2959 4900; ppageno 0'>
   <div class='ocr_carea' id='block_1_1' title="bbox 114 307 1204 394">
    <p class='ocr_par' dir='ltr' id='par_1_1' title="bbox 114 307 1204 394">
     <span class='ocr_line' id='line_1_1' title="bbox 114 307 1204 394; baseline -0.008 -16"><span class='ocrx_word' id='word_1_1' title='bbox 114 311 198 392; x_wconf 75' lang='grc'>[126,</span> <span class='ocrx_word' id='word_1_2' title='bbox 211 312 284 394; x_wconf 83' lang='grc'>127]</span> <span class='ocrx_word' id='word_1_3' title='bbox 294 336 315 369; x_wconf 89' lang='lat' dir='ltr'>s.</span> <span class='ocrx_word' id='word_1_4' title='bbox 327 334 383 369; x_wconf 79' lang='lat' dir='ltr'>mr.</span> <span class='ocrx_word' id='word_1_5' title='bbox 392 334 417 370; x_wconf 92' lang='lat' dir='ltr'>c.</span> <span class='ocrx_word' id='word_1_6' title='bbox 426 334 507 370; x_wconf 76' lang='lat' dir='ltr'>neca.</span> <span class='ocrx_word' id='word_1_7' title='bbox 518 335 554 370; x_wconf 83' lang='lat' dir='ltr'>nn</span> <span class='ocrx_word' id='word_1_8' title='bbox 563 332 679 371; x_wconf 75' lang='lat' dir='ltr'>cnnntco</span> <span class='ocrx_word' id='word_1_9' title='bbox 688 332 864 376; x_wconf 71' lang='lat' dir='ltr'>suentense:</span> <span class='ocrx_word' id='word_1_10' title='bbox 875 331 992 368; x_wconf 77' lang='lat' dir='ltr'>rnnucr.</span> <span class='ocrx_word' id='word_1_11' title='bbox 1002 330 1047 366; x_wconf 72' lang='lat' dir='ltr'>rte.</span> <span class='ocrx_word' id='word_1_12' title='bbox 1058 329 1120 365; x_wconf 79' lang='lat' dir='ltr'>itin.</span> <span class='ocrx_word' id='word_1_13' title='bbox 1145 307 1204 368; x_wconf 80' lang='grc'>117</span> 
     </span>
    </p>
   </div>
   <div class='ocr_carea' id='block_1_2' title="bbox 116 465 1206 1181">
    <p class='ocr_par' dir='ltr' id='par_1_2' title="bbox 152 465 1086 541">
     <span class='ocr_line' id='line_1_2' title="bbox 152 465 1086 541; baseline -0.002 -17"><span class='ocrx_word' id='word_1_14' title='bbox 152 465 252 541; x_wconf 87' lang='lat' dir='ltr'>Atque</span> <span class='ocrx_word' id='word_1_15' title='bbox 265 468 305 524; x_wconf 94' lang='lat' dir='ltr'>ita</span> <span class='ocrx_word' id='word_1_16' title='bbox 319 466 433 524; x_wconf 90' lang='lat' dir='ltr'>censuit</span> <span class='ocrx_word' id='word_1_17' title='bbox 446 477 475 524; x_wconf 88' lang='lat' dir='ltr'>et</span> <span class='ocrx_word' id='word_1_18' title='bbox 486 466 593 523; x_wconf 91' lang='lat' dir='ltr'>servari</span> <span class='ocrx_word' id='word_1_19' title='bbox 608 467 766 528; x_wconf 84' lang='lat' dir='ltr'>mandavit.</span> <span class='ocrx_word' id='word_1_20' title='bbox 780 466 833 523; x_wconf 88' lang='lat' dir='ltr'>Die</span> <span class='ocrx_word' id='word_1_21' title='bbox 849 482 881 522; x_wconf 90' lang='lat'>10</span> <span class='ocrx_word' id='word_1_22' title='bbox 894 466 991 522; x_wconf 87' lang='lat' dir='ltr'>martii</span> <span class='ocrx_word' id='word_1_23' title='bbox 1008 485 1017 522; x_wconf 94' lang='lat'>1</span> <span class='ocrx_word' id='word_1_24' title='bbox 1040 467 1086 522; x_wconf 85' lang='lat' dir='ltr'>oo.</span> 
     </span>
    </p>

    <p class='ocr_par' dir='ltr' id='par_1_3' title="bbox 116 536 1206 1039">
     <span class='ocr_line' id='line_1_3' title="bbox 153 536 1204 621; baseline -0.003 -26"><span class='ocrx_word' id='word_1_25' title='bbox 153 538 248 610; x_wconf 86' lang='lat' dir='ltr'>Super</span> <span class='ocrx_word' id='word_1_26' title='bbox 262 538 371 611; x_wconf 91' lang='lat' dir='ltr'>quibus</span> <span class='ocrx_word' id='word_1_27' title='bbox 385 538 459 595; x_wconf 86' lang='lat' dir='ltr'>facta</span> <span class='ocrx_word' id='word_1_28' title='bbox 470 539 661 621; x_wconf 86' lang='lat' dir='ltr'>postmodum</span> <span class='ocrx_word' id='word_1_29' title='bbox 674 536 864 595; x_wconf 78' lang='lat' dir='ltr'>sanctissimo</span> <span class='ocrx_word' id='word_1_30' title='bbox 878 537 1006 593; x_wconf 90' lang='lat' dir='ltr'>Domino</span> <span class='ocrx_word' id='word_1_31' title='bbox 1056 544 1137 593; x_wconf 87' lang='lat' dir='ltr'>ostro</span> <span class='ocrx_word' id='word_1_32' title='bbox 1151 536 1204 592; x_wconf 85' lang='lat' dir='ltr'>Pio</span> 
     </span>
     <span class='ocr_line' id='line_1_4' title="bbox 119 608 1206 689; baseline -0.001 -23"><span class='ocrx_word' id='word_1_33' title='bbox 119 612 217 679; x_wconf 88' lang='lat' dir='ltr'>Papae</span> <span class='ocrx_word' id='word_1_34' title='bbox 232 611 268 672; x_wconf 87' lang='lat' dir='ltr'>X,</span> <span class='ocrx_word' id='word_1_35' title='bbox 283 626 335 683; x_wconf 89' lang='lat' dir='ltr'>per</span> <span class='ocrx_word' id='word_1_36' title='bbox 346 609 564 683; x_wconf 82' lang='lat' dir='ltr'>infrascriptum</span> <span class='ocrx_word' id='word_1_37' title='bbox 575 610 763 669; x_wconf 86' lang='lat' dir='ltr'>Cardinalem</span> <span class='ocrx_word' id='word_1_38' title='bbox 773 608 930 666; x_wconf 86' lang='lat' dir='ltr'><strong>Sacrorum</strong></span> <span class='ocrx_word' id='word_1_39' title='bbox 945 608 1067 663; x_wconf 90' lang='lat' dir='ltr'>Rituum</span> <span class='ocrx_word' id='word_1_40' title='bbox 1078 609 1206 689; x_wconf 88' lang='lat' dir='ltr'>Congre-</span> 
     </span>
     <span class='ocr_line' id='line_1_5' title="bbox 117 679 1205 753; baseline -0.001 -16"><span class='ocrx_word' id='word_1_41' title='bbox 117 681 229 753; x_wconf 86' lang='lat' dir='ltr'>gationi</span> <span class='ocrx_word' id='word_1_42' title='bbox 254 680 510 737; x_wconf 83' lang='lat' dir='ltr'>Pro-Praefectum</span> <span class='ocrx_word' id='word_1_43' title='bbox 522 680 602 737; x_wconf 90' lang='lat' dir='ltr'>fideli</span> <span class='ocrx_word' id='word_1_44' title='bbox 620 680 771 748; x_wconf 85' lang='lat' dir='ltr'>relatione,</span> <span class='ocrx_word' id='word_1_45' title='bbox 787 679 930 736; x_wconf 86' lang='lat' dir='ltr'>Sanctitas</span> <span class='ocrx_word' id='word_1_46' title='bbox 952 680 1010 736; x_wconf 86' lang='lat' dir='ltr'>Sua</span> <span class='ocrx_word' id='word_1_47' title='bbox 1032 690 1205 736; x_wconf 83' lang='lat' dir='ltr'>sententiam</span> 
     </span>
     <span class='ocr_line' id='line_1_6' title="bbox 117 751 1203 823; baseline -0.002 -14"><span class='ocrx_word' id='word_1_48' title='bbox 117 752 249 809; x_wconf 87' lang='lat' dir='ltr'>eiusdem</span> <span class='ocrx_word' id='word_1_49' title='bbox 272 752 351 809; x_wconf 85' lang='lat' dir='ltr'>Sacri</span> <span class='ocrx_word' id='word_1_50' title='bbox 375 753 497 808; x_wconf 85' lang='lat' dir='ltr'>Consilii</span> <span class='ocrx_word' id='word_1_51' title='bbox 520 753 552 808; x_wconf 94' lang='lat' dir='ltr'>in</span> <span class='ocrx_word' id='word_1_52' title='bbox 577 751 714 808; x_wconf 90' lang='lat' dir='ltr'>omnibus</span> <span class='ocrx_word' id='word_1_53' title='bbox 734 763 828 807; x_wconf 81' lang='lat' dir='ltr'>ratam</span> <span class='ocrx_word' id='word_1_54' title='bbox 847 751 959 822; x_wconf 86' lang='lat' dir='ltr'>habuit¹</span> <span class='ocrx_word' id='word_1_55' title='bbox 972 762 1000 807; x_wconf 90' lang='lat' dir='ltr'>et</span> <span class='ocrx_word' id='word_1_56' title='bbox 1022 751 1203 823; x_wconf 85' lang='lat' dir='ltr'>approbavit,</span> 
     </span>
     <span class='ocr_line' id='line_1_7' title="bbox 117 822 1205 949; baseline -0.002 -70"><span class='ocrx_word' id='word_1_57' title='bbox 117 824 269 896; x_wconf 89' lang='lat' dir='ltr'>quibusvis</span> <span class='ocrx_word' id='word_1_58' title='bbox 289 822 445 949; x_wconf 87' lang='lat' dir='ltr'>privilegiis</span> <span class='ocrx_word' id='word_1_59' title='bbox 466 824 510 880; x_wconf 89' lang='lat' dir='ltr'>vel</span> <span class='ocrx_word' id='word_1_60' title='bbox 532 822 804 890; x_wconf 92' lang='lat' dir='ltr'>consuetudinibus,</span> <span class='ocrx_word' id='word_1_61' title='bbox 829 840 905 896; x_wconf 88' lang='lat' dir='ltr'>quae</span> <span class='ocrx_word' id='word_1_62' title='bbox 925 822 1050 877; x_wconf 89' lang='lat' dir='ltr'>omnino</span> <span class='ocrx_word' id='word_1_63' title='bbox 1069 823 1205 895; x_wconf 88' lang='lat' dir='ltr'>abrogata</span> 
     </span>
     <span class='ocr_line' id='line_1_8' title="bbox 116 893 1204 967; baseline 0.002 -16"><span class='ocrx_word' id='word_1_64' title='bbox 116 911 180 951; x_wconf 89' lang='lat' dir='ltr'>esse</span> <span class='ocrx_word' id='word_1_65' title='bbox 193 895 359 964; x_wconf 85' lang='lat' dir='ltr'>declaravit,</span> <span class='ocrx_word' id='word_1_66' title='bbox 377 894 500 967; x_wconf 89' lang='lat' dir='ltr'>alisque</span> <span class='ocrx_word' id='word_1_67' title='bbox 513 894 667 952; x_wconf 86' lang='lat' dir='ltr'>contrariis</span> <span class='ocrx_word' id='word_1_68' title='bbox 679 894 917 967; x_wconf 79' lang='lat' dir='ltr'>quibuscumque</span> <span class='ocrx_word' id='word_1_69' title='bbox 936 910 997 949; x_wconf 91' lang='lat' dir='ltr'>non</span> <span class='ocrx_word' id='word_1_70' title='bbox 1012 893 1204 953; x_wconf 75' lang='lat' dir='ltr'>obstantibus</span> 
     </span>
     <span class='ocr_line' id='line_1_9' title="bbox 120 965 430 1039; baseline 0.006 -19"><span class='ocrx_word' id='word_1_71' title='bbox 120 965 173 1021; x_wconf 91' lang='lat' dir='ltr'>Die</span> <span class='ocrx_word' id='word_1_72' title='bbox 189 985 222 1036; x_wconf 88' lang='lat'>14</span> <span class='ocrx_word' id='word_1_73' title='bbox 237 965 334 1023; x_wconf 87' lang='lat' dir='ltr'>martii</span> <span class='ocrx_word' id='word_1_74' title='bbox 352 967 430 1039; x_wconf 85' lang='lat'>1906.</span> 
     </span>
    </p>

    <p class='ocr_par' dir='ltr' id='par_1_4' title="bbox 446 1036 1168 1181">
     <span class='ocr_line' id='line_1_10' title="bbox 533 1036 1097 1104; baseline -0.004 -12"><span class='ocrx_word' id='word_1_75' title='bbox 533 1037 570 1092; x_wconf 91' lang='lat' dir='ltr'>A.</span> <span class='ocrx_word' id='word_1_76' title='bbox 587 1036 675 1092; x_wconf 87' lang='lat' dir='ltr'>Card.</span> <span class='ocrx_word' id='word_1_77' title='bbox 690 1036 1097 1104; x_wconf 78' lang='lat' dir='ltr'>Tarrnr1,Pro·Prnesectus.</span> 
     </span>
     <span class='ocr_line' id='line_1_11' title="bbox 446 1106 1168 1181; baseline 0.006 -20"><span class='ocrx_word' id='word_1_78' title='bbox 446 1106 487 1163; x_wconf 92' lang='lat' dir='ltr'>D.</span> <span class='ocrx_word' id='word_1_79' title='bbox 503 1107 621 1176; x_wconf 74' lang='lat' dir='ltr'>Punici,</span> <span class='ocrx_word' id='word_1_80' title='bbox 637 1107 782 1181; x_wconf 81' lang='lat' dir='ltr'>Archiep.</span> <span class='ocrx_word' id='word_1_81' title='bbox 795 1106 958 1163; x_wconf 82' lang='lat' dir='ltr'>Laodicen.</span> <span class='ocrx_word' id='word_1_82' title='bbox 973 1106 1168 1165; x_wconf 77' lang='lat' dir='ltr'>Secretariru.</span> 
     </span>
    </p>
   </div>
   <div class='ocr_carea' id='block_1_3' title="bbox 574 1254 821 1323">
    <p class='ocr_par' dir='ltr' id='par_1_5' title="bbox 574 1254 821 1323">
     <span class='ocr_line' id='line_1_12' title="bbox 574 1254 821 1323; baseline 0 -15"><span class='ocrx_word' id='word_1_83' title='bbox 574 1254 750 1308; x_wconf 75' lang='lat' dir='ltr'>Annortrro</span> <span class='ocrx_word' id='word_1_84' title='bbox 820 1318 821 1323; x_wconf 7' lang='grc' dir='ltr'>ἵ</span> 
     </span>
    </p>
   </div>
   <div class='ocr_carea' id='block_1_4' title="bbox 114 1371 1206 1645">
    <p class='ocr_par' dir='ltr' id='par_1_6' title="bbox 114 1371 1206 1645">
     <span class='ocr_line' id='line_1_13' title="bbox 152 1371 1206 1445; baseline -0.004 -14"><span class='ocrx_word' id='word_1_85' title='bbox 152 1375 233 1431; x_wconf 89' lang='lat' dir='ltr'>Usus</span> <span class='ocrx_word' id='word_1_86' title='bbox 246 1373 390 1445; x_wconf 88' lang='lat' dir='ltr'>generalis</span> <span class='ocrx_word' id='word_1_87' title='bbox 404 1372 487 1429; x_wconf 89' lang='lat' dir='ltr'>istius</span> <span class='ocrx_word' id='word_1_88' title='bbox 499 1372 606 1429; x_wconf 88' lang='lat' dir='ltr'>decreti</span> <span class='ocrx_word' id='word_1_89' title='bbox 620 1388 707 1428; x_wconf 87' lang='lat' dir='ltr'>causa</span> <span class='ocrx_word' id='word_1_90' title='bbox 720 1371 775 1428; x_wconf 89' lang='lat' dir='ltr'>fuit</span> <span class='ocrx_word' id='word_1_91' title='bbox 785 1389 837 1428; x_wconf 92' lang='lat' dir='ltr'>cur</span> <span class='ocrx_word' id='word_1_92' title='bbox 851 1371 927 1427; x_wconf 89' lang='lat' dir='ltr'>inter</span> <span class='ocrx_word' id='word_1_93' title='bbox 936 1385 1036 1428; x_wconf 88' lang='lat' dir='ltr'>nostra</span> <span class='ocrx_word' id='word_1_94' title='bbox 1047 1374 1206 1428; x_wconf 70' lang='lat' dir='ltr'>Pnnrontci</span> 
     </span>
     <span class='ocr_line' id='line_1_14' title="bbox 116 1443 1206 1518; baseline -0.001 -18"><span class='ocrx_word' id='word_1_95' title='bbox 116 1445 306 1518; x_wconf 88' lang='lat' dir='ltr'>reciperetur.</span> <span class='ocrx_word' id='word_1_96' title='bbox 334 1445 421 1500; x_wconf 91' lang='lat' dir='ltr'>Clara</span> <span class='ocrx_word' id='word_1_97' title='bbox 443 1456 572 1500; x_wconf 89' lang='lat' dir='ltr'>ceterum</span> <span class='ocrx_word' id='word_1_98' title='bbox 595 1453 663 1499; x_wconf 90' lang='lat' dir='ltr'>sunt</span> <span class='ocrx_word' id='word_1_99' title='bbox 689 1454 807 1500; x_wconf 88' lang='lat' dir='ltr'>statuta.</span> <span class='ocrx_word' id='word_1_100' title='bbox 834 1443 977 1499; x_wconf 88' lang='lat' dir='ltr'>Observes</span> <span class='ocrx_word' id='word_1_101' title='bbox 998 1454 1113 1499; x_wconf 84' lang='lat' dir='ltr'>tantum</span> <span class='ocrx_word' id='word_1_102' title='bbox 1136 1460 1206 1499; x_wconf 88' lang='lat' dir='ltr'>voce</span> 
     </span>
     <span class='ocr_line' id='line_1_15' title="bbox 114 1514 1206 1590; baseline 0.002 -23"><span class='ocrx_word' id='word_1_103' title='bbox 114 1537 131 1567; x_wconf 86' lang='grc'>«</span> <span class='ocrx_word' id='word_1_104' title='bbox 143 1516 357 1573; x_wconf 84' lang='lat' dir='ltr'>Palmatoriae</span> <span class='ocrx_word' id='word_1_105' title='bbox 369 1515 515 1589; x_wconf 86' lang='lat' dir='ltr'>designari</span> <span class='ocrx_word' id='word_1_106' title='bbox 533 1516 633 1571; x_wconf 90' lang='lat' dir='ltr'>lumen</span> <span class='ocrx_word' id='word_1_107' title='bbox 649 1514 691 1585; x_wconf 85' lang='lat' dir='ltr'>(la</span> <span class='ocrx_word' id='word_1_108' title='bbox 706 1514 826 1590; x_wconf 82' lang='lat' dir='ltr'>bougie)</span> <span class='ocrx_word' id='word_1_109' title='bbox 840 1514 919 1587; x_wconf 92' lang='lat' dir='ltr'>quod</span> <span class='ocrx_word' id='word_1_110' title='bbox 933 1514 1056 1570; x_wconf 91' lang='lat' dir='ltr'>honoris</span> <span class='ocrx_word' id='word_1_111' title='bbox 1074 1531 1161 1571; x_wconf 85' lang='lat' dir='ltr'>causa</span> <span class='ocrx_word' id='word_1_112' title='bbox 1175 1514 1206 1569; x_wconf 94' lang='lat' dir='ltr'>in</span> 
     </span>
     <span class='ocr_line' id='line_1_16' title="bbox 114 1586 837 1645; baseline -0.006 -2"><span class='ocrx_word' id='word_1_113' title='bbox 114 1587 213 1645; x_wconf 90' lang='lat' dir='ltr'>missis</span> <span class='ocrx_word' id='word_1_114' title='bbox 229 1588 431 1643; x_wconf 71' lang='lat' dir='ltr'>praelatorum</span> <span class='ocrx_word' id='word_1_115' title='bbox 443 1586 606 1643; x_wconf 76' lang='lat' dir='ltr'>adhibetur.</span> <span class='ocrx_word' id='word_1_116' title='bbox 833 1595 837 1602; x_wconf 59' lang='lat'><em>¹</em></span> 
     </span>
    </p>
   </div>
   <div class='ocr_carea' id='block_1_5' title="bbox 174 1846 1149 2037">
    <p class='ocr_par' dir='ltr' id='par_1_7' title="bbox 174 1846 1149 2037">
     <span class='ocr_line' id='line_1_17' title="bbox 174 1846 1149 1932; baseline -0.009 -1"><span class='ocrx_word' id='word_1_117' title='bbox 174 1846 274 1932; x_wconf 77' lang='lat'>127.</span> <span class='ocrx_word' id='word_1_118' title='bbox 290 1896 331 1907; x_wconf 90' lang='lat'>-</span> <span class='ocrx_word' id='word_1_119' title='bbox 346 1859 407 1928; x_wconf 80' lang='grc'>88.</span> <span class='ocrx_word' id='word_1_120' title='bbox 425 1861 461 1927; x_wconf 83' lang='lat' dir='ltr'>ll.</span> <span class='ocrx_word' id='word_1_121' title='bbox 479 1860 515 1928; x_wconf 89' lang='lat' dir='ltr'>ll.</span> <span class='ocrx_word' id='word_1_122' title='bbox 533 1857 582 1926; x_wconf 89' lang='grc' dir='ltr'>ΡΙΙ</span> <span class='ocrx_word' id='word_1_123' title='bbox 598 1857 662 1924; x_wconf 89' lang='grc' dir='ltr'>ΡΡ.</span> <span class='ocrx_word' id='word_1_124' title='bbox 679 1858 704 1925; x_wconf 86' lang='grc' dir='ltr'><strong>Χ</strong></span> <span class='ocrx_word' id='word_1_125' title='bbox 720 1858 797 1927; x_wconf 77' lang='lat' dir='ltr'>vet</span> <span class='ocrx_word' id='word_1_126' title='bbox 813 1857 849 1928; x_wconf 82' lang='lat' dir='ltr'>S.</span> <span class='ocrx_word' id='word_1_127' title='bbox 869 1858 1016 1926; x_wconf 71' lang='lat' dir='ltr'>alluunt</span> <span class='ocrx_word' id='word_1_128' title='bbox 1033 1857 1149 1928; x_wconf 74' lang='lat' dir='ltr'>culta</span> 
     </span>
     <span class='ocr_line' id='line_1_18' title="bbox 233 1952 816 2037; baseline -0.007 -12"><span class='ocrx_word' id='word_1_129' title='bbox 233 2000 235 2003; x_wconf 92' lang='lat'><em>-</em></span> <span class='ocrx_word' id='word_1_130' title='bbox 512 1954 563 2037; x_wconf 80' lang='grc'>(14</span> <span class='ocrx_word' id='word_1_131' title='bbox 586 1952 691 2021; x_wconf 84' lang='lat' dir='ltr'>nerlii</span> <span class='ocrx_word' id='word_1_132' title='bbox 715 1954 816 2036; x_wconf 78' lang='grc'>1906)</span> 
     </span>
    </p>
   </div>
   <div class='ocr_carea' id='block_1_6' title="bbox 115 2104 1213 2191">
    <p class='ocr_par' dir='ltr' id='par_1_8' title="bbox 115 2104 1213 2191">
     <span class='ocr_line' id='line_1_19' title="bbox 115 2104 1213 2191; baseline 0 -10"><span class='ocrx_word' id='word_1_133' title='bbox 115 2124 329 2181; x_wconf 70' lang='lat' dir='ltr'>innuerunt</span> <span class='ocrx_word' id='word_1_134' title='bbox 340 2126 395 2179; x_wconf 76' lang='lat' dir='ltr'>DE</span> <span class='ocrx_word' id='word_1_135' title='bbox 405 2125 532 2191; x_wconf 80' lang='lat' dir='ltr'><em>FESTO</em></span> <span class='ocrx_word' id='word_1_136' title='bbox 543 2124 597 2178; x_wconf 85' lang='lat' dir='ltr'>Ac</span> <span class='ocrx_word' id='word_1_137' title='bbox 611 2123 733 2179; x_wconf 85' lang='lat' dir='ltr'><strong><em>MISSA</em></strong></span> <span class='ocrx_word' id='word_1_138' title='bbox 756 2125 839 2179; x_wconf 82' lang='lat' dir='ltr'>cttM</span> <span class='ocrx_word' id='word_1_139' title='bbox 859 2125 1019 2179; x_wconf 70' lang='lat' dir='ltr'>oeetcto</span> <span class='ocrx_word' id='word_1_140' title='bbox 1036 2104 1213 2182; x_wconf 75' lang='grc' dir='ltr'>ΜΥδἸἘἮ.Ι</span> 
     </span>
    </p>
   </div>
   <div class='ocr_carea' id='block_1_7' title="bbox 285 2202 1039 2259">
    <p class='ocr_par' dir='ltr' id='par_1_9' title="bbox 285 2202 1039 2259">
     <span class='ocr_line' id='line_1_20' title="bbox 285 2202 1039 2259; baseline -0.008 -1"><span class='ocrx_word' id='word_1_141' title='bbox 285 2204 381 2258; x_wconf 79' lang='lat' dir='ltr'>VIAE</span> <span class='ocrx_word' id='word_1_142' title='bbox 401 2203 541 2259; x_wconf 77' lang='lat' dir='ltr'>cflvcts</span> <span class='ocrx_word' id='word_1_143' title='bbox 560 2205 616 2259; x_wconf 79' lang='lat' dir='ltr'>ET</span> <span class='ocrx_word' id='word_1_144' title='bbox 635 2202 872 2258; x_wconf 83' lang='lat' dir='ltr'><strong><em>GAUDIORUM</em></strong></span> <span class='ocrx_word' id='word_1_145' title='bbox 887 2203 922 2255; x_wconf 90' lang='grc' dir='ltr'>Β.</span> <span class='ocrx_word' id='word_1_146' title='bbox 946 2204 977 2258; x_wconf 88' lang='lat' dir='ltr'>V.</span> <span class='ocrx_word' id='word_1_147' title='bbox 998 2203 1039 2256; x_wconf 82' lang='lat' dir='ltr'>tt.</span> 
     </span>
    </p>
   </div>
   <div class='ocr_carea' id='block_1_8' title="bbox 402 2312 926 2409">
    <p class='ocr_par' dir='ltr' id='par_1_10' title="bbox 402 2312 926 2409">
     <span class='ocr_line' id='line_1_21' title="bbox 402 2312 926 2409; baseline -0.006 0"><span class='ocrx_word' id='word_1_148' title='bbox 402 2351 545 2409; x_wconf 82' lang='lat' dir='ltr'>Ordinis</span> <span class='ocrx_word' id='word_1_149' title='bbox 564 2312 728 2409; x_wconf 76' lang='lat' dir='ltr'>Fratrum</span> <span class='ocrx_word' id='word_1_150' title='bbox 749 2351 926 2408; x_wconf 73' lang='lat' dir='ltr'>Minorem</span> 
     </span>
    </p>
   </div>
   <div class='ocr_carea' id='block_1_9' title="bbox 112 2498 1206 4350">
    <p class='ocr_par' dir='ltr' id='par_1_11' title="bbox 112 2498 1206 4350">
     <span class='ocr_line' id='line_1_22' title="bbox 149 2498 1203 2572; baseline 0.001 -16"><span class='ocrx_word' id='word_1_151' title='bbox 149 2499 333 2556; x_wconf 84' lang='lat' dir='ltr'>Exercitium</span> <span class='ocrx_word' id='word_1_152' title='bbox 354 2499 469 2571; x_wconf 90' lang='lat' dir='ltr'>pietatis</span> <span class='ocrx_word' id='word_1_153' title='bbox 491 2517 508 2554; x_wconf 88' lang='lat' dir='ltr'>a</span> <span class='ocrx_word' id='word_1_154' title='bbox 529 2499 584 2555; x_wconf 93' lang='lat' dir='ltr'>Via</span> <span class='ocrx_word' id='word_1_155' title='bbox 604 2500 759 2568; x_wconf 83' lang='lat' dir='ltr'>nolorosa,</span> <span class='ocrx_word' id='word_1_156' title='bbox 779 2499 838 2555; x_wconf 90' lang='lat' dir='ltr'>sive</span> <span class='ocrx_word' id='word_1_157' title='bbox 860 2498 972 2566; x_wconf 88' lang='lat' dir='ltr'>Crucis,</span> <span class='ocrx_word' id='word_1_158' title='bbox 992 2513 1203 2572; x_wconf 89' lang='lat' dir='ltr'>nuncupatum,</span> 
     </span>
     <span class='ocr_line' id='line_1_23' title="bbox 133 2569 1205 2644; baseline 0.002 -19"><span class='ocrx_word' id='word_1_159' title='bbox 133 2587 177 2626; x_wconf 94' lang='lat' dir='ltr'>uo</span> <span class='ocrx_word' id='word_1_160' title='bbox 201 2587 336 2627; x_wconf 87' lang='lat' dir='ltr'>reverens</span> <span class='ocrx_word' id='word_1_161' title='bbox 361 2569 494 2625; x_wconf 88' lang='lat' dir='ltr'>fidelium</span> <span class='ocrx_word' id='word_1_162' title='bbox 514 2571 643 2627; x_wconf 92' lang='lat' dir='ltr'>studium</span> <span class='ocrx_word' id='word_1_163' title='bbox 668 2571 698 2625; x_wconf 91' lang='lat' dir='ltr'>in</span> <span class='ocrx_word' id='word_1_164' title='bbox 724 2570 892 2644; x_wconf 79' lang='lat' dir='ltr'>praecipua¹</span> <span class='ocrx_word' id='word_1_165' title='bbox 910 2571 989 2626; x_wconf 88' lang='lat' dir='ltr'>Loca</span> <span class='ocrx_word' id='word_1_166' title='bbox 1013 2584 1042 2626; x_wconf 91' lang='lat' dir='ltr'>et</span> <span class='ocrx_word' id='word_1_167' title='bbox 1067 2572 1205 2643; x_wconf 88' lang='lat' dir='ltr'>Mysteria</span> 
     </span>
     <span class='ocr_line' id='line_1_24' title="bbox 141 2641 1205 2714; baseline 0.002 -17"><span class='ocrx_word' id='word_1_168' title='bbox 141 2641 291 2697; x_wconf 89' lang='lat' dir='ltr'>ominicae</span> <span class='ocrx_word' id='word_1_169' title='bbox 307 2641 453 2697; x_wconf 86' lang='lat' dir='ltr'>Passionis</span> <span class='ocrx_word' id='word_1_170' title='bbox 467 2658 642 2714; x_wconf 81' lang='lat' dir='ltr'>magnopere</span> <span class='ocrx_word' id='word_1_171' title='bbox 657 2642 780 2707; x_wconf 87' lang='lat' dir='ltr'>nitescit,</span> <span class='ocrx_word' id='word_1_172' title='bbox 792 2641 896 2697; x_wconf 93' lang='lat' dir='ltr'>merito</span> <span class='ocrx_word' id='word_1_173' title='bbox 906 2658 1048 2698; x_wconf 89' lang='lat' dir='ltr'>coaevum</span> <span class='ocrx_word' id='word_1_174' title='bbox 1061 2643 1205 2700; x_wconf 87' lang='lat' dir='ltr'>Ecclesiae</span> 
     </span>
     <span class='ocr_line' id='line_1_25' title="bbox 112 2712 1206 2838; baseline 0.003 -70"><span class='ocrx_word' id='word_1_175' title='bbox 112 2713 286 2786; x_wconf 87' lang='lat' dir='ltr'>primordiis</span> <span class='ocrx_word' id='word_1_176' title='bbox 305 2714 484 2768; x_wconf 90' lang='lat' dir='ltr'>censendum</span> <span class='ocrx_word' id='word_1_177' title='bbox 496 2724 549 2769; x_wconf 92' lang='lat' dir='ltr'>est.</span> <span class='ocrx_word' id='word_1_178' title='bbox 571 2712 713 2785; x_wconf 86' lang='lat' dir='ltr'>Exemplo</span> <span class='ocrx_word' id='word_1_179' title='bbox 732 2731 861 2838; x_wconf 64' lang='lat' dir='ltr'>namque</span> <span class='ocrx_word' id='word_1_180' title='bbox 883 2712 1023 2784; x_wconf 89' lang='lat' dir='ltr'>Deiparac</span> <span class='ocrx_word' id='word_1_181' title='bbox 1037 2713 1164 2786; x_wconf 89' lang='lat' dir='ltr'>Virginis</span> <span class='ocrx_word' id='word_1_182' title='bbox 1177 2726 1206 2771; x_wconf 90' lang='lat' dir='ltr'>et</span> 
     </span>
     <span class='ocr_line' id='line_1_26' title="bbox 112 2783 1205 2857; baseline 0.002 -18"><span class='ocrx_word' id='word_1_183' title='bbox 112 2785 328 2856; x_wconf 85' lang='lat' dir='ltr'>Apostolorum</span> <span class='ocrx_word' id='word_1_184' title='bbox 342 2783 452 2839; x_wconf 90' lang='lat' dir='ltr'>incitati</span> <span class='ocrx_word' id='word_1_185' title='bbox 461 2783 679 2850; x_wconf 77' lang='lat' dir='ltr'>ChristifideleS,</span> <span class='ocrx_word' id='word_1_186' title='bbox 694 2798 758 2839; x_wconf 91' lang='lat' dir='ltr'>turn</span> <span class='ocrx_word' id='word_1_187' title='bbox 771 2784 802 2838; x_wconf 92' lang='lat' dir='ltr'>in</span> <span class='ocrx_word' id='word_1_188' title='bbox 823 2784 923 2855; x_wconf 89' lang='lat' dir='ltr'>igenae</span> <span class='ocrx_word' id='word_1_189' title='bbox 937 2796 1001 2839; x_wconf 92' lang='lat' dir='ltr'>tum</span> <span class='ocrx_word' id='word_1_190' title='bbox 1020 2785 1146 2841; x_wconf 88' lang='lat' dir='ltr'>advenae</span> <span class='ocrx_word' id='word_1_191' title='bbox 1158 2785 1205 2857; x_wconf 89' lang='lat' dir='ltr'>pie</span> 
     </span>
     <span class='ocr_line' id='line_1_27' title="bbox 115 2854 1205 2927; baseline 0.002 -17"><span class='ocrx_word' id='word_1_192' title='bbox 115 2854 359 2927; x_wconf 88' lang='lat' dir='ltr'>Hierosolymam</span> <span class='ocrx_word' id='word_1_193' title='bbox 377 2855 603 2927; x_wconf 86' lang='lat' dir='ltr'>peregrinantes,</span> <span class='ocrx_word' id='word_1_194' title='bbox 624 2873 658 2910; x_wconf 92' lang='lat' dir='ltr'>ea</span> <span class='ocrx_word' id='word_1_195' title='bbox 672 2869 865 2910; x_wconf 89' lang='lat' dir='ltr'>monumenta</span> <span class='ocrx_word' id='word_1_196' title='bbox 879 2868 907 2910; x_wconf 90' lang='lat' dir='ltr'>et</span> <span class='ocrx_word' id='word_1_197' title='bbox 929 2871 1043 2910; x_wconf 89' lang='lat' dir='ltr'>sacrum</span> <span class='ocrx_word' id='word_1_198' title='bbox 1055 2856 1205 2927; x_wconf 89' lang='lat' dir='ltr'>potissime</span> 
     </span>
     <span class='ocr_line' id='line_1_28' title="bbox 113 2925 1204 3053; baseline 0 -71"><span class='ocrx_word' id='word_1_199' title='bbox 113 2927 149 2982; x_wconf 87' lang='lat' dir='ltr'>ad</span> <span class='ocrx_word' id='word_1_200' title='bbox 160 2925 326 2982; x_wconf 87' lang='lat' dir='ltr'>Calvariam</span> <span class='ocrx_word' id='word_1_201' title='bbox 336 2927 399 2992; x_wconf 92' lang='lat' dir='ltr'>iter,</span> <span class='ocrx_word' id='word_1_202' title='bbox 414 2925 509 2981; x_wconf 89' lang='lat' dir='ltr'>Divini</span> <span class='ocrx_word' id='word_1_203' title='bbox 520 2925 676 2999; x_wconf 86' lang='lat' dir='ltr'>Sanguinis</span> <span class='ocrx_word' id='word_1_204' title='bbox 688 2926 814 3053; x_wconf 55' lang='lat' dir='ltr'>vestigiis</span> <span class='ocrx_word' id='word_1_205' title='bbox 824 2938 1027 2998; x_wconf 88' lang='lat' dir='ltr'>purpuratum,</span> <span class='ocrx_word' id='word_1_206' title='bbox 1039 2943 1204 2999; x_wconf 90' lang='lat' dir='ltr'>numquam</span> 
     </span>
     <span class='ocr_line' id='line_1_29' title="bbox 113 2995 1204 3070; baseline 0.001 -17"><span class='ocrx_word' id='word_1_207' title='bbox 113 2997 211 3053; x_wconf 92' lang='lat' dir='ltr'>colere</span> <span class='ocrx_word' id='word_1_208' title='bbox 225 2997 403 3055; x_wconf 89' lang='lat' dir='ltr'>desiverunt.</span> <span class='ocrx_word' id='word_1_209' title='bbox 418 2997 469 3052; x_wconf 87' lang='lat' dir='ltr'>Pia</span> <span class='ocrx_word' id='word_1_210' title='bbox 482 3010 580 3052; x_wconf 90' lang='lat' dir='ltr'>tamen</span> <span class='ocrx_word' id='word_1_211' title='bbox 595 2997 744 3053; x_wconf 89' lang='lat' dir='ltr'>Minorum</span> <span class='ocrx_word' id='word_1_212' title='bbox 785 2996 876 3052; x_wconf 89' lang='lat' dir='ltr'>rdinis</span> <span class='ocrx_word' id='word_1_213' title='bbox 888 2995 1038 3066; x_wconf 81' lang='lat' dir='ltr'>industria,</span> <span class='ocrx_word' id='word_1_214' title='bbox 1050 2998 1204 3070; x_wconf 78' lang='lat' dir='ltr'>praecipue</span> 
     </span>
     <span class='ocr_line' id='line_1_30' title="bbox 114 3067 1203 3141; baseline 0.002 -18"><span class='ocrx_word' id='word_1_215' title='bbox 114 3086 130 3123; x_wconf 88' lang='lat' dir='ltr'>a</span> <span class='ocrx_word' id='word_1_216' title='bbox 145 3069 262 3124; x_wconf 78' lang='lat' dir='ltr'>saeculo</span> <span class='ocrx_word' id='word_1_217' title='bbox 276 3069 391 3124; x_wconf 89' lang='lat' dir='ltr'>decimo</span> <span class='ocrx_word' id='word_1_218' title='bbox 406 3068 510 3140; x_wconf 88' lang='lat' dir='ltr'>quinto</span> <span class='ocrx_word' id='word_1_219' title='bbox 524 3081 552 3124; x_wconf 92' lang='lat' dir='ltr'>et</span> <span class='ocrx_word' id='word_1_220' title='bbox 564 3068 709 3141; x_wconf 91' lang='lat' dir='ltr'>deinceps,</span> <span class='ocrx_word' id='word_1_221' title='bbox 722 3067 830 3123; x_wconf 89' lang='lat' dir='ltr'>factum</span> <span class='ocrx_word' id='word_1_222' title='bbox 844 3078 895 3134; x_wconf 90' lang='lat' dir='ltr'>est,</span> <span class='ocrx_word' id='word_1_223' title='bbox 908 3079 940 3123; x_wconf 92' lang='lat' dir='ltr'>ut</span> <span class='ocrx_word' id='word_1_224' title='bbox 952 3069 1203 3140; x_wconf 89' lang='lat' dir='ltr'>quemadmodum</span> 
     </span>
     <span class='ocr_line' id='line_1_31' title="bbox 117 3138 1203 3211; baseline 0.001 -17"><span class='ocrx_word' id='word_1_225' title='bbox 117 3139 344 3211; x_wconf 89' lang='lat' dir='ltr'>Hierosolymis,</span> <span class='ocrx_word' id='word_1_226' title='bbox 360 3139 400 3194; x_wconf 88' lang='lat' dir='ltr'>ita</span> <span class='ocrx_word' id='word_1_227' title='bbox 422 3138 491 3194; x_wconf 89' lang='lat' dir='ltr'>alibi</span> <span class='ocrx_word' id='word_1_228' title='bbox 506 3156 621 3195; x_wconf 88' lang='lat' dir='ltr'>sacrum</span> <span class='ocrx_word' id='word_1_229' title='bbox 635 3139 708 3194; x_wconf 92' lang='lat' dir='ltr'>illud</span> <span class='ocrx_word' id='word_1_230' title='bbox 721 3139 804 3194; x_wconf 91' lang='lat' dir='ltr'>itera</span> <span class='ocrx_word' id='word_1_231' title='bbox 820 3138 960 3194; x_wconf 89' lang='lat' dir='ltr'>Praetorii</span> <span class='ocrx_word' id='word_1_232' title='bbox 981 3139 1038 3195; x_wconf 92' lang='lat' dir='ltr'>situ</span> <span class='ocrx_word' id='word_1_233' title='bbox 1051 3140 1087 3194; x_wconf 89' lang='lat' dir='ltr'>ad</span> <span class='ocrx_word' id='word_1_234' title='bbox 1104 3140 1203 3196; x_wconf 90' lang='lat' dir='ltr'>Calva-</span> 
     </span>
     <span class='ocr_line' id='line_1_32' title="bbox 114 3209 1201 3291; baseline 0.002 -27"><span class='ocrx_word' id='word_1_235' title='bbox 114 3210 174 3267; x_wconf 88' lang='lat' dir='ltr'>riae</span> <span class='ocrx_word' id='word_1_236' title='bbox 187 3209 287 3266; x_wconf 91' lang='lat' dir='ltr'>locum</span> <span class='ocrx_word' id='word_1_237' title='bbox 302 3210 333 3265; x_wconf 93' lang='lat' dir='ltr'>in</span> <span class='ocrx_word' id='word_1_238' title='bbox 343 3209 445 3282; x_wconf 92' lang='lat' dir='ltr'>spiritu</span> <span class='ocrx_word' id='word_1_239' title='bbox 456 3210 617 3266; x_wconf 88' lang='lat' dir='ltr'>alidelibus</span> <span class='ocrx_word' id='word_1_240' title='bbox 628 3209 831 3280; x_wconf 82' lang='lat' dir='ltr'>conficeretur,</span> <span class='ocrx_word' id='word_1_241' title='bbox 843 3227 949 3291; x_wconf 86' lang='lat' dir='ltr'>nempe</span> <span class='ocrx_word' id='word_1_242' title='bbox 961 3227 1013 3283; x_wconf 92' lang='lat' dir='ltr'>per</span> <span class='ocrx_word' id='word_1_243' title='bbox 1022 3211 1201 3281; x_wconf 83' lang='lat' dir='ltr'>exercitium,</span> 
     </span>
     <span class='ocr_line' id='line_1_33' title="bbox 114 3281 1204 3355; baseline 0.002 -19"><span class='ocrx_word' id='word_1_244' title='bbox 114 3294 147 3337; x_wconf 93' lang='lat' dir='ltr'>ut</span> <span class='ocrx_word' id='word_1_245' title='bbox 168 3282 261 3347; x_wconf 87' lang='lat' dir='ltr'>aiunt,</span> <span class='ocrx_word' id='word_1_246' title='bbox 276 3281 349 3337; x_wconf 91' lang='lat' dir='ltr'>Viae</span> <span class='ocrx_word' id='word_1_247' title='bbox 370 3281 482 3340; x_wconf 77' lang='lat' dir='ltr'>Crucis,</span> <span class='ocrx_word' id='word_1_248' title='bbox 507 3282 571 3337; x_wconf 91' lang='lat' dir='ltr'>Hoc</span> <span class='ocrx_word' id='word_1_249' title='bbox 595 3298 664 3337; x_wconf 89' lang='lat' dir='ltr'>sane</span> <span class='ocrx_word' id='word_1_250' title='bbox 688 3282 802 3355; x_wconf 87' lang='lat' dir='ltr'>pietatis</span> <span class='ocrx_word' id='word_1_251' title='bbox 825 3294 971 3349; x_wconf 80' lang='lat' dir='ltr'>exercitio,</span> <span class='ocrx_word' id='word_1_252' title='bbox 995 3282 1074 3354; x_wconf 93' lang='lat' dir='ltr'>quod</span> <span class='ocrx_word' id='word_1_253' title='bbox 1096 3282 1204 3338; x_wconf 91' lang='lat' dir='ltr'>sensim</span> 
     </span>
     <span class='ocr_line' id='line_1_34' title="bbox 115 3351 1203 3426; baseline 0.003 -20"><span class='ocrx_word' id='word_1_254' title='bbox 115 3352 175 3409; x_wconf 88' lang='lat' dir='ltr'>fere</span> <span class='ocrx_word' id='word_1_255' title='bbox 186 3353 298 3426; x_wconf 91' lang='lat' dir='ltr'>ubique</span> <span class='ocrx_word' id='word_1_256' title='bbox 318 3352 494 3422; x_wconf 91' lang='lat' dir='ltr'>institutum,</span> <span class='ocrx_word' id='word_1_257' title='bbox 511 3353 610 3408; x_wconf 86' lang='lat' dir='ltr'>Sancti</span> <span class='ocrx_word' id='word_1_258' title='bbox 631 3352 777 3408; x_wconf 89' lang='lat' dir='ltr'>Leonardi</span> <span class='ocrx_word' id='word_1_259' title='bbox 791 3370 808 3408; x_wconf 90' lang='lat' dir='ltr'>a</span> <span class='ocrx_word' id='word_1_260' title='bbox 823 3354 914 3408; x_wconf 91' lang='lat' dir='ltr'>Portu</span> <span class='ocrx_word' id='word_1_261' title='bbox 928 3353 1072 3409; x_wconf 90' lang='lat' dir='ltr'>Mauricio</span> <span class='ocrx_word' id='word_1_262' title='bbox 1083 3351 1203 3409; x_wconf 86' lang='lat' dir='ltr'>ferventi</span> 
     </span>
     <span class='ocr_line' id='line_1_35' title="bbox 115 3423 1202 3504; baseline 0.001 -26"><span class='ocrx_word' id='word_1_263' title='bbox 115 3439 206 3504; x_wconf 87' lang='lat' dir='ltr'>opera</span> <span class='ocrx_word' id='word_1_264' title='bbox 219 3441 271 3497; x_wconf 89' lang='lat' dir='ltr'>per</span> <span class='ocrx_word' id='word_1_265' title='bbox 292 3423 393 3480; x_wconf 88' lang='lat' dir='ltr'>ltaliae</span> <span class='ocrx_word' id='word_1_266' title='bbox 405 3423 538 3495; x_wconf 88' lang='lat' dir='ltr'>regiones</span> <span class='ocrx_word' id='word_1_267' title='bbox 552 3423 666 3479; x_wconf 88' lang='lat' dir='ltr'>saeculo</span> <span class='ocrx_word' id='word_1_268' title='bbox 680 3424 795 3480; x_wconf 91' lang='lat' dir='ltr'>decimo</span> <span class='ocrx_word' id='word_1_269' title='bbox 809 3435 913 3479; x_wconf 90' lang='lat' dir='ltr'>octavo</span> <span class='ocrx_word' id='word_1_270' title='bbox 926 3424 1040 3479; x_wconf 91' lang='lat' dir='ltr'>labente</span> <span class='ocrx_word' id='word_1_271' title='bbox 1054 3423 1202 3493; x_wconf 89' lang='lat' dir='ltr'>diffusum,</span> 
     </span>
     <span class='ocr_line' id='line_1_36' title="bbox 115 3493 1204 3566; baseline 0 -16"><span class='ocrx_word' id='word_1_272' title='bbox 115 3510 191 3566; x_wconf 82' lang='lat' dir='ltr'>viget</span> <span class='ocrx_word' id='word_1_273' title='bbox 205 3512 239 3550; x_wconf 92' lang='lat' dir='ltr'>ac</span> <span class='ocrx_word' id='word_1_274' title='bbox 253 3493 340 3551; x_wconf 92' lang='lat' dir='ltr'>floret</span> <span class='ocrx_word' id='word_1_275' title='bbox 354 3505 453 3550; x_wconf 90' lang='lat' dir='ltr'>nostra</span> <span class='ocrx_word' id='word_1_276' title='bbox 475 3494 529 3550; x_wconf 88' lang='lat' dir='ltr'>hac</span> <span class='ocrx_word' id='word_1_277' title='bbox 541 3508 653 3563; x_wconf 90' lang='lat' dir='ltr'>aetate;</span> <span class='ocrx_word' id='word_1_278' title='bbox 675 3495 795 3566; x_wconf 88' lang='lat' dir='ltr'>depictis</span> <span class='ocrx_word' id='word_1_279' title='bbox 816 3495 929 3550; x_wconf 89' lang='lat' dir='ltr'>tabellis</span> <span class='ocrx_word' id='word_1_280' title='bbox 945 3494 1083 3566; x_wconf 88' lang='lat' dir='ltr'>Mysteria</span> <span class='ocrx_word' id='word_1_281' title='bbox 1097 3495 1204 3550; x_wconf 91' lang='lat' dir='ltr'>Christi</span> 
     </span>
     <span class='ocr_line' id='line_1_37' title="bbox 117 3564 1202 3635; baseline 0.001 -15"><span class='ocrx_word' id='word_1_282' title='bbox 117 3565 272 3633; x_wconf 89' lang='lat' dir='ltr'>Dolorum,</span> <span class='ocrx_word' id='word_1_283' title='bbox 282 3565 327 3621; x_wconf 94' lang='lat' dir='ltr'>vel</span> <span class='ocrx_word' id='word_1_284' title='bbox 338 3565 426 3620; x_wconf 91' lang='lat' dir='ltr'>sacris</span> <span class='ocrx_word' id='word_1_285' title='bbox 434 3564 546 3631; x_wconf 89' lang='lat' dir='ltr'>litteris,</span> <span class='ocrx_word' id='word_1_286' title='bbox 553 3566 598 3621; x_wconf 91' lang='lat' dir='ltr'>vel</span> <span class='ocrx_word' id='word_1_287' title='bbox 608 3567 753 3621; x_wconf 86' lang='lat' dir='ltr'>constanti</span> <span class='ocrx_word' id='word_1_288' title='bbox 764 3566 918 3622; x_wconf 88' lang='lat' dir='ltr'>universali</span> <span class='ocrx_word' id='word_1_289' title='bbox 928 3566 1083 3621; x_wconf 89' lang='lat' dir='ltr'>traditione</span> <span class='ocrx_word' id='word_1_290' title='bbox 1092 3565 1202 3635; x_wconf 87' lang='lat' dir='ltr'>innixa,</span> 
     </span>
     <span class='ocr_line' id='line_1_38' title="bbox 115 3635 1204 3708; baseline 0.001 -16"><span class='ocrx_word' id='word_1_291' title='bbox 115 3637 237 3692; x_wconf 89' lang='lat' dir='ltr'>seorsim</span> <span class='ocrx_word' id='word_1_292' title='bbox 249 3635 450 3705; x_wconf 82' lang='lat' dir='ltr'>referentibus,</span> <span class='ocrx_word' id='word_1_293' title='bbox 464 3637 697 3708; x_wconf 88' lang='lat' dir='ltr'>quattuordecim</span> <span class='ocrx_word' id='word_1_294' title='bbox 710 3638 790 3692; x_wconf 91' lang='lat' dir='ltr'>Loca</span> <span class='ocrx_word' id='word_1_295' title='bbox 803 3637 862 3692; x_wconf 91' lang='lat' dir='ltr'>sive</span> <span class='ocrx_word' id='word_1_296' title='bbox 875 3636 1019 3692; x_wconf 90' lang='lat' dir='ltr'>Stationes</span> <span class='ocrx_word' id='word_1_297' title='bbox 1031 3637 1108 3692; x_wconf 92' lang='lat' dir='ltr'>illius</span> <span class='ocrx_word' id='word_1_298' title='bbox 1122 3637 1204 3694; x_wconf 90' lang='lat' dir='ltr'>itine-</span> 
     </span>
     <span class='ocr_line' id='line_1_39' title="bbox 115 3707 1205 3780; baseline 0.002 -19"><span class='ocrx_word' id='word_1_299' title='bbox 115 3707 155 3762; x_wconf 93' lang='lat' dir='ltr'>ris</span> <span class='ocrx_word' id='word_1_300' title='bbox 179 3713 242 3779; x_wconf 82' lang='lat' dir='ltr'>(per</span> <span class='ocrx_word' id='word_1_301' title='bbox 265 3718 399 3763; x_wconf 90' lang='lat' dir='ltr'>auctores</span> <span class='ocrx_word' id='word_1_302' title='bbox 420 3720 448 3763; x_wconf 93' lang='lat' dir='ltr'>et</span> <span class='ocrx_word' id='word_1_303' title='bbox 470 3708 637 3779; x_wconf 89' lang='lat' dir='ltr'>peregrinos</span> <span class='ocrx_word' id='word_1_304' title='bbox 662 3708 873 3780; x_wconf 86' lang='lat' dir='ltr'>cuiuscumque</span> <span class='ocrx_word' id='word_1_305' title='bbox 895 3708 1021 3776; x_wconf 73' lang='lat' dir='ltr'>saeculi,</span> <span class='ocrx_word' id='word_1_306' title='bbox 1035 3725 1150 3764; x_wconf 89' lang='lat' dir='ltr'>necnon</span> <span class='ocrx_word' id='word_1_307' title='bbox 1169 3725 1205 3764; x_wconf 83' lang='lat' dir='ltr'>ex</span> 
     </span>
     <span class='ocr_line' id='line_1_40' title="bbox 116 3776 1205 3852; baseline 0.004 -20"><span class='ocrx_word' id='word_1_308' title='bbox 116 3776 203 3834; x_wconf 89' lang='lat' dir='ltr'>locali</span> <span class='ocrx_word' id='word_1_309' title='bbox 229 3778 385 3835; x_wconf 90' lang='lat' dir='ltr'>traditione</span> <span class='ocrx_word' id='word_1_310' title='bbox 410 3777 529 3834; x_wconf 91' lang='lat' dir='ltr'>indubie</span> <span class='ocrx_word' id='word_1_311' title='bbox 556 3779 730 3851; x_wconf 84' lang='lat' dir='ltr'>designatas)</span> <span class='ocrx_word' id='word_1_312' title='bbox 756 3778 835 3834; x_wconf 90' lang='lat' dir='ltr'>velut</span> <span class='ocrx_word' id='word_1_313' title='bbox 858 3778 1020 3847; x_wconf 90' lang='lat' dir='ltr'>invisimus,</span> <span class='ocrx_word' id='word_1_314' title='bbox 1048 3779 1205 3852; x_wconf 90' lang='lat' dir='ltr'>ipsumque</span> 
     </span>
     <span class='ocr_line' id='line_1_41' title="bbox 117 3849 1202 3923; baseline 0.002 -19"><span class='ocrx_word' id='word_1_315' title='bbox 117 3849 280 3905; x_wconf 86' lang='lat' dir='ltr'>Dominum</span> <span class='ocrx_word' id='word_1_316' title='bbox 289 3849 450 3923; x_wconf 89' lang='lat' dir='ltr'>patientem</span> <span class='ocrx_word' id='word_1_317' title='bbox 459 3862 487 3905; x_wconf 95' lang='lat' dir='ltr'>et</span> <span class='ocrx_word' id='word_1_318' title='bbox 495 3849 589 3905; x_wconf 92' lang='lat' dir='ltr'>Cruce</span> <span class='ocrx_word' id='word_1_319' title='bbox 599 3862 754 3905; x_wconf 88' lang='lat' dir='ltr'>oneratum</span> <span class='ocrx_word' id='word_1_320' title='bbox 763 3851 867 3905; x_wconf 90' lang='lat' dir='ltr'>devota</span> <span class='ocrx_word' id='word_1_321' title='bbox 879 3863 977 3906; x_wconf 88' lang='lat' dir='ltr'>mente</span> <span class='ocrx_word' id='word_1_322' title='bbox 987 3851 1202 3922; x_wconf 88' lang='lat' dir='ltr'>subsequimur.</span> 
     </span>
     <span class='ocr_line' id='line_1_42' title="bbox 115 3919 1204 4001; baseline 0.001 -26"><span class='ocrx_word' id='word_1_323' title='bbox 115 3919 351 3976; x_wconf 88' lang='lat' dir='ltr'>Saluberrimum</span> <span class='ocrx_word' id='word_1_324' title='bbox 371 3937 440 3976; x_wconf 91' lang='lat' dir='ltr'>vero</span> <span class='ocrx_word' id='word_1_325' title='bbox 454 3920 598 3977; x_wconf 90' lang='lat' dir='ltr'>eiusmodi</span> <span class='ocrx_word' id='word_1_326' title='bbox 619 3937 743 3986; x_wconf 89' lang='lat' dir='ltr'>morem,</span> <span class='ocrx_word' id='word_1_327' title='bbox 764 3921 823 3976; x_wconf 89' lang='lat' dir='ltr'>sive</span> <span class='ocrx_word' id='word_1_328' title='bbox 843 3919 922 3994; x_wconf 89' lang='lat' dir='ltr'>piam</span> <span class='ocrx_word' id='word_1_329' title='bbox 940 3921 1204 4001; x_wconf 89' lang='lat' dir='ltr'>peregrinationem</span> 
     </span>
     <span class='ocr_line' id='line_1_43' title="bbox 115 3990 1203 4063; baseline 0.004 -19"><span class='ocrx_word' id='word_1_330' title='bbox 115 3991 187 4046; x_wconf 87' lang='lat' dir='ltr'>Viae</span> <span class='ocrx_word' id='word_1_331' title='bbox 213 3991 316 4047; x_wconf 90' lang='lat' dir='ltr'>Crucis</span> <span class='ocrx_word' id='word_1_332' title='bbox 341 3993 467 4047; x_wconf 88' lang='lat' dir='ltr'>Romani</span> <span class='ocrx_word' id='word_1_333' title='bbox 497 3990 652 4048; x_wconf 84' lang='lat' dir='ltr'>Pontifices</span> <span class='ocrx_word' id='word_1_334' title='bbox 672 3991 768 4048; x_wconf 90' lang='lat' dir='ltr'>multo</span> <span class='ocrx_word' id='word_1_335' title='bbox 792 3991 1041 4063; x_wconf 83' lang='lat' dir='ltr'>indulgentiarum</span> <span class='ocrx_word' id='word_1_336' title='bbox 1067 3992 1203 4048; x_wconf 89' lang='lat' dir='ltr'>thesauro</span> 
     </span>
     <span class='ocr_line' id='line_1_44' title="bbox 114 4060 1203 4136; baseline 0.004 -20"><span class='ocrx_word' id='word_1_337' title='bbox 114 4060 343 4133; x_wconf 90' lang='lat' dir='ltr'>locupletarunt.</span> <span class='ocrx_word' id='word_1_338' title='bbox 364 4063 467 4118; x_wconf 89' lang='lat' dir='ltr'>Tantis</span> <span class='ocrx_word' id='word_1_339' title='bbox 489 4063 637 4118; x_wconf 88' lang='lat' dir='ltr'>rationum</span> <span class='ocrx_word' id='word_1_340' title='bbox 659 4063 715 4119; x_wconf 87' lang='lat' dir='ltr'>acti</span> <span class='ocrx_word' id='word_1_341' title='bbox 736 4062 893 4118; x_wconf 87' lang='lat' dir='ltr'>momentis</span> <span class='ocrx_word' id='word_1_342' title='bbox 916 4063 1111 4120; x_wconf 89' lang='lat' dir='ltr'>Franciscales</span> <span class='ocrx_word' id='word_1_343' title='bbox 1123 4081 1203 4136; x_wconf 88' lang='lat' dir='ltr'>prae-</span> 
     </span>
     <span class='ocr_line' id='line_1_45' title="bbox 115 4133 1203 4208; baseline 0.004 -22"><span class='ocrx_word' id='word_1_344' title='bbox 115 4133 214 4188; x_wconf 89' lang='lat' dir='ltr'>sertim</span> <span class='ocrx_word' id='word_1_345' title='bbox 233 4150 249 4189; x_wconf 90' lang='lat' dir='ltr'>e</span> <span class='ocrx_word' id='word_1_346' title='bbox 268 4133 402 4189; x_wconf 89' lang='lat' dir='ltr'>custodia</span> <span class='ocrx_word' id='word_1_347' title='bbox 422 4133 693 4207; x_wconf 88' lang='lat' dir='ltr'>Hierosolymitana</span> <span class='ocrx_word' id='word_1_348' title='bbox 717 4134 908 4190; x_wconf 89' lang='lat' dir='ltr'>iamdudum</span> <span class='ocrx_word' id='word_1_349' title='bbox 929 4135 1146 4208; x_wconf 89' lang='lat' dir='ltr'>concupierant,</span> <span class='ocrx_word' id='word_1_350' title='bbox 1171 4147 1203 4190; x_wconf 92' lang='lat' dir='ltr'>ut</span> 
     </span>
     <span class='ocr_line' id='line_1_46' title="bbox 115 4204 1203 4278; baseline 0.004 -20"><span class='ocrx_word' id='word_1_351' title='bbox 115 4220 191 4275; x_wconf 87' lang='lat' dir='ltr'>quae</span> <span class='ocrx_word' id='word_1_352' title='bbox 205 4205 253 4278; x_wconf 92' lang='lat' dir='ltr'>pia</span> <span class='ocrx_word' id='word_1_353' title='bbox 267 4205 407 4276; x_wconf 89' lang='lat' dir='ltr'>Mysteria</span> <span class='ocrx_word' id='word_1_354' title='bbox 426 4204 566 4261; x_wconf 89' lang='lat' dir='ltr'>hactenus</span> <span class='ocrx_word' id='word_1_355' title='bbox 579 4205 692 4278; x_wconf 88' lang='lat' dir='ltr'>privato</span> <span class='ocrx_word' id='word_1_356' title='bbox 706 4217 823 4261; x_wconf 89' lang='lat' dir='ltr'>tantum</span> <span class='ocrx_word' id='word_1_357' title='bbox 835 4218 864 4260; x_wconf 92' lang='lat' dir='ltr'>et</span> <span class='ocrx_word' id='word_1_358' title='bbox 881 4206 1016 4278; x_wconf 92' lang='lat' dir='ltr'>populari</span> <span class='ocrx_word' id='word_1_359' title='bbox 1028 4207 1108 4263; x_wconf 91' lang='lat' dir='ltr'>velut</span> <span class='ocrx_word' id='word_1_360' title='bbox 1122 4222 1203 4262; x_wconf 89' lang='lat' dir='ltr'>more</span> 
     </span>
     <span class='ocr_line' id='line_1_47' title="bbox 116 4274 1203 4350; baseline 0.005 -22"><span class='ocrx_word' id='word_1_361' title='bbox 116 4274 225 4348; x_wconf 89' lang='lat' dir='ltr'>ubique</span> <span class='ocrx_word' id='word_1_362' title='bbox 237 4275 373 4349; x_wconf 86' lang='lat' dir='ltr'>gentium</span> <span class='ocrx_word' id='word_1_363' title='bbox 385 4277 531 4343; x_wconf 89' lang='lat' dir='ltr'>coluntur,</span> <span class='ocrx_word' id='word_1_364' title='bbox 546 4292 580 4332; x_wconf 90' lang='lat' dir='ltr'>ea</span> <span class='ocrx_word' id='word_1_365' title='bbox 598 4277 667 4349; x_wconf 91' lang='lat' dir='ltr'>ipsis</span> <span class='ocrx_word' id='word_1_366' title='bbox 682 4277 713 4332; x_wconf 90' lang='lat' dir='ltr'>in</span> <span class='ocrx_word' id='word_1_367' title='bbox 726 4276 796 4333; x_wconf 93' lang='lat' dir='ltr'>locis</span> <span class='ocrx_word' id='word_1_368' title='bbox 810 4275 861 4332; x_wconf 92' lang='lat' dir='ltr'>ubi</span> <span class='ocrx_word' id='word_1_369' title='bbox 880 4287 962 4347; x_wconf 89' lang='lat' dir='ltr'>parta</span> <span class='ocrx_word' id='word_1_370' title='bbox 976 4289 1053 4348; x_wconf 87' lang='lat' dir='ltr'>sunt,</span> <span class='ocrx_word' id='word_1_371' title='bbox 1067 4289 1155 4350; x_wconf 89' lang='lat' dir='ltr'>atque</span> <span class='ocrx_word' id='word_1_372' title='bbox 1166 4277 1203 4333; x_wconf 91' lang='lat' dir='ltr'>ab</span> 
     </span>
    </p>
   </div>
   <div class='ocr_carea' id='block_1_10' title="bbox 1257 479 1418 654">
    <p class='ocr_par' dir='ltr' id='par_1_12' title="bbox 1257 479 1418 654">
     <span class='ocr_line' id='line_1_48' title="bbox 1286 479 1417 526; baseline -0.008 0"><span class='ocrx_word' id='word_1_373' title='bbox 1286 479 1347 526; x_wconf 78' lang='lat' dir='ltr'>Dies</span> <span class='ocrx_word' id='word_1_374' title='bbox 1380 481 1417 525; x_wconf 79' lang='lat' dir='ltr'>de·</span> 
     </span>
     <span class='ocr_line' id='line_1_49' title="bbox 1257 537 1418 595; baseline 0.006 -11"><span class='ocrx_word' id='word_1_375' title='bbox 1257 537 1315 584; x_wconf 70' lang='lat' dir='ltr'>cult*</span> <span class='ocrx_word' id='word_1_376' title='bbox 1378 539 1418 595; x_wconf 83' lang='grc' dir='ltr'>(ιο</span> 
     </span>
     <span class='ocr_line' id='line_1_50' title="bbox 1257 599 1416 654; baseline 0.006 -14"><span class='ocrx_word' id='word_1_377' title='bbox 1257 599 1329 642; x_wconf 78' lang='lat' dir='ltr'>mart.</span> <span class='ocrx_word' id='word_1_378' title='bbox 1338 599 1416 654; x_wconf 81' lang='lat'>1906).</span> 
     </span>
    </p>
   </div>
   <div class='ocr_carea' id='block_1_11' title="bbox 1258 665 1420 1012">
    <p class='ocr_par' dir='ltr' id='par_1_13' title="bbox 1258 665 1420 1012">
     <span class='ocr_line' id='line_1_51' title="bbox 1285 665 1418 713; baseline -0.015 -1"><span class='ocrx_word' id='word_1_379' title='bbox 1285 665 1335 713; x_wconf 79' lang='lat' dir='ltr'>Con</span> <span class='ocrx_word' id='word_1_380' title='bbox 1353 679 1418 711; x_wconf 79' lang='lat' dir='ltr'>rmn-</span> 
     </span>
     <span class='ocr_line' id='line_1_52' title="bbox 1259 721 1418 782; baseline 0.006 -14"><span class='ocrx_word' id='word_1_381' title='bbox 1259 724 1293 769; x_wconf 78' lang='lat' dir='ltr'>tio</span> <span class='ocrx_word' id='word_1_382' title='bbox 1338 721 1418 782; x_wconf 69' lang='lat' dir='ltr'>antefi-</span> 
     </span>
     <span class='ocr_line' id='line_1_53' title="bbox 1258 780 1416 838; baseline -0.006 -11"><span class='ocrx_word' id='word_1_383' title='bbox 1258 780 1416 838; x_wconf 81' lang='lat' dir='ltr'>cin,abroga·</span> 
     </span>
     <span class='ocr_line' id='line_1_54' title="bbox 1259 840 1419 885; baseline 0.006 -3"><span class='ocrx_word' id='word_1_384' title='bbox 1259 840 1293 884; x_wconf 81' lang='lat' dir='ltr'>tio</span> <span class='ocrx_word' id='word_1_385' title='bbox 1325 843 1419 885; x_wconf 83' lang='lat' dir='ltr'>contra·</span> 
     </span>
     <span class='ocr_line' id='line_1_55' title="bbox 1258 898 1420 952; baseline 0 -11"><span class='ocrx_word' id='word_1_386' title='bbox 1258 898 1350 941; x_wconf 77' lang='lat' dir='ltr'>riorum</span> <span class='ocrx_word' id='word_1_387' title='bbox 1378 898 1420 952; x_wconf 81' lang='lat'>(14</span> 
     </span>
     <span class='ocr_line' id='line_1_56' title="bbox 1259 957 1416 1012; baseline 0 -13"><span class='ocrx_word' id='word_1_388' title='bbox 1259 957 1330 1000; x_wconf 83' lang='lat' dir='ltr'>mart.</span> <span class='ocrx_word' id='word_1_389' title='bbox 1340 957 1416 1012; x_wconf 84' lang='lat'><em>1906).</em></span> 
     </span>
    </p>
   </div>
   <div class='ocr_carea' id='block_1_12' title="bbox 1288 2525 1405 2586">
    <p class='ocr_par' dir='ltr' id='par_1_14' title="bbox 1288 2525 1405 2586">
     <span class='ocr_line' id='line_1_57' title="bbox 1288 2525 1405 2586; baseline 0 -13"><span class='ocrx_word' id='word_1_390' title='bbox 1288 2525 1405 2586; x_wconf 74' lang='lat' dir='ltr'>Quasnam</span> 
     </span>
    </p>
   </div>
   <div class='ocr_carea' id='block_1_13' title="bbox 1253 2583 1417 3093">
    <p class='ocr_par' dir='ltr' id='par_1_15' title="bbox 1258 2583 1417 2747">
     <span class='ocr_line' id='line_1_58' title="bbox 1260 2583 1384 2632; baseline 0.008 -3"><span class='ocrx_word' id='word_1_391' title='bbox 1260 2583 1384 2632; x_wconf 78' lang='lat' dir='ltr'>traduntur</span> 
     </span>
     <span class='ocr_line' id='line_1_59' title="bbox 1258 2641 1417 2690; baseline 0.013 -2"><span class='ocrx_word' id='word_1_392' title='bbox 1258 2641 1285 2688; x_wconf 80' lang='lat' dir='ltr'>de</span> <span class='ocrx_word' id='word_1_393' title='bbox 1315 2644 1417 2690; x_wconf 78' lang='lat' dir='ltr'>historia</span> 
     </span>
     <span class='ocr_line' id='line_1_60' title="bbox 1258 2699 1387 2747; baseline 0.008 -1"><span class='ocrx_word' id='word_1_394' title='bbox 1258 2699 1387 2747; x_wconf 65' lang='lat' dir='ltr'>devotensis</span> 
     </span>
    </p>

    <p class='ocr_par' dir='ltr' id='par_1_16' title="bbox 1253 2757 1417 3093">
     <span class='ocr_line' id='line_1_61' title="bbox 1260 2757 1417 2804; baseline 0 -2"><span class='ocrx_word' id='word_1_395' title='bbox 1260 2774 1270 2802; x_wconf 83' lang='lat' dir='ltr'>t</span> <span class='ocrx_word' id='word_1_396' title='bbox 1284 2757 1342 2804; x_wconf 80' lang='lat' dir='ltr'>Viae</span> <span class='ocrx_word' id='word_1_397' title='bbox 1357 2759 1417 2804; x_wconf 80' lang='lat' dir='ltr'>Gru·</span> 
     </span>
     <span class='ocr_line' id='line_1_62' title="bbox 1258 2815 1417 2872; baseline 0 -10"><span class='ocrx_word' id='word_1_398' title='bbox 1258 2816 1293 2862; x_wconf 81' lang='lat' dir='ltr'>cis</span> <span class='ocrx_word' id='word_1_399' title='bbox 1302 2831 1323 2872; x_wconf 75' lang='lat' dir='ltr'>i,</span> <span class='ocrx_word' id='word_1_400' title='bbox 1332 2815 1417 2862; x_wconf 76' lang='lat' dir='ltr'>studiis</span> 
     </span>
     <span class='ocr_line' id='line_1_63' title="bbox 1253 2872 1390 2933; baseline 0.029 -17"><span class='ocrx_word' id='word_1_401' title='bbox 1253 2872 1390 2933; x_wconf 75' lang='lat' dir='ltr'>francisca-</span> 
     </span>
     <span class='ocr_line' id='line_1_64' title="bbox 1257 2932 1416 2986; baseline 0 -9"><span class='ocrx_word' id='word_1_402' title='bbox 1257 2932 1306 2986; x_wconf 75' lang='lat' dir='ltr'>nis,</span> <span class='ocrx_word' id='word_1_403' title='bbox 1329 2944 1416 2979; x_wconf 81' lang='lat' dir='ltr'>conces-</span> 
     </span>
     <span class='ocr_line' id='line_1_65' title="bbox 1257 2988 1417 3048; baseline 0.025 -14"><span class='ocrx_word' id='word_1_404' title='bbox 1257 2989 1292 3034; x_wconf 75' lang='lat' dir='ltr'>sis</span> <span class='ocrx_word' id='word_1_405' title='bbox 1300 2988 1417 3048; x_wconf 79' lang='lat' dir='ltr'>indulgen·</span> 
     </span>
     <span class='ocr_line' id='line_1_66' title="bbox 1258 3047 1308 3093; baseline 0.06 -4"><span class='ocrx_word' id='word_1_406' title='bbox 1258 3047 1308 3093; x_wconf 76' lang='lat' dir='ltr'>tiis.</span> 
     </span>
    </p>
   </div>
   <div class='ocr_carea' id='block_1_14' title="bbox 1252 3946 1453 4289">
    <p class='ocr_par' dir='ltr' id='par_1_17' title="bbox 1252 3946 1453 4289">
     <span class='ocr_line' id='line_1_67' title="bbox 1285 3946 1416 4004; baseline -0.015 -11"><span class='ocrx_word' id='word_1_407' title='bbox 1285 3946 1351 3993; x_wconf 78' lang='lat' dir='ltr'>Hinc</span> <span class='ocrx_word' id='word_1_408' title='bbox 1374 3950 1416 4004; x_wconf 77' lang='lat' dir='ltr'>pro</span> 
     </span>
     <span class='ocr_line' id='line_1_68' title="bbox 1255 4004 1413 4052; baseline -0.006 -1"><span class='ocrx_word' id='word_1_409' title='bbox 1255 4004 1303 4052; x_wconf 83' lang='lat' dir='ltr'>Fr.</span> <span class='ocrx_word' id='word_1_410' title='bbox 1347 4004 1413 4050; x_wconf 81' lang='lat' dir='ltr'>Min.</span> 
     </span>
     <span class='ocr_line' id='line_1_69' title="bbox 1256 4062 1453 4114; baseline -0.005 -8"><span class='ocrx_word' id='word_1_411' title='bbox 1256 4062 1368 4114; x_wconf 73' lang='lat' dir='ltr'>petitur</span> <span class='ocrx_word' id='word_1_412' title='bbox 1448 4077 1453 4084; x_wconf 83' lang='lat'><strong>·</strong></span> 
     </span>
     <span class='ocr_line' id='line_1_70' title="bbox 1252 4116 1415 4183; baseline -0.018 -21"><span class='ocrx_word' id='word_1_413' title='bbox 1252 4116 1338 4183; x_wconf 64' lang='lat' dir='ltr'>sestam</span> <span class='ocrx_word' id='word_1_414' title='bbox 1365 4127 1415 4161; x_wconf 79' lang='lat' dir='ltr'>cum</span> 
     </span>
     <span class='ocr_line' id='line_1_71' title="bbox 1255 4172 1415 4289; baseline -0.025 -10"><span class='ocrx_word' id='word_1_415' title='bbox 1255 4172 1336 4279; x_wconf 62' lang='lat' dir='ltr'>litat</span> <span class='ocrx_word' id='word_1_416' title='bbox 1360 4185 1415 4289; x_wconf 68' lang='lat' dir='ltr'>,tf</span> 
     </span>
    </p>
   </div>
   <div class='ocr_carea' id='block_1_15' title="bbox 1251 4291 1318 4349">
    <p class='ocr_par' dir='ltr' id='par_1_18' title="bbox 1251 4291 1318 4349">
     <span class='ocr_line' id='line_1_72' title="bbox 1251 4291 1318 4349; baseline 0.03 -14"><span class='ocrx_word' id='word_1_417' title='bbox 1251 4291 1318 4349; x_wconf 73' lang='lat' dir='ltr'>pria.</span> 
     </span>
    </p>
   </div>
   <div class='ocr_carea' id='block_1_16' title="bbox 0 0 1484 4900">
    <p class='ocr_par' dir='ltr' id='par_1_19' title="bbox 0 0 1484 4900">
     <span class='ocr_line' id='line_1_73' title="bbox 0 0 1484 4900; baseline 0 0"><span class='ocrx_word' id='word_1_418' title='bbox 0 0 1484 4900; x_wconf 95' lang='lat' dir='ltr'> </span> 
     </span>
    </p>
   </div>
  </div>
 </body>
</html>
