2959 4900
106 321 236 401 [8687]
306 347 374 383 usus
386 346 487 384 orricii
498 348 600 386 vortvr.
618 351 721 388 sacrae
729 351 883 387 courrorvas
893 354 923 387 nv
934 353 1009 387 uasa
1156 329 1194 390 37

259 488 328 575 87.
355 500 474 569 -eu
501 500 732 571 etaotvttts
763 502 900 572 viciati
930 502 1046 573 ‘bears

395 668 617 724 ORDINATIO
636 669 646 703 ¹
666 669 704 722 10
721 669 812 723 Atto.
833 670 916 723 1905

351 806 404 862 De
423 807 535 861 saeris
554 807 780 864 contionibus
799 808 836 863 ln
856 808 952 865 Urbe

141 956 175 1008 ln
200 956 212 990 ‘²
234 953 371 1020 essequio
396 954 453 1008 alle
478 952 666 1025 disposizioni
691 966 849 1011 contenute
876 956 953 1010 nella
980 955 1096 1011 Lettera
1121 956 1196 1011 della

104 1027 133 1080 S.
159 1026 194 1080 C.
220 1025 266 1079 dei
287 1026 351 1082 VV.
371 1026 432 1079 RR.
457 1025 503 1079 del
526 1026 554 1080 31
578 1025 671 1098 luglio
689 1027 765 1099 1894,
783 1026 802 1080 il
817 1026 964 1082 Vicariato
978 1027 1006 1081 di
1022 1029 1124 1093 Roma,
1139 1045 1196 1083 con

104 1096 311 1151 notificazione
336 1096 382 1151 del
407 1114 442 1165 24
469 1098 623 1152 settembre
659 1099 734 1171 1894,
768 1110 926 1171 approvata
954 1097 1003 1152 dal
1031 1100 1060 1157 S.
1093 1100 1195 1167 Padre,

103 1168 245 1239 pubblicd
262 1168 368 1222 alcune
380 1184 483 1223 norme
498 1184 549 1241 per
562 1169 692 1241 regolare
706 1171 734 1223 la
754 1170 957 1241 predicazione
976 1169 1060 1225 nelle
1074 1170 1169 1227 chiese
1182 1186 1198 1225 e

103 1238 181 1310 negli
197 1240 306 1294 oratori
322 1239 350 1293 di
367 1240 469 1294 Roma.

140 1312 198 1365 Per
220 1328 351 1382 espresso
375 1311 471 1365 volere
494 1309 522 1364 di
547 1311 607 1365 Sua
630 1310 752 1380 Santita,
779 1310 983 1366 richiamiamo
1003 1310 1033 1366 in
1051 1310 1151 1384 vigore
1169 1310 1196 1367 le

102 1398 210 1436 norme
221 1382 374 1450 anzidette,
389 1398 445 1436 con
458 1382 582 1451 qualche
604 1382 832 1452 modificazione‚
854 1382 1063 1455 praticamente
1081 1384 1195 1438 ricono-

102 1452 197 1508 sciuta
210 1453 380 1521 necessaria,
395 1452 560 1508 ordinando
574 1466 685 1525 quanto
698 1471 786 1526 segue
799 1474 804 1509 :

140 1526 162 1578 l.
186 1526 302 1579 Nessun
327 1525 476 1580 sacerdote
499 1526 642 1580 residente
666 1525 695 1580 in
713 1528 816 1591 Roma,
842 1526 1001 1580 osecolare
1020 1526 1193 1597 oregolare,

101 1598 190 1667 porra
203 1596 352 1669 predicare
366 1596 444 1650 nella
465 1596 579 1652 Diocesi
594 1597 737 1660 Romana,
753 1598 794 1652 sia
809 1596 839 1649 in
854 1591 959 1661 chiese,
971 1596 1013 1651 sia
1032 1595 1062 1649 in
1074 1597 1193 1661 oratori,

102 1684 190 1721 senza
204 1684 319 1722 esserne
341 1667 528 1734 autorizzato,
551 1668 697 1724 mediante
716 1667 830 1741 pagella
844 1667 880 1722 da
895 1667 1015 1722 ritirarsi
1037 1683 1136 1739 presso
1156 1667 1194 1739 gli

102 1738 186 1793 uffici
200 1738 277 1794 della
286 1738 448 1810 Segreteria
461 1739 506 1794 del
521 1739 678 1794 Vicariato.
1051 1763 1053 1768 ·
1155 1754 1159 1765 ·

139 1812 179 1864 ll.
193 1811 303 1877 Questa
316 1809 549 1884 autorizzazione
559 1813 641 1865 verra
654 1826 792 1865 concessa
802 1810 832 1865 in
842 1810 888 1865 via
901 1809 1049 1865 ordinaria
1057 1826 1194 1891 appresso

101 1897 211 1947 esame,
225 1880 304 1936 edin
318 1881 363 1935 via
376 1881 557 1937 eccezionale
572 1898 623 1955 per
635 1881 711 1937 titoli
730 1881 925 1937 debitamente
939 1880 1139 1938 riconosciuti.

140 1954 198 2008 lll.
219 1952 379 2008 Volendosi
393 1952 514 2007 invitare
528 1970 579 2025 per
601 1953 630 2008 la
642 1953 843 2025 predicazione
865 1951 988 2026 qualche
1002 1952 1150 2008 sacerdote
1165 1952 1195 2007 di

101 2023 178 2078 altra
193 2023 309 2092 diocesi,
333 2024 422 2079 dovra
437 2024 578 2079 chiedersi
591 2023 709 2079 almeno
721 2042 763 2079 un
785 2042 864 2080 mese
878 2024 972 2096 prima
991 2024 1019 2078 la
1033 2022 1195 2079 necessaria

101 2094 223 2163 licenza,
239 2096 292 2151 che
302 2112 363 2151 non
376 2098 441 2150 sara
453 2113 590 2151 concessa
603 2112 688 2151 senza
701 2096 728 2150 la
739 2096 957 2167 presentazione
970 2095 1015 2150 del
1035 2111 1193 2167 permesso,

102 2167 131 2220 in
158 2166 280 2235 iscritto,
305 2167 530 2223 dell’Ordinario
548 2168 577 2222 di
591 2167 643 2235 lui,
658 2168 694 2223 ed
707 2168 829 2223 insieme
843 2167 1045 2223 dell’attestato
1060 2165 1089 2220 di
1103 2182 1195 2221 essere

102 2238 158 2309 egli
182 2251 342 2310 approvato
367 2256 419 2311 per
444 2239 471 2293 la
495 2239 697 2310 predicazione
721 2239 799 2294 nella
823 2238 940 2311 propria
965 2236 1089 2293 Diocesi.
1114 2238 1150 2291 Se
1174 2236 1194 2291 il

101 2311 283 2365 sacerdotes
302 2312 444 2382 regolare,
468 2311 558 2365 dovra
579 2323 746 2382 presentare
768 2310 795 2365 la
817 2309 1014 2366 testimoniale
1037 2307 1195 2364 d’idoneita

103 2382 227 2436 insieme
240 2398 297 2437 con
311 2382 449 2436 l’assenso
462 2382 508 2437 del
525 2382 643 2454 proprio
658 2380 825 2455 Superiore.
842 2383 843 2386 ’
909 2431 912 2435 .

139 2453 190 2508 lV.
212 2454 259 2509 Gli
272 2454 372 2521 esami,
389 2455 426 2507 da
438 2454 593 2509 sostenersi
608 2453 638 2508 in
652 2466 756 2526 questo
770 2453 917 2509 Vicariato
937 2470 992 2508 con
1007 2450 1194 2508 esaminatori

102 2526 139 2578 da
162 2524 214 2579 noi
238 2525 443 2598 specialmente
473 2524 613 2598 deputati,
646 2543 777 2580 avranno
802 2525 945 2599 principio
977 2524 1022 2579 col
1048 2522 1193 2590 prossimo

102 2596 273 2662 novembre,
290 2597 337 2652 nei
350 2596 445 2668 giorni
459 2596 512 2652 che
525 2614 668 2652 verranno
681 2596 823 2669 designati
842 2613 898 2651 con
920 2595 1051 2671 apposita
1074 2594 1195 2650 Tabella

104 2667 198 2722 affissa
211 2667 290 2740 negli
302 2666 383 2722 uffici
396 2668 442 2722 del
455 2668 602 2723 Vicariato
614 2667 787 2724 medesimo.

132 2869 140 2902 1
155 2869 235 2916 Aera
247 2869 274 2917 S.
288 2870 377 2924 Sants.
390 2876 406 2919 t.
421 2877 457 2924 38,
470 2885 496 2929 p.
511 2879 562 2927 187.

130 2935 140 2968 ³
156 2935 237 2982 Haec
248 2936 332 2983 latine
342 2937 382 2984 sic
391 2936 549 2985 reddimus:

132 3001 169 3048 Ut
179 3000 263 3048 dictis
273 3001 474 3049 obsecundaret
485 3002 636 3049 litterarum
649 3003 677 3050 S.
689 3003 721 3050 C.
732 3000 824 3060 Epise.
837 3007 864 3047 et
875 3002 970 3060 Regul.
984 3000 1029 3048 die
1040 3008 1065 3048 31
1078 2999 1125 3048 iul.
1139 3009 1195 3060 1894

104 3065 152 3116 (De
161 3066 250 3114 sacris
261 3067 446 3124 contionibus)
456 3068 614 3116 Vicariatus
626 3067 720 3124 Urbis,
740 3067 850 3114 decreto
867 3085 894 3122 ²4
913 3064 1075 3125 septembris
1094 3075 1158 3125 1894.
1178 3081 1195 3113 a

106 3131 173 3181 SSm⁰
193 3134 249 3180 Dnv
267 3133 430 3192 approbato,
449 3137 556 3191 regulas
574 3135 709 3194 quasdam
726 3134 910 3192 promulgavit
932 3131 1033 3193 quibus
1056 3132 1085 3180 in
1111 3131 1195 3182 Urbis

105 3199 224 3247 ecelesiis
235 3206 263 3247 et
273 3199 444 3248 orationibus¹
455 3215 549 3249 sacrae
560 3200 701 3248 contiones
711 3199 911 3247 ordinarentur.

131 3266 268 3323 Expressa
278 3267 345 3315 SSmi
357 3268 404 3314 Dnt
416 3269 556 3315 voluntate
567 3267 676 3314 easdem
688 3265 892 3320 confirmamus,
911 3265 1007 3324 paucis
1018 3265 1097 3312 sactis
1107 3270 1194 3314 muta·

107 3329 224 3379 tionibus
235 3345 306 3391 quas
316 3347 380 3380 usus
391 3333 587 3381 demonstravit
597 3333 775 3385 necessarias,
788 3331 853 3378 dum
865 3331 932 3379 haec
942 3331 1143 3391 praecipimus:

133 3398 154 3443 Ι.
170 3398 272 3445 Nullus
283 3399 409 3446 sacerdos
420 3400 466 3458 qui
480 3401 596 3447 Romam
616 3399 726 3452 incolat,
747 3399 805 3444 sive
816 3397 964 3445 saecularis
979 3397 1036 3444 sive
1051 3397 1192 3457 regularis,

106 3461 133 3508 in
142 3476 255 3510 romana
265 3464 394 3520 dioecesi,
406 3466 462 3513 sive
473 3464 500 3513 in
512 3464 641 3513 ecclesiis.
655 3465 713 3512 sive
724 3464 753 3511 in
770 3463 907 3517 oratoriis.
920 3464 1072 3510 contionari
1084 3462 1194 3522 permit-

106 3534 173 3576 tetur
182 3529 243 3577 sine
254 3530 384 3578 facultate
395 3532 499 3591 scripta
512 3551 521 3576 α
535 3531 563 3579 in
574 3533 680 3592 pagella
694 3548 702 3574 ι
722 3545 794 3591 quae
812 3531 887 3589 apud
898 3531 1054 3578 vicariatus
1073 3531 1193 3579 Secreta·

106 3594 174 3642 rium
183 3602 224 3643 est
235 3596 412 3656 exquirenda.

134 3662 168 3709 ΙΙ.
185 3661 275 3709 Venia
285 3663 461 3711 contionandi
473 3666 634 3723 plerumque
645 3669 705 3721 post
717 3675 830 3710 examen
841 3663 1021 3718 concedetur:
1035 3661 1195 3721 exceptione

106 3725 176 3774 facta
185 3727 222 3774 ob
233 3728 353 3786 legitime
363 3730 473 3792 agnitos
484 3729 587 3776 titulos.

134 3793 185 3842 111.
202 3795 241 3841 Ut
250 3795 287 3842 ad
297 3795 452 3843 contionem
463 3794 618 3843 habendam
631 3796 781 3842 advocetur
791 3795 918 3842 sacerdos
929 3793 1040 3842 alterius
1051 3792 1192 3849 dioecesis,

105 3864 166 3905 ante
183 3873 304 3907 mensem
322 3862 417 3908 saltem
436 3862 487 3909 erit
504 3861 580 3920 prius
591 3861 759 3920 exquirenda
768 3860 845 3907 venia
871 3874 942 3920 quae
957 3874 1011 3907 non
1030 3859 1194 3907 concedetur

106 3922 161 3970 sine
168 3925 270 3985 scripta
275 3926 378 3986 proprii
387 3927 527 3975 Ordinarii
540 3927 671 3974 facultate
681 3934 707 3974 et
717 3927 772 3974 fide
780 3925 908 3975 obtentae
918 3928 946 3975 in
955 3926 1065 3986 propria
1076 3925 1193 3974 dioecesi

105 3989 308 4048 approbationis
333 3993 369 4041 ad
394 3993 619 4041 contionandum.
648 3993 791 4054 Regularis
816 4007 898 4052 porro
923 3993 1059 4049 sacerdos,
1086 3999 1194 4051 praeter

105 4055 296 4168 ἓεεέἰιέρηίαίεε
307 4059 341 4108 de
352 4059 500 4107 idoneitate
511 4059 624 4116 litteras,
634 4061 737 4119 proprii
751 4060 905 4118 Superioris
915 4073 1056 4108 assensum
1066 4057 1193 4107 exhibere

124 4135 139 4166 e
159 4136 173 4168 e
194 4130 222 4168 tt.

136 4188 182 4235 tv.
198 4190 340 4247 Periculis,
360 4206 432 4251 quae
450 4192 478 4238 in
496 4191 548 4239 hoc
559 4190 701 4239 Vicariatu
717 4206 810 4239 coram
821 4192 976 4251 specialiter
987 4205 1003 4239 a
1014 4188 1103 4239 Nobis
1121 4190 1192 4239 desi·

106 4254 192 4311 gnatis
202 4257 433 4305 examinatoribus
444 4265 524 4305 erunt
534 4259 671 4313 iacienda.
684 4258 794 4306 initium
806 4259 916 4307 dabitur
928 4273 944 4306 a
962 4258 1086 4317 proximo
1101 4271 1193 4305 mense

106 4319 251 4432 ξιᾳνωῃὺτί,
272 4323 371 4372 diebus
391 4338 463 4384 quae
482 4324 510 4372 in
528 4323 640 4383 speciali
660 4323 756 4372 tabula
774 4327 865 4384 palam
886 4332 1073 4386 proponentur
1089 4323 1193 4384 inipso

132 4396 252 4437 reariatu.

1271 966 1410 1013 Memoran-

1251 1028 1288 1069 lur
1306 1030 1360 1071 acta
1371 1040 1410 1071 su-

1245 1084 1353 1140 perrara.

1249 1316 1337 1362 Partct's
1359 1330 1409 1361 mu-

1250 1372 1412 1432 rannemir-

1249 1437 1345 1476 mantur
1382 1445 1411 1479 ex

1249 1488 1367 1534 voluntale

1249 1544 1386 1604 Pontificis.

1292 1606 1382 1647 Prae·

1249 1658 1368 1709 serapte.

1270 1738 1293 1769 r.
1308 1722 1411 1781 Quilibet

1249 1784 1401 1827 continuator

1249 1842 1303 1896 opus
1314 1838 1381 1883 habet

1248 1897 1337 1953 scripta
1367 1894 1409 1955 ja·

1249 1953 1341 1999 cultata.

1278 2022 1408 2080 altegula·

1248 2082 1308 2126 riter
1355 2083 1410 2138 post

1248 2150 1345 2185 examen
1354 2151 1412 2184 con-

1248 2194 1357 2242 cedenda.

1278 2271 1300 2311 3.
1315 2264 1378 2324 Quid
1386 2266 1410 2309 si

1251 2327 1343 2369 vocetur
1353 2336 1410 2368 con·

1252 2384 1358 2427 tionator
1374 2393 1411 2427 ex·

1251 2445 1356 2486 tranent.

1277 2529 1301 2568 4.
1349 2511 1410 2557 Dies

1249 2568 1374 2628 deputandi

1249 2626 1408 2674 exannmbus.
