2959 4900
93 322 264 401 [142143]
281 344 1107 391 tueostrroscaruuaarsnupuue„arc.naar11oun.sa.ea.
1125 323 1185 387 f43

94 480 249 535 occasione
270 479 472 535 tantummodo
494 480 601 553 magni
618 497 778 537 concursus
797 482 848 537 illa
869 481 1040 549 benedicere
1058 480 1184 544 valeant.

96 549 167 622 quin
192 561 347 607 teneantur
369 553 471 607 eadem
493 552 615 632 singulis
639 551 877 609 christifidelibus
895 553 1056 626 imponere,
1078 553 1186 608 omissa

92 626 182 747 atiqm
188 622 353 748 geminum
367 622 597 696 inscriptionem
611 622 712 680 album
726 624 981 684 confraternitatis,

157 704 170 747 t
212 710 290 757 eum.
305 707 359 752 etc.

131 764 182 819 SS.
203 765 236 820 D.
252 766 291 823 N.
308 766 378 821 Pius
395 764 454 819 PP.
470 764 506 831 X,
520 763 551 819 in
563 764 720 821 Audientia
733 764 832 820 habita
851 766 898 822 die
919 767 950 823 13
971 766 1046 822 iunii
1068 784 1077 821 1
1100 766 1137 821 06
1150 765 1186 820 ab

95 833 280 916 infrascripto
293 836 379 891 Card.
396 834 546 892 Praefecto
564 838 598 892 S.
620 837 653 893 c.
671 836 863 917 indulgentiis
875 838 1028 911 Sacrisque
1045 785 1187 907 Reiiquiis

96 917 287 977 praepositae,
310 908 437 980 benigne
456 906 561 963 annuit
577 924 630 980 pro
655 907 748 977 gratia
765 919 846 963 iuxta
864 925 973 982 preces.
997 908 1144 964 Praesenti
1155 908 1187 962 in

98 989 273 1050 perpetuum
286 978 424 1035 valituro.
436 978 597 1035 Contrariis
610 978 846 1051 quibuscumque
860 997 921 1035 non
933 980 1127 1037 obstantibus.
1168 975 1170 984 '

133 1049 242 1104 Datum
256 1051 376 1119 Romae,
393 1049 584 1106 eSecretaria
603 1050 734 1107 eiusdem
749 1051 854 1107 Sacrae
868 1050 1119 1125 congregationis,
1139 1048 1187 1105 die
1266 1110 1271 1119 ,
1301 1063 1305 1071 ’
1329 1095 1336 1109 .

98 1120 129 1175 13
144 1118 217 1176 iunii
236 1121 316 1194 1906.
1115 1164 1117 1170 ·

612 1192 648 1247 A.
669 1192 1026 1265 Card.Ta1eaer‚Praes.
1060 1237 1062 1242 ,

500 1275 542 1331 D.
559 1275 837 1350 Punici,⁴Arehiep.
851 1276 1027 1346 Laodicen„
1040 1276 1150 1333 Secret.
1171 1329 1175 1337 .

101 1520 198 1608 143.
221 1572 261 1585 -
284 1535 319 1605 s.
341 1535 378 1606 c.
401 1536 745 1607 tuuuteeuutnun
769 1534 1188 1608 [tastamentum

404 1690 627 1747 DECRETUM
645 1691 683 1745 13
699 1692 780 1747 IUN.
802 1690 885 1746 1906

148 1816 406 1889 Indulgentiae,
428 1817 621 1889 Privllegia
641 1820 680 1884 et
698 1818 843 1876 Indulta
861 1818 975 1877 Tertii
993 1817 1137 1876 Ordinis

499 1901 535 1959 S.
557 1903 592 1959 P.
613 1902 791 1959 Dominici

393 2017 469 2089 1.-
492 2037 709 2091 lunuuoaurrna
730 2036 899 2091 Pausaniae

131 2169 174 2295 ff]
193 2166 345 2247 Tenianis
368 2184 404 2223 ex
428 2181 557 2241 utroque
584 2185 656 2225 sexu
686 2163 826 2226 confessis
853 2180 881 2225 et
909 2168 940 2224 S.
973 2166 1190 2224 Communione

95 2256 130 2296 re
144 2252 236 2295 ecus:

138 2330 168 2390 ι...
182 2308 239 2391 pie
266 2307 412 2380 ingressus
439 2309 470 2365 in
493 2311 626 2367 Tertium
656 2304 808 2380 Ordinem,
832 2320 892 2384 quo
916 2309 1046 2367 eiusdem
1074 2308 1190 2366 habitus

101 2393 249 2456 recipitur.
1134 2407 1136 2412 ·

135 2473 162 2510 2.
187 2453 240 2507 Die
253 2450 456 2521 professionis.

135 2527 162 2582 3.
185 2523 329 2592 Quotiens
348 2523 471 2603 potioris
489 2525 565 2581 vitae
588 2524 684 2581 studio
699 2543 751 2599 per
769 2537 837 2582 octo
856 2522 917 2582 dies
931 2524 1086 2581 continuos
1109 2523 1190 2597 spiri-

98 2596 231 2653 tualibus
244 2595 387 2651 exercittis
398 2597 573 2653 vacaverint.

30 2715 33 2722 .
133 2686 161 2739 4.
183 2666 280 2722 Semel
314 2664 345 2720 in
377 2683 486 2737 mense,
518 2668 565 2723 dic
595 2667 737 2738 cuiusque
764 2665 884 2723 arbitrio
914 2666 1059 2738 eligendo,
1088 2666 1112 2722 si
1139 2682 1190 2738 per

98 2741 248 2812 integrum
270 2752 402 2793 mensem
419 2738 541 2811 singulis
553 2737 666 2807 diebus,
686 2755 738 2810 per
751 2749 887 2810 quartam
905 2736 996 2794 horae
1014 2748 1126 2810 partem
1145 2737 1189 2793 vel

99 2827 151 2884 per
164 2808 292 2865 mediam
306 2807 420 2877 horam,
436 2810 564 2866 orationi
579 2810 698 2866 mentali
711 2809 887 2880 vacaverint.

138 2881 164 2938 5.
186 2881 253 2948 Quo
273 2879 328 2945 die,
349 2880 487 2936 canonice
509 2880 636 2938 ordinati
648 2893 677 2937 et
694 2880 818 2951 confessi
839 2879 1047 2936 celebraverint
1064 2879 1191 2950 primam

101 2953 226 3012 Missam
245 2951 290 3006 vel
304 2951 416 3022 primae
437 2951 545 3009 Missae
566 2951 690 3008 alicuius
711 2952 819 3008 sodalis
838 2949 1000 3006 adstiterint
1018 2949 1143 3006 confessi
1156 2967 1191 3006 ac

97 3026 132 3082 S.
149 3022 367 3079 Communione
379 3021 487 3079 refecti.

137 3095 177 3166 B)
199 3093 306 3150 Iisdem
318 3093 478 3164 Tertiariis‚
492 3094 515 3150 si
529 3093 653 3150 confessi
663 3106 691 3150 et
704 3095 793 3166 Sacra
805 3090 1025 3149 Communione
1043 3091 1141 3149 refecti
1153 3092 1191 3146 ad

100 3179 230 3222 mentem
259 3164 373 3220 Summi
399 3164 549 3222 Pontificis
571 3165 726 3234 oraverint,
751 3163 940 3239 sequentibus
961 3162 1064 3219 diebus
1082 3164 1191 3236 quibus

95 3237 318 3295 ,absolutionem
330 3237 495 3306 generalem
508 3255 559 3293 seu
572 3237 805 3294 benedictionem
820 3234 1001 3308 acceperint:

160 3328 183 3364 t.
207 3307 372 3363 Natiuitatis
384 3309 419 3364 D.
436 3309 475 3365 N.
491 3310 514 3363 l.
529 3309 563 3364 C.
748 3322 750 3326 '

157 3397 184 3435 2.
207 3377 354 3434 Paschatis
370 3378 608 3436 Resurrectionis.

157 3451 185 3507 3.
207 3450 401 3506 Pentecostes.

155 3539 184 3592 4.
206 3521 278 3592 ssni
291 3521 432 3594 Corporis
445 3520 562 3577 Christi.

158 3596 184 3648 5.
207 3591 414 3656 Immaculatae
427 3590 645 3665 conceptionis

157 3667 185 3720 6.
205 3662 456 3720 Annuntiationis

157 3754 186 3805 7.
206 3733 429 3805 Assumptionis.

96 3827 101 3835 ·
158 3807 186 3862 8.
207 3805 279 3860 SSmi
295 3805 417 3861 Rosarii.

158 3897 186 3951 9.
207 3877 238 3931 S.
255 3877 287 3932 Ρ.
302 3874 459 3932 Dominici.

144 3965 187 4004 ιο.
209 3947 239 4002 S.
254 3946 427 4003 catharinae
441 3946 586 4003 Senensis.
1070 4013 1077 4023 ¹

142 4019 178 4091 C)
200 4019 306 4075 lisdem
315 4018 473 4084 Tertiariis‚
485 4019 509 4073 si
522 4017 646 4092 confessi
659 4034 692 4073 ac
705 4018 734 4073 S.
751 4014 969 4072 Communione
982 4013 1078 4070 refect1
1093 4012 1191 4069 Eccle-

101 4091 178 4147 siam
195 4090 314 4146 Ordinis
335 4101 385 4145 aut
406 4089 541 4146 Sodalicii
564 4090 667 4146 devote
688 4088 865 4144 visitaverint
885 4085 984 4158 ibique
1003 4085 1039 4140 ad
1063 4097 1192 4140 mentem

11 4209 12 4212 .
106 4163 221 4218 Summi
237 4159 386 4217 Pontificis
398 4160 554 4224 oraverint,
568 4159 670 4216 diebus
688 4158 767 4216 festis
780 4157 986 4231 sequentibus:

162 4251 185 4289 1.
207 4232 371 4288 Natiuitatis
386 4233 421 4289 D.
434 4233 472 4288 N.
490 4233 512 4287 1.
529 4231 563 4287 C.

159 4323 185 4361 2.
206 4301 453 4360 circumcisionis.
584 4309 587 4318 ¹

1271 2187 1305 2233 A.
1322 2184 1374 2230 Pro

1242 2245 1311 2290 certis
1330 2241 1375 2288 ad·

1244 2301 1332 2348 iunctis
1341 2299 1375 2345 vei

1242 2359 1391 2406 exercitatio·

1242 2416 1311 2465 nibus
1323 2428 1330 2466 2

1269 2492 1402 2550 Ingressus,

1271 2565 1401 2625 Professr'o,

1271 2641 1397 2688 Exercitic

1243 2697 1391 2758 spiritualia,

1273 2773 1361 2820 Oratio

1244 2829 1361 2882 mentalis.

1273 2905 1361 2951 Primo

1246 2961 1334 3010 Missa.

1272 3096 1304 3146 Β.
1319 3100 1404 3147 Diebus
1469 3104 1470 3109 ’

1243 3157 1400 3203 absolutionis

1241 3215 1365 3274 generalis.

1273 3301 1369 3347 Horum

1244 3359 1374 3417 catalogus.

1465 3935 1469 3982 i

1275 4019 1303 4066 C.
1316 4019 1399 4066 Pari·
1467 4018 1469 4059 ἰ

1246 4075 1364 4136 iussistis

1245 4134 1334 4183 diebus.

1274 4245 1315 4292 Hi
1330 4259 1410 4293 nume-

1246 4307 1342 4352 rantur.
