2959 4900
302 350 340 412 76
744 368 947 405 surrentinum

343 506 561 572 Corollaria.
578 543 619 552 -
638 524 666 568 1.
687 500 821 568 Contra
847 500 964 588 itaque
988 519 1027 565 ac
1053 497 1243 565 dicendum
1271 508 1322 563 est
1347 494 1385 561 de

300 591 502 658 auctoritate
525 591 563 656 in
587 609 767 678 personas,
793 589 894 656 cuius
917 586 1074 676 primum
1098 586 1295 654 subiectum
1319 605 1386 651 non

300 694 352 747 est
378 677 613 746 communitas
637 683 661 765 ¹,
680 679 740 746 sed
767 699 859 766 quae
882 699 903 743 a
929 677 1019 762 Deo,
1037 675 1167 764 partim
1190 691 1228 742 ut
1251 687 1387 740 auctore

302 781 458 854 naturae,
486 765 610 856 partim
638 779 677 834 ut
705 781 846 835 auctore
873 765 1049 833 Ecclesiae
1065 764 1177 853 magis
1192 762 1387 831 immediate

303 855 546 945 proficiscitur,
561 855 616 922 ius
631 854 783 923 dominii
800 855 837 922 in
861 855 954 922 bona
970 874 1088 921 revera
1103 835 1209 920 estin
1220 851 1387 941 religiosis

303 945 409 1013 simul
434 944 594 1031 sumptis,
619 960 653 1011 et
676 945 720 1012 ab
745 942 1089 1013 administratoribus
1112 958 1287 1010 exercetur
1310 955 1348 1007 ut
1372 960 1388 1005 a

262 1111 268 1126 ι
303 1033 394 1101 veris
410 1055 534 1101 eorum
554 1033 733 1122 delegatis,
753 1033 908 1122 legitime
924 1031 968 1098 ad
984 1052 1147 1099 normam
1164 1029 1387 1099 Constitutio-

303 1144 392 1190 num
404 1123 626 1212 deputandis.

348 1246 379 1291 2.
400 1222 484 1291 Sine
499 1224 571 1291 ulla
593 1222 715 1290 fraude
730 1224 786 1290 vel
813 1221 1106 1308 dissimulatione,
1124 1220 1278 1310 religiosi
1304 1219 1388 1286 affir-

268 1387 271 1392 ,
301 1333 399 1380 mare
420 1327 570 1400 possunt
584 1333 621 1379 se
637 1333 712 1380 esse
735 1333 837 1380 veros
853 1332 972 1379 rerum
988 1311 1189 1379 monasterii
1214 1309 1387 1394 dominos,
1459 1364 1460 1367 ,

301 1422 384 1468 vero
401 1401 520 1468 animo
537 1401 673 1468 domini
686 1401 864 1491 praeditos.

347 1504 380 1571 3.
401 1504 488 1570 Non
511 1516 700 1571 esttamen
724 1503 809 1570 haec
833 1502 1032 1570 communis
1049 1501 1295 1592 religiosorum
1319 1523 1389 1589 pos

300 1593 411 1660 sessio
423 1614 505 1661 cum
517 1592 674 1680 qualibet
686 1592 835 1660 indivisa
847 1592 1003 1680 plurium
1021 1592 1241 1680 possessione
1253 1591 1338 1658 conf
1380 1627 1390 1640 ·

302 1681 358 1749 da.
377 1680 471 1748 Actu
499 1681 643 1770 quidem
674 1681 772 1748 nulla
803 1695 853 1748 est
880 1681 1068 1748 distinctio.
1087 1682 1234 1766 Verum,
1252 1681 1389 1768 quando

302 1771 439 1838 bonum
455 1770 635 1858 quoddam
651 1771 689 1837 in
712 1770 895 1837 communi
911 1791 931 1836 a
947 1769 1088 1858 privatis
1104 1769 1263 1857 personis
1286 1769 1389 1856 possi·

303 1859 416 1946 detur,
426 1864 466 1948 a)
482 1860 560 1928 Hae
572 1861 685 1927 solent
697 1859 787 1926 inter
802 1880 838 1927 se
854 1859 986 1926 fructus
998 1858 1152 1926 dividere
1165 1873 1198 1925 et
1210 1858 1390 1946 separatim

303 1949 480 2037 possidere
494 1974 503 2037 3
522 1950 617 2038 quod
635 1948 809 2038 religiosis
825 1969 899 2016 non
916 1947 1017 2036 licet,
1036 1956 1079 2038 b)
1097 1947 1316 2015 Communio
1332 1947 1390 2014 ista

303 2053 354 2106 est
369 2038 603 2122 accidentalis,
621 2059 682 2105 seu
699 2039 737 2104 in
754 2037 894 2104 nullum
918 2037 1095 2105 intentum
1111 2037 1221 2104 finem
1236 2057 1390 2103 commu·

303 2149 386 2195 nem
402 2128 531 2196 directa
546 2153 553 2194 :
568 2127 658 2194 cedit
674 2140 811 2194 tantum
828 2127 866 2193 in
882 2125 1059 2215 singulare
1075 2127 1234 2216 plurium
1246 2126 1388 2193 bonum.

304 2216 479 2372 Quocircla
505 2216 678 2284 instabilis
705 2229 768 2303 est,
800 2228 845 2303 et,
863 2217 980 2284 statim
1009 2238 1048 2284 ac
1076 2215 1291 2301 dissolvitur,
1309 2214 1390 2281 divi-

305 2307 437 2373 duntur
478 2327 558 2373 ona.

354 2405 449 2473 Haec
472 2405 616 2494 quidem
632 2405 795 2473 videntur
818 2405 957 2475 silentio
973 2405 1222 2496 praetermissa
1237 2406 1274 2474 in
1299 2405 1391 2473 lucu·

304 2495 462 2562 bratione
482 2496 523 2563 P.
543 2496 587 2563 V.
609 2497 666 2564 DE
685 2496 813 2582 BUCK3
838 2496 927 2564 sicut
954 2498 1059 2563 etiam
1086 2496 1124 2563 in
1147 2496 1270 2563 vitium
1298 2495 1393 2562 vertit

305 2584 390 2739 iuri}
413 2584 549 2651 romani
577 2585 673 2673 quod
703 2593 799 2651 me're
820 2584 1052 2675 interpretum
1079 2585 1188 2653 errori
1204 2600 1267 2653 est'
1283 2584 1392 2672 impu·

305 2690 363 2739 tan
389 2694 464 2741 um.
1168 2716 1171 2719 -

348 2806 381 2869 4.
400 2784 475 2850 Per
500 2805 548 2869 re,
567 2782 591 2851 i.
610 2804 640 2851 e.
661 2783 689 2851 si
707 2805 804 2851 mere
819 2784 863 2851 ad
888 2785 977 2852 hanc
999 2783 1246 2873 religiosorum
1262 2802 1393 2871 posses·

305 2871 442 2941 sionem
466 2873 634 2959 attendas,
660 2874 795 2962 possint
818 2873 971 2963 religiosi
993 2873 1036 2940 de
1064 2873 1169 2940 rebus
1195 2869 1394 2939 monasterii

305 2962 486 3028 communi
515 2983 579 3029 suo
607 2983 783 3029 consensu
811 2961 1009 3051 disponere.
1041 2960 1111 3030 Sed
1138 2962 1282 3029 facultas
1312 2961 1394 3027 haec

304 3050 600 3118 circumscribitur
627 3050 702 3138 ipsa
725 3052 802 3139 lege
830 3072 900 3139 qua
924 3051 1019 3118 bona
1041 3051 1107 3118 ista
1129 3050 1225 3117 fuere
1248 3066 1392 3137 recepta.

308 3139 504 3206 Donatores
528 3139 623 3205 enim
639 3142 694 3207 vel
710 3140 769 3205 alii
786 3140 1018 3228 possessionis
1042 3155 1201 3207 auctores
1216 3139 1310 3207 bona
1331 3139 1394 3205 ista

305 3250 379 3295 non
396 3227 600 3295 abdicarunt
611 3228 678 3296 nisi
691 3242 866 3316 quatenus
882 3229 1015 3296 anovis
1030 3228 1294 3317 possessoribus
1305 3244 1394 3295 certo

306 3316 369 3384 fini
386 3316 646 3405 deputarentur,
668 3316 800 3403 Quare,
819 3317 940 3385 relicto
964 3318 1031 3385 isto
1047 3317 1132 3407 fine,
1150 3319 1244 3385 bona
1271 3318 1395 3384 fuerint

306 3406 350 3472 de
381 3426 419 3471 se
449 3405 677 3473 donatoribus
708 3407 763 3473 vel
794 3427 919 3474 eorum
953 3406 1142 3475 heredibus
1171 3405 1393 3474 restituenda.

309 3493 468 3561 Heredes
484 3511 612 3581 tamen,
631 3509 710 3583 post
725 3496 858 3562 multos
874 3516 987 3563 annos
999 3517 1103 3583 saepe
1118 3495 1247 3563 luerint
1262 3495 1393 3562 incerti.

310 3584 355 3651 Et
382 3598 477 3671 tunc,
495 3604 588 3652 novo
613 3583 661 3651 rei
686 3583 837 3651 incertae
852 3583 969 3672 titulo,
988 3601 1130 3673 possent
1156 3584 1224 3675 ipsi
1245 3582 1395 3673 religiosi

306 3694 361 3741 res
382 3673 465 3740 istas
492 3692 696 3762 usucapere,
714 3673 782 3740 nisi
811 3673 966 3762 prudens
984 3674 1165 3743 incidisset
1191 3671 1397 3762 legislatoris

307 3761 525 3830 ecclesiastici
541 3760 708 3850 provisi0,
727 3784 810 3850 qua,
829 3762 925 3829 bono
938 3765 1126 3831 consulens
1141 3761 1333 3847 communi,
1352 3760 1396 3827 ad

306 3872 343 3919 se
359 3852 530 3918 revocavit
546 3850 814 3940 dispositionem
831 3850 1009 3920 bonorum
1025 3873 1115 3941 quae
1131 3850 1312 3921 communi
1330 3848 1396 3916 fini

306 3940 362 4008 cui
379 3939 635 4029 deputabantur
651 3960 725 4007 non
741 3940 812 4007 iam
828 3940 1033 4009 inserviunt.

354 4051 403 4119 N.
424 4050 466 4117 B.
496 4048 592 4117 Hinc
619 4049 723 4117 etiam
739 4063 880 4139 apparet
897 4050 1079 4138 quomodo
1107 4051 1202 4121 sanis
1217 4048 1397 4142 principiis

300 4304 303 4309 ¹
338 4323 346 4357 1
363 4318 419 4369 Cfr.
431 4323 536 4368 nostras
545 4318 697 4379 Quaestione
708 4314 734 4363 de
745 4315 855 4371 lustitia,
865 4326 893 4361 n.
905 4320 974 4377 559.
