2959 4900
80 1091 228 1148 Ominum-

70 1154 162 1196 morato
190 1149 229 1197 ae-

70 1211 131 1252 creto
141 1208 228 1255 bonis

70 1264 152 1321 XIII,

99 1606 215 1665 Proponit

70 1663 165 1716 dubia.

99 1741 122 1787 Ι.
131 1742 169 1789 De
178 1742 230 1789 Pa·

71 1801 138 1864 trono
165 1799 229 1847 dioe-

70 1868 135 1904 ceste.

99 2017 138 2063 II.
150 2016 187 2063 De
198 2019 227 2066 S.

72 2074 198 2124 Ianuario.

98 2236 153 2281 III.
192 2237 230 2283 De

65 2293 188 2360 privilegii

69 2365 155 2408 vigore.

68 2448 226 2503 Rusones.

97 2600 138 2646 Ad
148 2603 173 2648 I.

97 2671 138 2717 Ad
148 2673 188 2719 II.

97 2742 137 2788 Aa
146 2743 203 2790 III.

97 2814 156 2860 Dies
189 2816 229 2870 (22

69 2885 123 2929 aug.
135 2874 213 2931 roni).

91 3841 229 3894 Quaestio

66 3896 197 3952 proposita.

70 4128 229 4172 nlrlmltur.

283 276 324 339 40
746 305 927 342 nonnitus-ri

310 465 380 552 90.
401 516 442 529 -
465 476 669 552 sanius
693 460 1036 551 caesarasunitis
1060 483 1122 593 (²²
1146 499 1219 567 aii.
1247 480 1347 565 iios)
1435 509 1436 603 3

1075 596 1078 609 I

350 665 557 721 Responsa
579 665 633 719 DE
653 664 857 719 PATRONIS
879 666 1090 721 ntoncnsis
1115 666 1314 723 constituis

664 755 691 808 A
710 752 994 810 REGULARIBUS

363 916 507 974 Ordinis
526 915 610 976 Min.
632 916 908 988 capuccinorum
930 917 1036 975 Prov.
1060 918 1304 991 Rheginensis

320 1089 491 1145 Hodiernus
505 1089 649 1145 Redactor
659 1088 827 1144 Kalendarii
840 1107 894 1163 pro
906 1090 1082 1161 Rheginensi
1096 1092 1250 1149 Provincia
1260 1092 1368 1148 Ordinis

284 1160 436 1216 Minorurn
450 1161 718 1233 Cappuccinorum,
732 1160 769 1216 de
781 1177 927 1217 consensu
941 1162 985 1216 sui
1001 1162 1055 1217 Rmi
1070 1164 1274 1221 Procuratoris
1287 1166 1365 1220 Gene-

283 1232 362 1301 ralis,
390 1233 547 1287 Sacrorum
577 1233 700 1287 Rituum
728 1233 956 1305 congregationi
981 1233 1146 1289 humillime
1173 1236 1316 1309 exposuit,
1343 1235 1365 1290 in

284 1303 408 1360 Decreto
422 1305 470 1358 Sa.
488 1303 547 1362 Me.
561 1302 669 1358 Leonis
684 1306 737 1375 Pp.
750 1304 833 1371 XIII,
844 1305 898 1359 sub
912 1303 985 1374 die4
997 1305 1159 1361 decembris
1178 1324 1257 1379 1904,
1269 1306 1368 1363 inserto

282 1374 314 1429 in
328 1374 474 1430 Breviario
496 1374 626 1430 eiusdem
650 1374 770 1431 Ordinis
794 1375 969 1432 novissimae
990 1377 1146 1446 EditioniS,
1170 1396 1205 1434 ac
1219 1378 1365 1451 incipiente

283 1447 371 1514 «Qui
385 1446 481 1520 primo
495 1468 521 1516 »‚
538 1445 662 1501 inveniri
684 1447 756 1502 haec
768 1448 855 1502 verba
870 1468 876 1502 ε
893 1447 1050 1505 «dimissis
1064 1448 1301 1522 quibuscumque
1311 1448 1366 1503 aliis

283 1517 405 1577 Officiis.
428 1518 488 1574 sive
509 1516 704 1587 Dioecesanis‚
749 1530 843 1574 taeter
861 1518 965 1574 Officia
984 1520 1103 1576 Patroni
1123 1520 1220 1593 praeci
1242 1520 1273 1575 ui
1293 1519 1364 1587 Loci,

282 1588 422 1645 Titularis
444 1607 478 1645 ac
492 1588 689 1645 Dedicationis
735 1589 855 1646 eclesiae
877 1590 1069 1661 Cathedralis,
1085 1603 1139 1648 etc.
1154 1613 1181 1647 n.
1239 1591 1366 1654 incident

284 1660 391 1717 Orator
405 1662 556 1733 sequentia
568 1660 663 1716 Dubia
675 1661 816 1716 solvenda
826 1662 999 1787 proposuit:
1238 1668 1240 1674 '

321 1735 343 1788 Ι.
360 1733 468 1789 Utrum
483 1732 513 1787 in
523 1732 580 1788 illis
588 1732 659 1787 locis
672 1733 723 1787 ubi
733 1733 813 1788 deest
848 1733 1155 1814 atronuspraecipuus
1169 1734 1252 1803 Loci,
1263 1735 1365 1789 Fratres
1438 1748 1439 1757 ¹

284 1804 444 1885 Capuccini
466 1816 622 1859 teneantur
637 1804 677 1887 ad
697 1803 838 1884 Officium
859 1806 978 1860 Patroni
997 1805 1147 1886 praecipui
1172 1806 1323 1887 Dioecesis,
1342 1816 1365 1859 et

284 1876 406 2004 ιῑιιιίιιιξιειιὸιιρ
415 1892 484 1933 cuni
496 1892 585 1931 onere
597 1875 735 1931 audiendi
750 1877 872 1931 Sacrum
891 1887 920 1932 et
932 1877 1097 1932 abstinendi
1119 1878 1156 1932 ab
1170 1878 1306 1950 operibus
1317 1893 1366 1930 ser-

282 1966 360 2075 Vlll.
385 1991 493 2100 Utrum
513 2035 565 2099 per
586 2018 751 2099 praefatum
765 2020 932 2099 'Decretum
954 2020 1131 2099 abrogatum
1157 2017 1212 2099 suit
1238 2017 1364 2098 Officium
1439 2086 1440 2091 ἵ

284 2092 314 2147 S.
326 2092 452 2147 Ianuarii
465 2092 603 2163 Episcopi
613 2102 642 2145 et
650 2091 787 2163 Martyris
797 2107 832 2145 ac
843 2091 962 2145 Patroni
971 2091 1138 2163 principalis
1148 2103 1240 2145 totius
1250 2104 1363 2163 regionis

284 2162 505 2289 Neapolitanae,
521 2162 604 2216 cuius
617 2160 723 2217 festum
737 2162 792 2217 sub
805 2161 913 2242 duplici
925 2173 1081 2234 praecepto
1095 2162 1277 2218 celebraturl

321 2235 348 2290 ll
369 2276 376 2290 .
397 2235 506 2290 Utrum
527 2232 622 2287 adhuc
644 2245 797 2289 censeatur
818 2249 915 2304 vigere
937 2232 1121 2305 privilegium
1142 2235 1201 2289 iam
1223 2235 1361 2289 obtentum

283 2305 448 2362 celebrandi
458 2305 623 2417 supradicta
631 2303 736 2359 Officia
746 2316 834 2377 prout
844 2316 956 2359 exstant
966 2305 997 2360 in
1009 2305 1139 2378 Propriis
1152 2304 1362 2378 respectivaium

285 2376 490 2433 Dioecesium.

321 2450 357 2504 Et
365 2449 452 2505 Sacra
463 2446 584 2502 Rituum
593 2446 799 2520 Congregatio,
811 2446 847 2502 ad
859 2446 1032 2504 relationem
1044 2448 1198 2521 subscripti
1213 2443 1362 2512 Secretarii,

284 2521 428 2592 exquisito
440 2531 507 2575 voto
521 2519 744 2575 Commissionis
760 2517 935 2590 Liturgicac‚
950 2521 1189 2594 respondendum
1204 2519 1332 2576 censuit:

317 2592 363 2646 Ad
378 2593 400 2646 Ι.
414 2591 440 2645 Α
478 2591 605 2646 rmative
616 2591 656 2647 ad
671 2602 828 2664 utramque
835 2601 966 2664 partem.

319 2665 365 2717 Ad
381 2664 418 2718 ll.
465 2662 593 2718 eative.

319 2734 468 2789 Adlll.A
505 2733 642 2788 rmative.

318 2807 416 2879 Atque
425 2805 465 2861 ita
477 2805 623 2878 rescripsit
635 2803 682 2860 die
696 2823 729 2859 22
743 2803 860 2875 augusti
877 2805 955 2876 1905.

789 2878 825 2930 A.
837 2875 923 2930 Card.
939 2877 1072 2942 Turrani,
1088 2876 1267 2944 Pro-Praes.

652 2946 691 3002 D.
707 2946 826 3016 Paniai,
843 2947 986 3020 Archiep.
1002 2946 1177 3005 Laodicen..
1193 2948 1300 3001 Secret.

283 3243 352 3329 91.
376 3298 416 3307 -
438 3258 472 3328 s.
495 3258 643 3328 nituun
667 3257 1008 3328 contestationis
1030 3257 1094 3342 (23
1117 3257 1249 3343 aunusn
1272 3254 1365 3334 taos)

426 3440 667 3497 RESPONSUM
684 3442 694 3476 ¹
713 3441 768 3496 DE
785 3441 897 3496 MODO
916 3440 991 3496 QUO
1009 3442 1064 3495 An
1082 3441 1226 3495 mvnvs

284 3532 446 3588 OFFIGIA
466 3530 653 3587 FRATRES
674 3531 855 3588 MINORES
877 3532 1011 3587 cAPUt·
1031 3531 1191 3586 TEGERE
1210 3525 1368 3585 Desunt

567 3695 710 3753 Ordinis
729 3697 894 3754 Fratrum
914 3697 1091 3753 Minorum

315 3836 342 3889 A
354 3835 441 3890 Sacra
456 3834 579 3889 Rituum
599 3837 834 3916 congregatione
853 3837 1071 3908 expostulatum
1084 3836 1159 3892 luit:
1184 3837 1290 3891 Utrum
1304 3833 1363 3887 Fra-

280 3915 337 3961 tres
350 3906 481 3961 Minores
494 3906 525 3960 in
539 3907 630 3962 Missa
640 3907 762 3980 aliisque
776 3907 882 3963 divinis
892 3907 996 3964 officiis
1008 3907 1148 3963 amictum
1161 3923 1248 3979 super
1257 3905 1362 3982 nuduin

281 3989 368 4058 caput
380 3978 531 4090 imppnere
544 3978 677 4046 debeant,
698 3997 737 4034 an
756 3980 845 4035 etiarn
858 3981 970 4052 possint
989 3979 1085 4052 ipsum
1098 3978 1240 4034 amictum
1255 3987 1364 4048 caputio

281 4066 322 4102 im
344 4065 450 4104 onere.

320 4065 357 4175 lit
367 4121 454 4175 Sacra
466 4119 797 4193 RituumCongregatio,
810 4122 846 4176 ad
856 4121 1029 4176 relationem
1042 4120 1196 4193 subscripti
1208 4113 1359 4192 Sedetani,

283 4191 384 4246 audito
398 4192 479 4264 prius
503 4193 564 4247 Rmo
583 4197 618 4249 Ρ.
643 4193 838 4248 Procuratore
860 4192 996 4248 Generali
1019 4191 1139 4264 praefati
1159 4192 1285 4258 Ordinis
1305 4199 1358 4264 qus

283 4275 429 4317 annuente
445 4263 506 4315 R11²⁰
521 4265 553 4317 Ρ.
569 4264 705 4318 Ministro
720 4264 864 4332 Generali,
886 4265 1012 4320 rationes
1025 4281 1079 4336 pro
1092 4277 1218 4336 utraque
1230 4269 1360 4319 sententia
