2959 4900
277 371 397 408 IURIDICI
414 372 556 410 EFFECTUS
571 374 706 410 votorum
720 375 967 412 TEMPORARIORUM
1131 354 1170 416 67

87 505 178 573 Haec
193 508 328 576 nullam
345 509 498 598 postulat
521 510 695 580 actionem
711 511 925 592 iudicialem,
945 527 978 578 et
993 523 1170 578 exercetur

84 615 140 682 per
157 594 385 685 Superiorem
405 598 572 687 instituti,
598 600 645 668 ob
661 623 784 690 graves
810 622 943 687 causaS,
961 599 1170 689 approbatas

84 704 101 749 a
128 685 259 754 maiore
290 703 386 776 parte
413 688 663 778 suffragiorum
699 689 849 758 Consilii
881 689 1062 779 generalis.
1098 686 1168 756 Sed

84 771 236 842 dimissio
249 775 313 843 ista
325 797 398 860 non
410 776 500 845 tollit
512 793 603 847 vota.
620 778 740 865 Quare
752 778 979 866 exspectanda
991 791 1168 868 praeterea

83 877 128 928 est
142 862 357 953 dispensatio
386 863 422 934 S.
444 863 558 955 Sedis,
577 889 686 955 quam
710 868 785 957 ipse
809 868 1004 957 religiosuS,
1022 869 1076 934 vel
1093 865 1168 934 eius

83 953 219 1020 nomine
237 952 406 1043 Superior
422 977 442 1023 a
459 955 496 1024 S.
516 956 798 1046 Congregatione
814 957 1026 1045 impetrabit.

123 1053 293 1124 Dimissio
324 1072 442 1124 autern
473 1057 560 1125 facta
586 1058 660 1125 sine
680 1059 772 1126 iusta
795 1079 902 1126 causa
925 1058 1038 1146 ipsam
1064 1055 1169 1125 laedit

84 1141 257 1233 iustitiam,
275 1145 303 1212 si
316 1145 483 1214 dimissus
499 1147 681 1215 tenebatur
692 1149 794 1215 votis.
810 1147 907 1233 Quid
920 1161 1038 1214 autem
1050 1148 1167 1233 elapso

83 1247 239 1300 votorum
263 1237 401 1324 spatio‘.l
432 1236 503 1303 Res
519 1236 650 1325 ambigi
668 1251 793 1326 potest.
816 1238 960 1321 Nonne,
985 1236 1073 1302 dum
1089 1256 1168 1303 can·

83 1318 234 1390 didatum
250 1323 384 1410 recipit,
403 1323 539 1391 videtur
554 1325 760 1393 Institutum
783 1324 883 1393 tacite
899 1326 1101 1414 promittere
1117 1327 1169 1390 lu·

83 1423 196 1478 turum
208 1426 247 1479 ut
263 1415 448 1480 alumnum
461 1431 572 1481 servet
584 1415 651 1482 nisi
666 1415 809 1504 proprio
821 1414 911 1482 facto
923 1436 961 1482 se
973 1411 1170 1504 probaverit

84 1497 291 1588 indignum?
321 1503 372 1569 Ac
402 1503 471 1570 tale
502 1503 587 1592 quid
615 1503 959 1591 expressalnstituti
987 1504 1064 1592 lege
1087 1521 1188 1586 sane,

84 1589 201 1656 sanciri
219 1608 343 1679 potest.
377 1593 457 1659 Nisi
473 1608 592 1659 tamen
608 1593 655 1662 ita
671 1593 863 1661 formaliter
886 1593 989 1660 luerit
1015 1605 1170 1676 cautum,

84 1678 236 1766 neganda
253 1693 304 1748 est
320 1681 469 1749 iustitiae
485 1682 666 1771 obligatio.
689 1683 758 1749 Per
773 1702 810 1750 se
827 1681 924 1749 enim
944 1702 1019 1748 non
1035 1680 1173 1748 videtur

87 1763 286 1836 Institutum
298 1771 431 1838 maiore
443 1770 553 1837 teneri
566 1771 781 1860 obligatione
794 1770 983 1860 quamipse
995 1769 1171 1854 subditus,

85 1858 281 1940 praesertim
304 1859 439 1926 cumin
458 1858 594 1928 Ordine
617 1861 782 1950 religioso
810 1859 930 1927 minus
957 1859 1000 1928 sit
1020 1857 1173 1926 Instituti

85 1942 235 2013 debitum
252 1969 360 2034 quam
376 1947 580 2036 simpliciter
593 1949 752 2038 professi.
774 1950 850 2016 Iam
866 1969 949 2016 vero
961 1949 1058 2015 nulla
1081 1961 1173 2015 tene·

84 2045 133 2099 tur
141 2037 358 2125 obligatione
370 2040 535 2105 manendi
549 2039 872 2128 religiosus,elaps0
884 2038 998 2126 spatio
1010 2051 1174 2105 votorum

84 2127 382 2213 temporariorum.
416 2128 511 2216 Ergo
538 2131 636 2196 nulla
662 2142 801 2195 tenetur
827 2127 946 2216 ipsum
969 2127 1175 2193 Institutum

86 2211 293 2303 obligatione
310 2215 517 2305 religiosum
534 2217 707 2286 servandi.
730 2217 866 2306 ltaque,
880 2217 929 2284 sic
945 2216 1127 2283 dicemus:

123 2320 156 2400 a)
182 2317 354 2387 Dimissio
371 2319 522 2406 alumni,
547 2320 667 2409 elapso
684 2318 797 2408 spatio
821 2334 986 2387 votorum
1002 2331 1176 2406 tempora·

87 2402 225 2494 riorum,
256 2410 284 2475 si
309 2407 370 2476 fiat
397 2409 473 2476 sine
497 2409 587 2477 iusta
610 2430 726 2497 causa,
753 2408 931 2498 aequitati,
960 2420 1177 2476 nontamen

88 2491 230 2563 iustitiae
262 2514 445 2587 repugnat.
482 2498 636 2584 Querela
666 2513 786 2567 tamen
817 2496 1101 2567 extra-iudicialis
1130 2496 1175 2565 ad

88 2578 120 2649 S.
140 2580 268 2652 Sedem
285 2607 424 2676 semper
439 2586 566 2655 deterri
583 2603 709 2677 potest.

125 2680 161 2767 b)
187 2682 283 2751 Iusta
300 2704 403 2752 causa
427 2685 471 2752 ab
496 2686 630 2755 alumni
656 2686 758 2774 culpa
786 2683 960 2774 proficisci
977 2697 1102 2772 potest,
1120 2683 1175 2750 vel
1281 2664 1286 2674 ⁹

87 2770 182 2839 etiam
209 2773 285 2840 sine
313 2786 410 2841 reatu
437 2775 549 2842 oriri:
579 2789 703 2863 utputa
734 2774 763 2841 si
800 2774 966 2841 instituto
996 2772 1175 2840 lacultates

88 2859 192 2927 desint
207 2861 324 2929 alendi
342 2862 514 2950 subditos,
528 2869 569 2931 νζ
576 2886 612 2953 g.
631 2864 677 2931 ob
695 2862 963 2951 dispersionem.
1000 2865 1005 2874 '

126 2967 158 3042 c)
175 2964 270 3031 Hinc
294 2985 441 3052 quaeres
463 2979 586 3035 utrum
601 2965 645 3032 de
668 2965 724 3033 his
739 2965 905 3053 professis
921 2963 1033 3031 valeat
1056 2962 1176 3051 regula

89 3054 209 3119 sancita
231 3054 276 3120 de
300 3053 503 3145 simpliciter
526 3054 691 3143 professis
709 3053 890 3124 Ordinum
914 3052 1174 3141 religiosorum,

91 3141 177 3224 quod
200 3142 329 3210 dimitti
353 3159 533 3232 nequeunt
557 3142 656 3211 inviti
674 3143 720 3212 ob
738 3143 908 3211 morbum
924 3142 985 3231 qui
1002 3154 1081 3230 post
1096 3153 1176 3208 vota

92 3227 267 3299 inciderit?

131 3326 170 3394 Et
196 3328 272 3398 iure
301 3328 447 3418 quidem
473 3329 625 3420 positivo
649 3350 762 3419 aequa
789 3328 854 3397 ista
881 3326 1064 3416 dispositio
1095 3325 1176 3393 lerri

92 3432 202 3500 potest.
232 3418 286 3486 Ita
310 3420 348 3485 in
364 3419 618 3486 recentioribus
641 3419 790 3505 normis,
815 3431 879 3485 art.
911 3440 985 3507 199,
1010 3416 1172 3515 legimus,

92 3504 270 3585 professam
295 3521 460 3575 votorum
484 3507 699 3597 simplicium
730 3529 805 3575 non
828 3506 956 3573 debere
979 3504 1121 3589 dimitti,
1145 3525 1174 3570 s1

94 3589 320 3664 infirmitatem
344 3599 552 3665 contraxerit
575 3598 612 3664 in
639 3596 806 3664 instituto
829 3610 908 3685 post
931 3595 1057 3662 emissa
1074 3607 1172 3695 pota.

95 3678 153 3749 Per
174 3706 210 3753 se
238 3701 357 3753 tamen
384 3706 457 3755 non
481 3686 619 3755 videtur
637 3686 844 3753 Institutum
866 3685 935 3752 tale
958 3705 1050 3751 onus
1073 3703 1111 3748 rn
1137 3702 1174 3749 se

94 3769 194 3841 stricte
216 3775 411 3863 suscepisse
427 3796 508 3865 erga
524 3777 710 3845 alumnum
726 3774 789 3864 qui
805 3774 958 3841 solutam
978 3785 1090 3840 servat
1105 3770 1174 3838 dis·

94 3860 224 3929 cedendi
242 3864 439 3953 optionem.
1081 3872 1083 3875 ’

127 3960 163 4045 d)
186 3959 283 4046 Quid
300 3961 387 4037 iuris
403 3961 446 4029 de
463 3962 628 4051 religioso
645 3961 719 4050 qui,
746 3963 865 4050 elapso
892 3956 1174 4059 maximospatio

94 4048 170 4116 votis
181 4050 403 4139 temporariis
414 4050 612 4139 praefinito,
625 4072 690 4118 nec
707 4051 754 4118 ita
767 4071 803 4118 se
815 4049 1014 4138 probaverit
1025 4048 1175 4137 dignum

94 4138 144 4220 qui
172 4152 247 4208 tuto
279 4139 322 4207 ad
355 4152 525 4229 perpetuo
556 4140 733 4228 prolessos
764 4152 996 4225 accenseatur,
1032 4157 1096 4205 nec
1126 4136 1174 4202 ita

96 4220 268 4315 indignum
285 4228 346 4317 qui
363 4226 522 4297 videa‘tur
538 4228 795 4319 expellendus?

135 4322 311 4415 Integrum
332 4340 382 4395 est
401 4326 580 4415 Instituta,
610 4340 643 4395 et
670 4347 732 4415 per
749 4347 786 4394 se
802 4324 845 4394 ad
862 4323 1021 4409 officium
1044 4338 1175 4413 spectat
