2959 4900
83 323 146 404 [11.
161 327 215 408 12]
244 351 265 383 s.
277 349 303 383 a.
315 349 339 384 e.
353 349 390 384 nu
401 348 428 384 vr
440 349 671 394 norusrnorn11;
683 351 704 386 s.
714 351 739 386 c.
750 352 809 386 mn.
822 351 859 386 nn
870 351 929 386 iarn.
941 330 1120 386 insaniter.
1145 330 1183 390 3¹1

86 494 169 537 tione
202 483 426 552 inducebantur,
460 485 563 542 eadem
595 486 738 541 Sanctitas
770 487 829 541 Sua
866 485 992 556 benigne
1025 485 1184 540 concedere

89 553 209 625 dignata
228 567 281 614 est,
295 567 329 608 ut
347 555 511 628 praedictae
534 571 637 612 cantus
651 557 776 629 liturgici
789 558 965 612 recentiores
979 555 1091 610 formae
1104 555 1134 610 in
1149 555 1184 610 iis

89 624 228 680 Ecclesiis
247 627 299 680 ubi
317 626 376 680 iam
396 627 525 682 invectae
549 643 626 694 sunt,
650 628 727 683 licite
748 627 866 683 retineri
889 641 917 682 et
936 628 1044 682 cantari
1064 639 1182 698 queant,

86 696 193 763 donec,
201 699 422 770 quamprimum
434 697 496 753 fieri
505 699 620 772 poterit,
629 699 739 756 Cantus
750 699 949 772 Gregorionus
957 699 1037 753 iuxta
1049 698 1185 753 codicum

86 766 177 892 gdem
196 766 226 821 in
241 786 345 824 eorum
357 769 458 824 locum
480 769 650 826 sufficiatur.
666 772 827 826 Contrariis
841 787 901 825 non
916 770 1099 825 obstantibus
1121 768 1184 842 qui-

106 855 282 911 uscumque.

122 922 167 975 De
191 920 269 976 hisce
289 922 428 978 omnibus
448 923 655 979 Sanctissimus
682 924 827 979 Dominus
842 925 950 979 Noster
970 921 1039 977 Pius
1060 924 1139 996 Papa
1157 923 1184 975 X

1237 495 1259 538 at
1272 491 1400 551 privilegia

1237 551 1375 597 recentiori-

1237 606 1279 653 bus
1294 605 1402 664 liturgici

1238 669 1320 712 cantas
1348 665 1402 723 for·

1237 724 1284 768 mis
1310 735 1402 770 conces·

1237 792 1274 827 sa!

1243 930 1401 992 Confirmatio

85 991 158 1071 liuic
176 993 335 1048 Sacrorum
356 995 477 1051 Rituum
492 995 720 1068 Congregationi
739 1012 876 1069 praesens
886 996 1037 1050 decretum
1055 993 1184 1067 expediri
1234 990 1367 1051 Pm‘ficia·

87 1075 184 1120 iussit.
202 1064 255 1120 Die
269 1066 285 1120 8
299 1065 425 1120 ianuarii
442 1085 519 1136 1004.

244 1148 429 1206 Senarumus
449 1150 536 1205 Card.
557 1151 700 1219 Carronr,
723 1149 753 1205 S.
777 1151 811 1205 R.
834 1149 867 1204 C.
888 1147 1075 1222 Praefectus,

129 1229 294 1288 Diomedes
312 1233 433 1303 Punici,
454 1233 597 1307 Archiep.
618 1233 795 1302 Laodicen,
816 1233 848 1288 S.
869 1232 907 1288 R.
930 1231 964 1286 C.
983 1229 1182 1286 Secretarius.

546 1369 724 1424 Annorarm

125 1487 253 1542 Decreto
275 1488 331 1544 isto
353 1489 576 1544 consuetudines
598 1502 776 1561 premuntur
800 1488 926 1544 silentio.
955 1487 1061 1543 Merito
1085 1500 1185 1542 tamen

91 1559 126 1612 R.
145 1559 182 1612 D.
201 1560 312 1614 Besson
334 1560 418 1629 (Rev.
436 1559 774 1634 theol.franp.1904,p.
793 1562 852 1633 169)
867 1559 1012 1616 existimat
1025 1560 1185 1614 contrarias

90 1631 334 1698 consuetudines
350 1631 372 1685 si
388 1648 464 1703 qnae
484 1632 513 1688 S.
530 1633 760 1704 congregationi
779 1645 982 1712 proponantur
1000 1631 1183 1697 iudicandae,

91 1700 140 1755 vix
157 1717 221 1755 non
236 1719 340 1758 omnes
353 1702 525 1758 damnatum
539 1703 585 1758 iri.
600 1703 690 1758 Addit
704 1704 898 1759 nibilominus
909 1703 1015 1758 silentii
1029 1702 1111 1757 istius
1124 1718 1185 1756 esse

91 1789 181 1842 posse
193 1772 379 1842 beneficium,
395 1789 428 1829 ut
441 1775 619 1848 praescripta
632 1774 782 1848 pontificia
795 1775 832 1829 ad
845 1792 915 1830 usus
927 1775 1081 1846 quosdam,
1093 1789 1185 1847 perse

88 1843 253 1914 legitimos,
278 1846 450 1918 praesertim
472 1846 495 1901 si
518 1847 766 1902 immemorabiles
779 1845 897 1915 fuerint,
911 1847 1070 1920 prudenter
1084 1858 1186 1900 attem-

87 1929 244 1987 perentur.

87 2139 156 2224 12.
181 2187 225 2200 w
247 2153 283 2223 8.
308 2154 344 2223 G.
369 2155 716 2224 lunulaentlnnun
744 2155 796 2223 ΕΪ
827 2154 888 2224 88.
920 2153 1184 2224 petronianum

389 2314 613 2369 DEGRHTUM
630 2316 668 2369 18
686 2315 789 2394 titan
805 2314 888 2368 1902

212 2454 266 2510 De
287 2455 521 2527 indulgentiis
539 2456 798 2512 Tertiariornm
817 2456 1051 2511 saecularium
1138 2524 1141 2530 ι

127 2603 173 2656 De
188 2600 457 2656 communicatione
469 2601 723 2673 indulgentiarum
734 2615 763 2657 et
771 2601 932 2673 gratiarum
942 2600 1017 2657 inter
1026 2601 1186 2656 Tertiarios

89 2672 258 2728 saeculares
275 2672 456 2727 diversorum
479 2673 626 2728 Ordinum
640 2672 712 2728 haec
732 2673 761 2729 S.
777 2672 973 2745 Congregatio
995 2672 1186 2745 indulgentiis

88 2745 250 2816 Sacrisque
274 2743 416 2816 Reliquiis
438 2745 603 2817 praeposita
625 2757 755 2800 mentem
776 2762 860 2800 suam
884 2745 943 2815 jam
966 2743 1033 2798 satis
1061 2743 1184 2815 aperuit.

90 2814 193 2870 Dubio
215 2814 295 2869 enim
308 2815 480 2887 proposito:
496 2838 512 2867 «
529 2818 646 2880 Utrum,
671 2817 796 2889 demptis
816 2815 966 2871 Tertiariis
989 2816 1186 2870 saecularibus

89 2887 119 2941 S.
139 2886 290 2941 Francisci
305 2900 333 2941 et
351 2904 503 2941 servorum
518 2889 552 2942 B.
569 2887 680 2943 Mariae
699 2886 838 2959 Virginis,
854 2887 961 2957 quibus
974 2902 1025 2957 per
1038 2887 1186 2941 Constitu·

87 2958 205 3013 tionem
219 2958 398 3013 Misericors
412 2958 473 3013 Dei
487 2960 516 3013 F
516 2959 586 3013 ilius
597 2973 624 3013 et
636 2960 821 3031 Rescriptum
830 2958 886 3013 dici
905 2959 934 3013 15
946 2958 1107 3012 decembris
1120 2958 1185 3013 1883

88 3028 251 3102 respective
275 3030 427 3102 provisum
452 3043 504 3097 est,
533 3030 668 3085 Tertiarii
698 3031 860 3086 saeculares
886 3029 1012 3084 aliorum
1041 3028 1187 3084 Ordinum

87 3102 240 3173 gaudeant
268 3101 537 3157 communicatione
564 3103 820 3174 Indulgentiarum
843 3100 903 3156 sive
928 3118 997 3155 cum
1027 3100 1186 3172 respectivo

89 3172 204 3227 Ordine
217 3172 254 3226 ad
268 3188 357 3243 quem
370 3172 527 3245 pertinent,
540 3172 599 3229 sive
615 3192 683 3229 cum
696 3174 761 3229 aliis
778 3171 928 3228 Tertiariis
942 3184 971 3226 et
986 3188 1089 3227 eorum
1103 3172 1188 3227 Ordi-

88 3243 199 3299 nibusl
226 3265 242 3295 a
273 3244 355 3298 Haec
377 3245 407 3298 S.
432 3244 627 3315 Congregatio
655 3246 701 3300 die
726 3247 756 3301 31
783 3242 908 3299 ianuarii
932 3244 997 3315 1893
1017 3243 1186 3315 respondit:

87 3336 103 3365 «
122 3315 277 3387 Negative‚
293 3316 349 3369 nisi
362 3329 475 3370 constet
488 3316 524 3370 de
537 3316 655 3389 speciali
670 3316 799 3371 lndulto.
814 3337 830 3366 n

125 3398 333 3454 Nihilominus
358 3397 437 3451 haud
460 3398 555 3453 multo
578 3411 644 3471 post
665 3400 702 3453 ad
722 3399 846 3455 eandem
868 3399 898 3453 S.
924 3398 1188 3469 Congregationem

90 3472 190 3527 denuo
204 3486 332 3543 sequens
346 3469 469 3524 dubium
485 3470 539 3524 luit
552 3470 700 3526 delatum:

126 3555 239 3610 Utrum
265 3554 350 3608 detur
372 3552 447 3607 inter
471 3552 632 3610 Tertiarios
660 3555 843 3609 diversorum
868 3551 1015 3607 Ordinum
1040 3552 1189 3627 reciproca

91 3624 325 3681 communicatio
353 3624 606 3695 Indulgentiarum
631 3639 659 3681 et
687 3624 846 3699 gratiarum
875 3623 1021 3679 Ordinum
1052 3624 1089 3677 ad
1114 3639 1189 3696 quos

91 3696 229 3752 Tertiarii
243 3696 299 3769 ipsi
314 3696 483 3769 pertinenti

126 3783 164 3836 Et
182 3778 416 3835 Eminenrissimi
430 3781 539 3848 Patres,
555 3779 584 3834 in
596 3779 781 3852 generalibus
791 3776 926 3847 comitiis,
939 3780 1017 3851 apud
1032 3776 1189 3833 Vaticanas

92 3854 179 3907 aedes
192 3850 300 3907 habitis
314 3850 360 3905 die
378 3851 406 3905 15
421 3850 483 3906 iulii
502 3871 578 3925 1902,
594 3852 810 3927 responderunt
825 3870 831 3905 :

128 3939 162 3990 ln
188 3934 294 3991 decisis
316 3935 346 3989 in
370 3935 503 3990 Generali
527 3935 761 4009 congregatione
783 3932 840 3988 diei
862 3934 890 3989 31
917 3933 1041 3989 ianuarii
1067 3935 1132 4007 1893
1153 3934 1189 3989 ad

97 4006 221 4063 dubium
235 4025 293 4072 xvr,
310 4017 339 4061 et
362 4007 587 4079 supplicandum
615 4008 692 4063 SSm0
711 4020 744 4059 ut
763 4005 886 4077 singulis
897 4005 1004 4060 Tertiis
1017 4006 1188 4071 Ordinibus

97 4080 210 4134 sublata
225 4078 366 4150 qualibet,
390 4080 478 4133 etiam
490 4078 608 4151 speciali
625 4078 743 4132 lndulto
765 4093 912 4145 concessa,
936 4077 1190 4148 Indulgentiarum

99 4149 376 4213 communicatione,
396 4151 549 4222 providere
571 4151 706 4224 dignetur
728 4165 780 4228 per
801 4148 1022 4204 concessionem
1045 4149 1081 4202 ad
1099 4148 1190 4203 instar

98 4218 175 4276 illius
188 4238 266 4293 quae
287 4221 361 4275 sacta
376 4234 419 4275 est
433 4220 531 4277 favore
553 4222 644 4278 Tertii
669 4220 788 4276 Ordinis
807 4221 838 4275 S.
858 4219 1003 4275 Francisci
1023 4237 1074 4292 per
1098 4221 1190 4275 Breve

98 4291 159 4360 Qui
174 4291 280 4363 malta,
295 4292 352 4347 diei
370 4310 386 4363 7
402 4294 573 4367 septembris
593 4312 653 4367 ¹90¹
669 4314 676 4362 3
691 4306 720 4348 et
736 4291 773 4346 ad
790 4303 929 4347 mentem.
942 4323 978 4331 —
991 4292 1076 4347 Mens
1090 4305 1190 4347 autem

1237 1047 1298 1095 Dies
1312 1053 1338 1107 (8
1348 1051 1399 1097 ian.

1237 1108 1318 1165 1904)-

1273 2640 1396 2687 Memora·

1242 2699 1274 2744 tis
1301 2700 1405 2756 superio-

1244 2755 1312 2802 ribas
1323 2758 1385 2802 aclis

1241 2818 1262 2858 et
1285 2813 1404 2870 responsis

1242 2869 1269 2916 dr
1281 2884 1386 2917 commu·

1241 2930 1361 2975 nicotiana

1242 2985 1404 3044 indulgentia·

1241 3058 1304 3103 rum,

1272 3363 1379 3409 iteratae

1242 3422 1381 3479 quaestioni

1243 3488 1270 3524 aa
1285 3478 1329 3524 iac
1344 3491 1404 3524 com-

1243 3537 1386 3582 manicatio·

1242 3608 1323 3697 m’ffle
1331 3666 1360 3708 19

1244 3708 1300 3755 iulii
1311 3724 1369 3767 190²

1242 3766 1374 3870 ἕῑερηάι·

1260 3909 1308 3973 ¹In
1332 3907 1405 3956 deci-

1244 3980 1291 4018 sis.
1314 3966 1353 4013 sed
1371 3969 1406 4013 si-

1243 4024 1292 4070 mal
1321 4024 1406 4084 suppli-

1245 4081 1348 4134 candum

1244 4139 1405 4187 Sanctissimo

1244 4202 1269 4244 ut
1285 4198 1403 4255 indulgen-

1246 4257 1296 4302 tias
1322 4255 1406 4302 directe

1244 4314 1363 4361 concedat.
