2959 4900
529 369 616 404 ousia
633 368 718 403 varta
1110 344 1169 407 ll‘l

232 537 714 623 SUPPLEMENTUM
748 533 1024 618 DECIMUM

430 749 483 815 nrt
512 747 653 814 vaurts
685 747 822 814 DUBIIS

133 933 160 1001 I.
187 934 243 1000 De
257 933 397 1023 speciali
411 933 487 1000 iure
498 932 720 1023 paupertatis
741 953 810 1022 quo
833 939 982 998 utuntur
1004 926 1185 1018 Religiosi‘

86 1023 203 1111 Belgit'
224 1031 256 1090 et
278 1022 500 1091 Hollandiae.

132 1131 377 1215 quaestionis
399 1130 565 1195 occasio.
595 1161 636 1173 -
666 1122 839 1209 Quamvis
859 1123 902 1190 de
928 1122 962 1189 vi
993 1120 1124 1189 Indulti
1152 1140 1172 1187 a

88 1217 209 1281 Leone
224 1213 319 1281 XIII
339 1213 573 1300 Regularibus
591 1211 704 1301 Belgii
721 1212 876 1280 concessi
893 1211 963 1279 iam
981 1211 1173 1278 dixerimus

84 1306 124 1371 in
140 1305 386 1390 supplemento
402 1319 511 1387 sexto,
525 1316 548 1368 t.
575 1324 607 1379 2,
624 1325 658 1389 p.
672 1324 716 1390 77
732 1317 767 1368 et
782 1323 827 1370 ss.
843 1302 929 1369 etin
945 1300 1170 1384 duodecimo,

85 1417 120 1474 p.
153 1391 213 1459 180
240 1410 272 1458 et
303 1413 366 1472 ss,
396 1391 445 1456 rei
478 1412 700 1457 momentum
732 1406 766 1458 et
792 1389 989 1458 cotidianus
1019 1409 1105 1457 usus
1135 1387 1172 1455 id

85 1482 216 1550 habent
238 1493 276 1548 ut
302 1501 415 1547 novae
442 1482 601 1546 otiantur
624 1481 861 1548 dubitationes
887 1480 931 1546 de
959 1479 1089 1569 quibus
1116 1477 1172 1544 hic

86 1572 237 1639 breviter
252 1569 366 1636 dicere
382 1568 487 1636 nobis
503 1569 540 1636 in
556 1569 675 1636 animo
691 1583 754 1636 est.

131 1690 191 1753 De
204 1688 418 1773 Superioris
432 1689 641 1770 potestate.
661 1719 700 1731 -
719 1682 910 1768 Quaeritur
925 1696 1047 1749 utrum
1063 1700 1173 1748 necne

89 1772 199 1862 possit
217 1769 387 1860 Superior
404 1771 586 1859 religiosos
613 1770 801 1858 prohibere
824 1792 868 1839 ne
892 1771 1076 1860 quidpiam
1092 1771 1171 1855 sibi,

88 1864 230 1929 excluso
252 1860 480 1943 monasterio,
499 1861 681 1948 acquirant
703 1860 870 1950 religiosi,
888 1878 1022 1949 praeter
1038 1860 1173 1928 heredi·

89 1967 174 2019 tates
190 1966 224 2018 et
239 1953 351 2038 legata
366 1953 421 2015 vel
437 1949 531 2038 dona
547 1950 904 2039 consanguineorum.

133 2062 408 2151 Respondemus
422 2060 459 2127 id
475 2082 550 2128 non
564 2077 702 2129 tantum
714 2061 790 2128 lieri
807 2083 919 2149 posse,
933 2062 1174 2130 verumetiam

88 2174 163 2220 esse
191 2152 379 2220 laudabile.
413 2150 499 2217 Ideo
515 2151 610 2217 enim
626 2167 678 2218 est
701 2151 1109 2219 indultumconcessum
1136 2164 1175 2218 ut

88 2240 181 2310 civili
214 2241 461 2330 religiosorum
487 2239 993 2329 prospiriatur'incolumitati,
1026 2241 1174 2307 mInime

89 2348 206 2398 autem
223 2345 262 2397 ut
289 2330 452 2420 perdatur
467 2333 537 2396 vita
568 2331 783 2416 communis,
812 2332 868 2397 cui
891 2346 1071 2418 tantopere
1087 2332 1176 2397 iavet

91 2419 126 2490 S.
158 2419 280 2489 Sedes.
314 2420 390 2486 Iam
417 2436 499 2486 veto
528 2418 647 2486 multis
670 2419 811 2508 privatIs
834 2419 1116 2510 possessionibus
1131 2419 1176 2488 de

90 2512 152 2577 hac
183 2510 341 2599 derogari
370 2510 450 2597 quis
476 2530 550 2576 non
578 2509 698 2576 vidett
721 2509 854 2595 Quare,
880 2532 961 2578 cum
985 2531 1059 2575 non
1075 2510 1176 2577 liceat

92 2600 262 2689 religiosis
294 2598 406 2687 Belgii
438 2599 491 2665 vel
534 2597 747 2665 Hollandiae
779 2599 961 2687 quidpiam
995 2600 1174 2688 acquirere

93 2688 156 2755 nisi
174 2687 411 2776 dependenter
427 2709 447 2754 a
465 2685 726 2773 Superioribus,
744 2688 870 2755 merito
883 2704 1054 2777 negantur
1072 2690 1174 2755 licen·

94 2778 156 2844 tiae
182 2798 272 2879 quae
304 2778 486 2865 religiosae
512 2776 601 2843 vitae
634 2792 666 2843 et
697 2778 912 2866 paupertatis
938 2779 1074 2867 spiritui
1106 2779 1176 2845 sint

94 2881 288 2933 contrariae.

135 2986 189 3050 De
204 2986 380 3049 efficacia
392 2985 674 3067 prohibitionis.
693 3017 733 3029 -
753 2978 942 3065 Quaeritur
957 3002 1045 3047 num
1062 2980 1176 3068 dispo·

98 3068 169 3135 sitio
195 3069 282 3135 iacta
309 3092 329 3133 a
356 3069 530 3156 religuosis
545 3090 619 3133 non
635 3071 873 3156 dependenter
890 3091 909 3135 a
926 3068 1175 3158 Superioribus

99 3157 137 3222 sit
150 3179 241 3223 mere
258 3157 437 3246 prohibita
455 3179 499 3223 an
515 3157 621 3223 etiam
637 3157 801 3226 invalida.

140 3270 420 3358 Respondemus,
435 3269 691 3356 prohibitiones
705 3270 938 3359 Superiorum
951 3273 1006 3338 vel
1019 3273 1177 3341 licentiae

101 3357 265 3425 deiectum
289 3361 398 3427 valoti
426 3378 569 3426 actuum
591 3382 667 3426 non
692 3360 843 3428 obstare.
868 3362 1064 3430 Memorato
1081 3364 1175 3430 enim

104 3446 235 3516 Indulto
251 3448 406 3515 aufertur
421 3450 579 3515 absolute
595 3448 797 3516 inhabilitas
814 3451 1030 3539 regularium
1045 3477 1053 3537 3
1080 3452 1173 3535 dein,

100 3539 187 3622 quod
203 3538 244 3604 ad
262 3560 381 3623 usum,
396 3537 538 3604 obnoxii
556 3537 721 3604 dicuntur
737 3539 810 3606 suis
828 3538 1088 3628 Superioribus.
1106 3540 1175 3609 Sed

99 3640 186 3693 actus
201 3648 370 3716 personae
400 3627 526 3695 habilis
553 3647 615 3715 per
642 3649 678 3694 se
705 3631 805 3708 valet,
837 3630 902 3696 nisi
933 3630 1176 3719 pronuntietur

101 3713 168 3781 eius
182 3718 333 3784 nullitas.

111 3913 117 3924 .
145 3826 192 3895 ll.
205 3830 257 3896 De
273 3827 399 3896 litteris
415 3829 697 3896 testimonialibus
707 3831 866 3920 petendis
882 3842 961 3899 unte
977 3834 1176 3921 ingressum

106 3934 138 3977 tn
158 3916 356 3986 [nstitutum
381 3918 595 4007 religiosum.

149 4015 329 4115 Perspicua
367 4020 454 4086 iuris
492 4021 670 4088 sanctione
705 4021 935 4109 prohibentur
971 4022 1177 4112 Superiores

108 4104 245 4202 religiosi
273 4108 477 4198 quempiam
504 4109 547 4175 ad
575 4108 735 4178 habitum
767 4111 960 4199 admittere,
989 4129 1177 4202 antequam

109 4190 225 4290 litteras
239 4198 429 4266 obtinuerit
443 4198 697 4266 testimoniales
714 4199 988 4269 Ordinatiorum
1005 4225 1086 4269 cum
1110 4205 1178 4271 ori·

112 4284 192 4365 ginis
204 4301 276 4355 tum
292 4291 452 4357 locorum
468 4288 630 4356 omnium
646 4289 684 4355 in
700 4289 829 4378 quibus
846 4292 1046 4381 postuletne,
1065 4293 1101 4359 15
1119 4316 1177 4361 an·
