<?xml version="1.0" encoding="UTF-8"?>
<!DOCTYPE html PUBLIC "-//W3C//DTD XHTML 1.0 Transitional//EN"
    "http://www.w3.org/TR/xhtml1/DTD/xhtml1-transitional.dtd">
<html xmlns="http://www.w3.org/1999/xhtml" xml:lang="en" lang="en">
 <head>
  <title>
</title>
<meta http-equiv="Content-Type" content="text/html;charset=utf-8" />
  <meta name='ocr-system' content='tesseract 3.04.00' />
  <meta name='ocr-capabilities' content='ocr_page ocr_carea ocr_par ocr_line ocrx_word'/>
</head>
<body>
  <div class='ocr_page' id='page_1' title='image "./dereligiosisins01vermgoog_0092.png"; bbox 0 0 2959 4900; ppageno 0'>
   <div class='ocr_carea' id='block_1_1' title="bbox 289 259 924 322">
    <p class='ocr_par' dir='ltr' id='par_1_1' title="bbox 289 259 924 322">
     <span class='ocr_line' id='line_1_1' title="bbox 289 259 924 322; baseline -0.006 0"><span class='ocrx_word' id='word_1_1' title='bbox 289 259 329 322; x_wconf 78' lang='grc'><strong>84</strong></span> <span class='ocrx_word' id='word_1_2' title='bbox 741 279 924 320; x_wconf 67' lang='lat' dir='ltr'><strong>nostratuum</strong></span> 
     </span>
    </p>
   </div>
   <div class='ocr_carea' id='block_1_2' title="bbox 289 409 1450 822">
    <p class='ocr_par' dir='ltr' id='par_1_2' title="bbox 289 409 1450 822">
     <span class='ocr_line' id='line_1_2' title="bbox 291 409 1372 495; baseline 0 -28"><span class='ocrx_word' id='word_1_3' title='bbox 291 414 325 468; x_wconf 89' lang='lat' dir='ltr'><strong>P.</strong></span> <span class='ocrx_word' id='word_1_4' title='bbox 342 412 489 474; x_wconf 84' lang='lat' dir='ltr'><strong>Palmieri‚</strong></span> <span class='ocrx_word' id='word_1_5' title='bbox 504 413 535 468; x_wconf 87' lang='lat' dir='ltr'><strong>S.</strong></span> <span class='ocrx_word' id='word_1_6' title='bbox 550 413 574 469; x_wconf 93' lang='grc'><strong>1.</strong></span> <span class='ocrx_word' id='word_1_7' title='bbox 596 423 749 486; x_wconf 85' lang='lat' dir='ltr'>tamquam</span> <span class='ocrx_word' id='word_1_8' title='bbox 762 409 792 470; x_wconf 88' lang='lat' dir='ltr'><strong>S.</strong></span> <span class='ocrx_word' id='word_1_9' title='bbox 807 413 1048 495; x_wconf 78' lang='lat' dir='ltr'><strong>Congregationis</strong></span> <span class='ocrx_word' id='word_1_10' title='bbox 1066 414 1227 482; x_wconf 90' lang='lat' dir='ltr'><strong>consultor,</strong></span> <span class='ocrx_word' id='word_1_11' title='bbox 1240 414 1372 469; x_wconf 88' lang='lat' dir='ltr'><strong>dissolve·</strong></span> 
     </span>
     <span class='ocr_line' id='line_1_3' title="bbox 289 482 1450 567; baseline -0.001 -28"><span class='ocrx_word' id='word_1_12' title='bbox 289 484 339 540; x_wconf 92' lang='lat' dir='ltr'><strong>bat</strong></span> <span class='ocrx_word' id='word_1_13' title='bbox 357 482 481 560; x_wconf 87' lang='lat' dir='ltr'><strong>dubium</strong></span> <span class='ocrx_word' id='word_1_14' title='bbox 495 483 585 556; x_wconf 86' lang='lat' dir='ltr'><strong>prius,</strong></span> <span class='ocrx_word' id='word_1_15' title='bbox 600 485 636 540; x_wconf 92' lang='lat' dir='ltr'><strong>de</strong></span> <span class='ocrx_word' id='word_1_16' title='bbox 648 502 709 557; x_wconf 92' lang='lat' dir='ltr'><strong>quo</strong></span> <span class='ocrx_word' id='word_1_17' title='bbox 721 485 752 540; x_wconf 91' lang='lat' dir='ltr'><strong>S.</strong></span> <span class='ocrx_word' id='word_1_18' title='bbox 767 485 963 567; x_wconf 82' lang='lat' dir='ltr'><strong>Congregatto</strong></span> <span class='ocrx_word' id='word_1_19' title='bbox 976 484 1150 544; x_wconf 84' lang='lat' dir='ltr'>sententiam</span> <span class='ocrx_word' id='word_1_20' title='bbox 1163 483 1257 542; x_wconf 85' lang='lat' dir='ltr'><strong>dicere</strong></span> <span class='ocrx_word' id='word_1_21' title='bbox 1270 484 1371 540; x_wconf 87' lang='lat' dir='ltr'><strong>noluit.</strong></span> <span class='ocrx_word' id='word_1_22' title='bbox 1449 533 1450 552; x_wconf 74' lang='lat'><strong>,</strong></span> 
     </span>
     <span class='ocr_line' id='line_1_4' title="bbox 292 554 1373 629; baseline -0.001 -19"><span class='ocrx_word' id='word_1_23' title='bbox 292 555 369 612; x_wconf 92' lang='lat' dir='ltr'><strong>lllud</strong></span> <span class='ocrx_word' id='word_1_24' title='bbox 393 565 501 621; x_wconf 85' lang='lat' dir='ltr'><strong>autem,</strong></span> <span class='ocrx_word' id='word_1_25' title='bbox 522 554 622 628; x_wconf 80' lang='lat' dir='ltr'><strong>paucis</strong></span> <span class='ocrx_word' id='word_1_26' title='bbox 634 554 769 629; x_wconf 87' lang='lat' dir='ltr'><strong>demptis,</strong></span> <span class='ocrx_word' id='word_1_27' title='bbox 784 571 819 611; x_wconf 80' lang='lat' dir='ltr'><strong>ex</strong></span> <span class='ocrx_word' id='word_1_28' title='bbox 838 557 935 613; x_wconf 85' lang='lat' dir='ltr'><strong>rtalrco</strong></span> <span class='ocrx_word' id='word_1_29' title='bbox 954 557 1094 614; x_wconf 87' lang='lat' dir='ltr'><strong>idiomate</strong></span> <span class='ocrx_word' id='word_1_30' title='bbox 1112 555 1151 612; x_wconf 90' lang='lat' dir='ltr'><strong>ita</strong></span> <span class='ocrx_word' id='word_1_31' title='bbox 1174 555 1298 612; x_wconf 89' lang='lat' dir='ltr'><strong>reddere</strong></span> <span class='ocrx_word' id='word_1_32' title='bbox 1315 571 1373 611; x_wconf 88' lang='lat' dir='ltr'><strong>esse</strong></span> 
     </span>
     <span class='ocr_line' id='line_1_5' title="bbox 291 624 1374 700; baseline -0.005 -17"><span class='ocrx_word' id='word_1_33' title='bbox 291 646 309 683; x_wconf 93' lang='lat' dir='ltr'><strong>o</strong></span> <span class='ocrx_word' id='word_1_34' title='bbox 331 644 397 684; x_wconf 91' lang='lat' dir='ltr'><strong>erae</strong></span> <span class='ocrx_word' id='word_1_35' title='bbox 412 624 539 700; x_wconf 91' lang='lat' dir='ltr'><strong>pretium</strong></span> <span class='ocrx_word' id='word_1_36' title='bbox 557 626 671 683; x_wconf 89' lang='lat' dir='ltr'><strong>videtur</strong></span> <span class='ocrx_word' id='word_1_37' title='bbox 693 627 864 700; x_wconf 89' lang='lat' dir='ltr'><strong>praesertim</strong></span> <span class='ocrx_word' id='word_1_38' title='bbox 885 644 954 686; x_wconf 92' lang='lat' dir='ltr'><strong>cum</strong></span> <span class='ocrx_word' id='word_1_39' title='bbox 972 627 1094 685; x_wconf 86' lang='lat' dir='ltr'><strong>disserat</strong></span> <span class='ocrx_word' id='word_1_40' title='bbox 1106 629 1142 684; x_wconf 91' lang='lat' dir='ltr'><strong>de</strong></span> <span class='ocrx_word' id='word_1_41' title='bbox 1163 643 1233 688; x_wconf 83' lang='lat' dir='ltr'><strong>casu</strong></span> <span class='ocrx_word' id='word_1_42' title='bbox 1244 647 1261 677; x_wconf 85' lang='lat'>«</span> <span class='ocrx_word' id='word_1_43' title='bbox 1273 643 1374 682; x_wconf 89' lang='lat' dir='ltr'><strong>neura·</strong></span> 
     </span>
     <span class='ocr_line' id='line_1_6' title="bbox 291 645 1375 822; baseline -0.004 -68"><span class='ocrx_word' id='word_1_44' title='bbox 291 645 421 754; x_wconf 52' lang='lat' dir='ltr'><strong>stireniae</strong></span> <span class='ocrx_word' id='word_1_45' title='bbox 434 717 464 765; x_wconf 65' lang='grc' dir='ltr'><strong>»ς</strong></span> <span class='ocrx_word' id='word_1_46' title='bbox 480 697 562 769; x_wconf 93' lang='lat' dir='ltr'><strong>quod</strong></span> <span class='ocrx_word' id='word_1_47' title='bbox 574 697 701 753; x_wconf 87' lang='lat' dir='ltr'><strong>maxime</strong></span> <span class='ocrx_word' id='word_1_48' title='bbox 713 698 750 752; x_wconf 90' lang='lat' dir='ltr'><strong>ad</strong></span> <span class='ocrx_word' id='word_1_49' title='bbox 763 715 852 756; x_wconf 88' lang='lat' dir='ltr'><strong>usum</strong></span> <span class='ocrx_word' id='word_1_50' title='bbox 871 698 965 756; x_wconf 88' lang='lat' dir='ltr'><strong>facere</strong></span> <span class='ocrx_word' id='word_1_51' title='bbox 982 711 1087 772; x_wconf 89' lang='lat' dir='ltr'><strong>potest.</strong></span> <span class='ocrx_word' id='word_1_52' title='bbox 1103 697 1293 756; x_wconf 77' lang='lat' dir='ltr'><strong>«Mutandae</strong></span> <span class='ocrx_word' id='word_1_53' title='bbox 1308 697 1375 822; x_wconf 59' lang='lat' dir='ltr'><strong>lepis</strong></span> 
     </span>
    </p>
   </div>
   <div class='ocr_carea' id='block_1_3' title="bbox 215 767 1453 3549">
    <p class='ocr_par' dir='ltr' id='par_1_3' title="bbox 292 767 1451 1698">
     <span class='ocr_line' id='line_1_7' title="bbox 292 767 1375 829; baseline -0.004 -3"><span class='ocrx_word' id='word_1_54' title='bbox 292 770 405 826; x_wconf 90' lang='lat' dir='ltr'><strong>nullam</strong></span> <span class='ocrx_word' id='word_1_55' title='bbox 424 768 509 824; x_wconf 89' lang='lat' dir='ltr'><strong>video</strong></span> <span class='ocrx_word' id='word_1_56' title='bbox 518 768 674 827; x_wconf 88' lang='lat' dir='ltr'><strong>rationem.</strong></span> <span class='ocrx_word' id='word_1_57' title='bbox 691 769 752 824; x_wconf 84' lang='lat' dir='ltr'><strong>Lex</strong></span> <span class='ocrx_word' id='word_1_58' title='bbox 761 767 880 826; x_wconf 88' lang='lat' dir='ltr'><strong>definite</strong></span> <span class='ocrx_word' id='word_1_59' title='bbox 890 769 975 829; x_wconf 89' lang='lat' dir='ltr'><strong>dicit:</strong></span> <span class='ocrx_word' id='word_1_60' title='bbox 991 791 1007 822; x_wconf 81' lang='lat' dir='ltr'><strong>a</strong></span> <span class='ocrx_word' id='word_1_61' title='bbox 1023 772 1119 827; x_wconf 88' lang='lat' dir='ltr'><strong>Nemo</strong></span> <span class='ocrx_word' id='word_1_62' title='bbox 1140 787 1173 828; x_wconf 86' lang='lat' dir='ltr'><strong>ex</strong></span> <span class='ocrx_word' id='word_1_63' title='bbox 1192 786 1278 826; x_wconf 90' lang='lat' dir='ltr'><strong>causa</strong></span> <span class='ocrx_word' id='word_1_64' title='bbox 1299 768 1330 823; x_wconf 93' lang='lat' dir='ltr'><strong>in</strong></span> <span class='ocrx_word' id='word_1_65' title='bbox 1353 787 1375 822; x_wconf 93' lang='lat' dir='ltr'><strong>r-</strong></span> 
     </span>
     <span class='ocr_line' id='line_1_8' title="bbox 292 839 1375 916; baseline 0.001 -24"><span class='ocrx_word' id='word_1_66' title='bbox 292 863 308 893; x_wconf 91' lang='lat'>«</span> <span class='ocrx_word' id='word_1_67' title='bbox 328 841 436 896; x_wconf 88' lang='lat' dir='ltr'><strong>mitatis</strong></span> <span class='ocrx_word' id='word_1_68' title='bbox 458 852 524 912; x_wconf 91' lang='lat' dir='ltr'><strong>post</strong></span> <span class='ocrx_word' id='word_1_69' title='bbox 549 839 762 912; x_wconf 83' lang='lat' dir='ltr'><strong>professionem</strong></span> <span class='ocrx_word' id='word_1_70' title='bbox 786 854 924 899; x_wconf 91' lang='lat' dir='ltr'><strong>votorum</strong></span> <span class='ocrx_word' id='word_1_71' title='bbox 949 841 1128 916; x_wconf 90' lang='lat' dir='ltr'><strong>simplicium</strong></span> <span class='ocrx_word' id='word_1_72' title='bbox 1158 839 1375 914; x_wconf 89' lang='lat' dir='ltr'><strong>superveniente</strong></span> 
     </span>
     <span class='ocr_line' id='line_1_9' title="bbox 292 911 1375 984; baseline 0.001 -20"><span class='ocrx_word' id='word_1_73' title='bbox 292 934 308 965; x_wconf 87' lang='lat'><strong>‹&lt;</strong></span> <span class='ocrx_word' id='word_1_74' title='bbox 327 912 435 968; x_wconf 90' lang='lat' dir='ltr'><strong>dimitti</strong></span> <span class='ocrx_word' id='word_1_75' title='bbox 447 911 562 984; x_wconf 92' lang='lat' dir='ltr'><strong>poterit.</strong></span> <span class='ocrx_word' id='word_1_76' title='bbox 582 932 599 964; x_wconf 80' lang='grc'><strong>1)</strong></span> <span class='ocrx_word' id='word_1_77' title='bbox 621 913 654 966; x_wconf 88' lang='lat' dir='ltr'><strong>ln</strong></span> <span class='ocrx_word' id='word_1_78' title='bbox 667 911 730 983; x_wconf 83' lang='lat' dir='ltr'><strong>lege</strong></span> <span class='ocrx_word' id='word_1_79' title='bbox 752 928 813 968; x_wconf 90' lang='lat' dir='ltr'><strong>non</strong></span> <span class='ocrx_word' id='word_1_80' title='bbox 838 911 870 968; x_wconf 87' lang='lat' dir='ltr'><strong>fit</strong></span> <span class='ocrx_word' id='word_1_81' title='bbox 883 930 980 970; x_wconf 86' lang='lat' dir='ltr'><strong>sermo</strong></span> <span class='ocrx_word' id='word_1_82' title='bbox 993 911 1048 969; x_wconf 92' lang='lat' dir='ltr'><strong>nisi</strong></span> <span class='ocrx_word' id='word_1_83' title='bbox 1071 914 1108 969; x_wconf 92' lang='lat' dir='ltr'><strong>de</strong></span> <span class='ocrx_word' id='word_1_84' title='bbox 1121 911 1290 968; x_wconf 86' lang='lat' dir='ltr'><strong>infirmitate</strong></span> <span class='ocrx_word' id='word_1_85' title='bbox 1303 928 1375 984; x_wconf 88' lang='lat' dir='ltr'><strong>quae</strong></span> 
     </span>
     <span class='ocr_line' id='line_1_10' title="bbox 292 981 1375 1059; baseline -0.003 -19"><span class='ocrx_word' id='word_1_86' title='bbox 292 996 358 1059; x_wconf 92' lang='lat' dir='ltr'><strong>post</strong></span> <span class='ocrx_word' id='word_1_87' title='bbox 370 981 548 1056; x_wconf 88' lang='lat' dir='ltr'><strong>simplicium</strong></span> <span class='ocrx_word' id='word_1_88' title='bbox 569 993 707 1038; x_wconf 86' lang='lat' dir='ltr'><strong>votorum</strong></span> <span class='ocrx_word' id='word_1_89' title='bbox 720 982 933 1056; x_wconf 82' lang='lat' dir='ltr'><strong>professionem</strong></span> <span class='ocrx_word' id='word_1_90' title='bbox 955 984 1105 1042; x_wconf 89' lang='lat' dir='ltr'><strong>inciderit:</strong></span> <span class='ocrx_word' id='word_1_91' title='bbox 1126 984 1148 1039; x_wconf 91' lang='lat' dir='ltr'><strong>si</strong></span> <span class='ocrx_word' id='word_1_92' title='bbox 1168 1001 1226 1057; x_wconf 91' lang='lat' dir='ltr'><strong>qua</strong></span> <span class='ocrx_word' id='word_1_93' title='bbox 1246 995 1375 1057; x_wconf 90' lang='lat' dir='ltr'><strong>tempore</strong></span> 
     </span>
     <span class='ocr_line' id='line_1_11' title="bbox 292 1052 1375 1130; baseline -0.003 -20"><span class='ocrx_word' id='word_1_94' title='bbox 292 1057 373 1130; x_wconf 91' lang='lat' dir='ltr'><strong>prior</strong></span> <span class='ocrx_word' id='word_1_95' title='bbox 397 1053 494 1123; x_wconf 90' lang='lat' dir='ltr'><strong>fuerit,</strong></span> <span class='ocrx_word' id='word_1_96' title='bbox 521 1052 692 1127; x_wconf 85' lang='lat' dir='ltr'><strong>Superiores</strong></span> <span class='ocrx_word' id='word_1_97' title='bbox 708 1055 819 1112; x_wconf 89' lang='lat' dir='ltr'><strong>solutas</strong></span> <span class='ocrx_word' id='word_1_98' title='bbox 836 1055 905 1112; x_wconf 92' lang='lat' dir='ltr'><strong>sinit</strong></span> <span class='ocrx_word' id='word_1_99' title='bbox 927 1056 1035 1113; x_wconf 91' lang='lat' dir='ltr'><strong>habere</strong></span> <span class='ocrx_word' id='word_1_100' title='bbox 1058 1073 1172 1112; x_wconf 90' lang='lat' dir='ltr'><strong>manus.</strong></span> <span class='ocrx_word' id='word_1_101' title='bbox 1195 1053 1375 1110; x_wconf 90' lang='lat' dir='ltr'><strong>lnhaerendo</strong></span> 
     </span>
     <span class='ocr_line' id='line_1_12' title="bbox 292 1125 1376 1199; baseline -0.004 -16"><span class='ocrx_word' id='word_1_102' title='bbox 292 1127 387 1183; x_wconf 86' lang='lat' dir='ltr'><strong>verbis</strong></span> <span class='ocrx_word' id='word_1_103' title='bbox 399 1125 480 1197; x_wconf 87' lang='lat' dir='ltr'><strong>legis,</strong></span> <span class='ocrx_word' id='word_1_104' title='bbox 495 1125 519 1180; x_wconf 93' lang='lat' dir='ltr'><strong>si</strong></span> <span class='ocrx_word' id='word_1_105' title='bbox 531 1125 662 1195; x_wconf 87' lang='lat' dir='ltr'><strong>morbus,</strong></span> <span class='ocrx_word' id='word_1_106' title='bbox 678 1139 746 1181; x_wconf 91' lang='lat' dir='ltr'><strong>ante</strong></span> <span class='ocrx_word' id='word_1_107' title='bbox 757 1125 969 1199; x_wconf 82' lang='lat' dir='ltr'><strong>professionem</strong></span> <span class='ocrx_word' id='word_1_108' title='bbox 987 1125 1135 1195; x_wconf 87' lang='lat' dir='ltr'><strong>exsistens,</strong></span> <span class='ocrx_word' id='word_1_109' title='bbox 1150 1126 1302 1181; x_wconf 85' lang='lat' dir='ltr'><strong>dumtaxat</strong></span> <span class='ocrx_word' id='word_1_110' title='bbox 1314 1135 1376 1198; x_wconf 88' lang='lat' dir='ltr'><strong>post</strong></span> 
     </span>
     <span class='ocr_line' id='line_1_13' title="bbox 293 1195 1451 1322; baseline -0.002 -70"><span class='ocrx_word' id='word_1_111' title='bbox 293 1196 506 1273; x_wconf 88' lang='lat' dir='ltr'><strong>professionem</strong></span> <span class='ocrx_word' id='word_1_112' title='bbox 518 1197 677 1322; x_wconf 63' lang='lat' dir='ltr'><strong>detegatur,</strong></span> <span class='ocrx_word' id='word_1_113' title='bbox 691 1197 786 1253; x_wconf 91' lang='lat' dir='ltr'><strong>donec</strong></span> <span class='ocrx_word' id='word_1_114' title='bbox 802 1215 868 1255; x_wconf 90' lang='lat' dir='ltr'><strong>vere</strong></span> <span class='ocrx_word' id='word_1_115' title='bbox 882 1197 938 1255; x_wconf 93' lang='lat' dir='ltr'><strong>dici</strong></span> <span class='ocrx_word' id='word_1_116' title='bbox 951 1199 1043 1272; x_wconf 90' lang='lat' dir='ltr'><strong>possit</strong></span> <span class='ocrx_word' id='word_1_117' title='bbox 1056 1199 1184 1254; x_wconf 90' lang='lat' dir='ltr'><strong>eundern</strong></span> <span class='ocrx_word' id='word_1_118' title='bbox 1205 1195 1376 1270; x_wconf 89' lang='lat' dir='ltr'><strong>professioni</strong></span> <span class='ocrx_word' id='word_1_119' title='bbox 1450 1239 1451 1244; x_wconf 30' lang='lat'>1</span> 
     </span>
     <span class='ocr_line' id='line_1_14' title="bbox 293 1266 1377 1344; baseline -0.005 -18"><span class='ocrx_word' id='word_1_120' title='bbox 293 1267 505 1344; x_wconf 86' lang='lat' dir='ltr'><strong>supervenisse,</strong></span> <span class='ocrx_word' id='word_1_121' title='bbox 527 1266 591 1324; x_wconf 90' lang='lat' dir='ltr'><strong>facu</strong></span> <span class='ocrx_word' id='word_1_122' title='bbox 605 1280 649 1323; x_wconf 92' lang='lat' dir='ltr'><strong>tas</strong></span> <span class='ocrx_word' id='word_1_123' title='bbox 661 1267 831 1325; x_wconf 89' lang='lat' dir='ltr'><strong>huiusmodi</strong></span> <span class='ocrx_word' id='word_1_124' title='bbox 851 1280 985 1342; x_wconf 87' lang='lat' dir='ltr'><strong>aegrotos</strong></span> <span class='ocrx_word' id='word_1_125' title='bbox 1009 1269 1173 1326; x_wconf 90' lang='lat' dir='ltr'><strong>dimittendi</strong></span> <span class='ocrx_word' id='word_1_126' title='bbox 1188 1287 1204 1324; x_wconf 91' lang='lat' dir='ltr'><strong>a</strong></span> <span class='ocrx_word' id='word_1_127' title='bbox 1218 1267 1377 1342; x_wconf 87' lang='lat' dir='ltr'><strong>Superiori-</strong></span> 
     </span>
     <span class='ocr_line' id='line_1_15' title="bbox 294 1337 1377 1415; baseline -0.005 -18"><span class='ocrx_word' id='word_1_128' title='bbox 294 1342 349 1397; x_wconf 87' lang='lat' dir='ltr'><strong>bus</strong></span> <span class='ocrx_word' id='word_1_129' title='bbox 371 1356 432 1394; x_wconf 93' lang='lat' dir='ltr'><strong>non</strong></span> <span class='ocrx_word' id='word_1_130' title='bbox 453 1338 681 1395; x_wconf 89' lang='lat' dir='ltr'><strong>abiudicatur....</strong></span> <span class='ocrx_word' id='word_1_131' title='bbox 701 1340 858 1413; x_wconf 89' lang='lat' dir='ltr'><strong>Aequabili</strong></span> <span class='ocrx_word' id='word_1_132' title='bbox 876 1354 975 1399; x_wconf 89' lang='lat' dir='ltr'><strong>tamen</strong></span> <span class='ocrx_word' id='word_1_133' title='bbox 995 1341 1186 1415; x_wconf 89' lang='lat' dir='ltr'><strong>Superiorum</strong></span> <span class='ocrx_word' id='word_1_134' title='bbox 1208 1337 1377 1414; x_wconf 88' lang='lat' dir='ltr'><strong>prudentiae</strong></span> 
     </span>
     <span class='ocr_line' id='line_1_16' title="bbox 293 1409 1378 1484; baseline -0.004 -16"><span class='ocrx_word' id='word_1_135' title='bbox 293 1413 352 1468; x_wconf 92' lang='lat' dir='ltr'><strong>hoc</strong></span> <span class='ocrx_word' id='word_1_136' title='bbox 376 1409 576 1477; x_wconf 88' lang='lat' dir='ltr'><strong>committitur,</strong></span> <span class='ocrx_word' id='word_1_137' title='bbox 602 1423 635 1465; x_wconf 91' lang='lat' dir='ltr'><strong>ut</strong></span> <span class='ocrx_word' id='word_1_138' title='bbox 661 1427 697 1466; x_wconf 83' lang='lat' dir='ltr'><strong>ex</strong></span> <span class='ocrx_word' id='word_1_139' title='bbox 721 1411 883 1484; x_wconf 89' lang='lat' dir='ltr'><strong>petitorum</strong></span> <span class='ocrx_word' id='word_1_140' title='bbox 908 1425 936 1468; x_wconf 85' lang='lat' dir='ltr'><strong>et</strong></span> <span class='ocrx_word' id='word_1_141' title='bbox 961 1411 1168 1468; x_wconf 90' lang='lat' dir='ltr'><strong>timoratorum</strong></span> <span class='ocrx_word' id='word_1_142' title='bbox 1199 1411 1378 1467; x_wconf 90' lang='lat' dir='ltr'><strong>medicorum</strong></span> 
     </span>
     <span class='ocr_line' id='line_1_17' title="bbox 295 1479 1379 1556; baseline -0.005 -17"><span class='ocrx_word' id='word_1_143' title='bbox 295 1482 405 1540; x_wconf 92' lang='lat' dir='ltr'><strong>iudicio</strong></span> <span class='ocrx_word' id='word_1_144' title='bbox 418 1480 554 1537; x_wconf 89' lang='lat' dir='ltr'><strong>certiores</strong></span> <span class='ocrx_word' id='word_1_145' title='bbox 568 1479 641 1536; x_wconf 86' lang='lat' dir='ltr'><strong>fiant</strong></span> <span class='ocrx_word' id='word_1_146' title='bbox 653 1480 831 1539; x_wconf 86' lang='lat' dir='ltr'><strong>infirmitatis</strong></span> <span class='ocrx_word' id='word_1_147' title='bbox 845 1484 903 1540; x_wconf 86' lang='grc'>11111</span> <span class='ocrx_word' id='word_1_148' title='bbox 917 1497 985 1539; x_wconf 91' lang='lat' dir='ltr'><strong>ante</strong></span> <span class='ocrx_word' id='word_1_149' title='bbox 999 1496 1066 1539; x_wconf 89' lang='lat' dir='ltr'><strong>vota</strong></span> <span class='ocrx_word' id='word_1_150' title='bbox 1081 1482 1207 1538; x_wconf 87' lang='lat' dir='ltr'><strong>adfuisse</strong></span> <span class='ocrx_word' id='word_1_151' title='bbox 1217 1481 1379 1556; x_wconf 89' lang='lat' dir='ltr'><strong>dispositio·</strong></span> 
     </span>
     <span class='ocr_line' id='line_1_18' title="bbox 295 1551 1378 1628; baseline -0.004 -18"><span class='ocrx_word' id='word_1_152' title='bbox 295 1570 373 1623; x_wconf 90' lang='lat' dir='ltr'><strong>nem,</strong></span> <span class='ocrx_word' id='word_1_153' title='bbox 396 1570 457 1608; x_wconf 92' lang='lat' dir='ltr'><strong>non</strong></span> <span class='ocrx_word' id='word_1_154' title='bbox 478 1562 625 1608; x_wconf 90' lang='lat' dir='ltr'><strong>remotum</strong></span> <span class='ocrx_word' id='word_1_155' title='bbox 646 1564 771 1622; x_wconf 89' lang='lat' dir='ltr'><strong>tantum,</strong></span> <span class='ocrx_word' id='word_1_156' title='bbox 797 1555 835 1612; x_wconf 93' lang='lat' dir='ltr'><strong>ob</strong></span> <span class='ocrx_word' id='word_1_157' title='bbox 854 1572 943 1628; x_wconf 88' lang='lat' dir='ltr'><strong>quarn</strong></span> <span class='ocrx_word' id='word_1_158' title='bbox 967 1571 1071 1610; x_wconf 90' lang='lat' dir='ltr'><strong>omnes</strong></span> <span class='ocrx_word' id='word_1_159' title='bbox 1092 1553 1146 1608; x_wconf 86' lang='lat' dir='ltr'><strong>filii</strong></span> <span class='ocrx_word' id='word_1_160' title='bbox 1170 1555 1248 1610; x_wconf 90' lang='lat' dir='ltr'><strong>Evae</strong></span> <span class='ocrx_word' id='word_1_161' title='bbox 1274 1551 1378 1608; x_wconf 91' lang='lat' dir='ltr'><strong>dimitti</strong></span> 
     </span>
     <span class='ocr_line' id='line_1_19' title="bbox 295 1623 768 1698; baseline 0 -18"><span class='ocrx_word' id='word_1_162' title='bbox 295 1637 414 1698; x_wconf 89' lang='lat' dir='ltr'><strong>queant,</strong></span> <span class='ocrx_word' id='word_1_163' title='bbox 430 1624 480 1680; x_wconf 92' lang='lat' dir='ltr'><strong>sed</strong></span> <span class='ocrx_word' id='word_1_164' title='bbox 493 1623 581 1680; x_wconf 89' lang='lat' dir='ltr'><strong>etiam</strong></span> <span class='ocrx_word' id='word_1_165' title='bbox 594 1624 768 1697; x_wconf 84' lang='lat' dir='ltr'><strong>proximam.</strong></span> 
     </span>
    </p>

    <p class='ocr_par' dir='ltr' id='par_1_4' title="bbox 295 1694 1452 2198">
     <span class='ocr_line' id='line_1_20' title="bbox 333 1694 1452 1772; baseline -0.003 -20"><span class='ocrx_word' id='word_1_166' title='bbox 333 1697 400 1752; x_wconf 90' lang='lat' dir='ltr'><strong>Hoc</strong></span> <span class='ocrx_word' id='word_1_167' title='bbox 411 1696 470 1751; x_wconf 91' lang='lat' dir='ltr'><strong>iam</strong></span> <span class='ocrx_word' id='word_1_168' title='bbox 483 1695 602 1764; x_wconf 91' lang='lat' dir='ltr'><strong>omisso,</strong></span> <span class='ocrx_word' id='word_1_169' title='bbox 613 1695 746 1768; x_wconf 90' lang='lat' dir='ltr'><strong>quaestio</strong></span> <span class='ocrx_word' id='word_1_170' title='bbox 769 1696 888 1752; x_wconf 89' lang='lat' dir='ltr'><strong>morbos</strong></span> <span class='ocrx_word' id='word_1_171' title='bbox 910 1697 1024 1771; x_wconf 88' lang='lat' dir='ltr'><strong>respicit</strong></span> <span class='ocrx_word' id='word_1_172' title='bbox 1044 1697 1095 1772; x_wconf 91' lang='lat' dir='ltr'><strong>qui</strong></span> <span class='ocrx_word' id='word_1_173' title='bbox 1113 1710 1179 1770; x_wconf 88' lang='lat' dir='ltr'><strong>post</strong></span> <span class='ocrx_word' id='word_1_174' title='bbox 1191 1710 1259 1751; x_wconf 90' lang='lat' dir='ltr'><strong>vota</strong></span> <span class='ocrx_word' id='word_1_175' title='bbox 1272 1694 1380 1768; x_wconf 90' lang='lat' dir='ltr'><strong>simpli·</strong></span> <span class='ocrx_word' id='word_1_176' title='bbox 1451 1737 1452 1758; x_wconf 76' lang='lat'><strong>,</strong></span> 
     </span>
     <span class='ocr_line' id='line_1_21' title="bbox 296 1766 1381 1842; baseline -0.005 -18"><span class='ocrx_word' id='word_1_177' title='bbox 296 1768 341 1824; x_wconf 91' lang='lat' dir='ltr'><strong>cia</strong></span> <span class='ocrx_word' id='word_1_178' title='bbox 352 1767 491 1824; x_wconf 87' lang='lat' dir='ltr'><strong>incidant.</strong></span> <span class='ocrx_word' id='word_1_179' title='bbox 505 1767 542 1821; x_wconf 89' lang='lat' dir='ltr'><strong>Et</strong></span> <span class='ocrx_word' id='word_1_180' title='bbox 551 1767 587 1821; x_wconf 92' lang='lat' dir='ltr'><strong>de</strong></span> <span class='ocrx_word' id='word_1_181' title='bbox 599 1766 715 1822; x_wconf 90' lang='lat' dir='ltr'><strong>duobus</strong></span> <span class='ocrx_word' id='word_1_182' title='bbox 726 1766 912 1840; x_wconf 89' lang='lat' dir='ltr'><strong>potissimum</strong></span> <span class='ocrx_word' id='word_1_183' title='bbox 925 1782 1059 1825; x_wconf 89' lang='lat' dir='ltr'><strong>movetur</strong></span> <span class='ocrx_word' id='word_1_184' title='bbox 1071 1789 1078 1825; x_wconf 90' lang='lat'>:</span> <span class='ocrx_word' id='word_1_185' title='bbox 1093 1769 1129 1824; x_wconf 93' lang='lat' dir='ltr'><strong>de</strong></span> <span class='ocrx_word' id='word_1_186' title='bbox 1134 1767 1228 1842; x_wconf 82' lang='lat' dir='ltr'><strong>phtisi</strong></span> <span class='ocrx_word' id='word_1_187' title='bbox 1238 1778 1266 1822; x_wconf 91' lang='lat' dir='ltr'><strong>et</strong></span> <span class='ocrx_word' id='word_1_188' title='bbox 1276 1784 1381 1822; x_wconf 86' lang='lat' dir='ltr'><strong>neura-</strong></span> 
     </span>
     <span class='ocr_line' id='line_1_22' title="bbox 295 1837 1380 1912; baseline -0.003 -17"><span class='ocrx_word' id='word_1_189' title='bbox 295 1839 421 1896; x_wconf 80' lang='lat' dir='ltr'><strong>sthenia.</strong></span> <span class='ocrx_word' id='word_1_190' title='bbox 437 1839 492 1911; x_wconf 22' lang='lat' dir='ltr'><strong>,De</strong></span> <span class='ocrx_word' id='word_1_191' title='bbox 511 1837 600 1910; x_wconf 92' lang='lat' dir='ltr'><strong>phtisi</strong></span> <span class='ocrx_word' id='word_1_192' title='bbox 612 1837 684 1893; x_wconf 89' lang='lat' dir='ltr'><strong>mihi</strong></span> <span class='ocrx_word' id='word_1_193' title='bbox 702 1837 817 1895; x_wconf 90' lang='lat' dir='ltr'><strong>videtur</strong></span> <span class='ocrx_word' id='word_1_194' title='bbox 836 1855 852 1894; x_wconf 88' lang='lat' dir='ltr'><strong>a</strong></span> <span class='ocrx_word' id='word_1_195' title='bbox 871 1839 983 1896; x_wconf 89' lang='lat' dir='ltr'><strong>ratione</strong></span> <span class='ocrx_word' id='word_1_196' title='bbox 1002 1839 1132 1896; x_wconf 89' lang='lat' dir='ltr'><strong>alienum</strong></span> <span class='ocrx_word' id='word_1_197' title='bbox 1155 1838 1326 1912; x_wconf 90' lang='lat' dir='ltr'><strong>quempiam</strong></span> <span class='ocrx_word' id='word_1_198' title='bbox 1344 1837 1380 1892; x_wconf 93' lang='lat' dir='ltr'><strong>ob</strong></span> 
     </span>
     <span class='ocr_line' id='line_1_23' title="bbox 296 1907 1380 1967; baseline -0.005 -1"><span class='ocrx_word' id='word_1_199' title='bbox 296 1912 373 1967; x_wconf 90' lang='lat' dir='ltr'><strong>hanc</strong></span> <span class='ocrx_word' id='word_1_200' title='bbox 382 1926 499 1966; x_wconf 88' lang='lat' dir='ltr'><strong>causam</strong></span> <span class='ocrx_word' id='word_1_201' title='bbox 508 1909 652 1965; x_wconf 91' lang='lat' dir='ltr'><strong>dimittere</strong></span> <span class='ocrx_word' id='word_1_202' title='bbox 660 1908 794 1964; x_wconf 89' lang='lat' dir='ltr'><strong>invitum.</strong></span> <span class='ocrx_word' id='word_1_203' title='bbox 804 1931 820 1960; x_wconf 79' lang='grc' dir='ltr'>κ</span> <span class='ocrx_word' id='word_1_204' title='bbox 831 1911 901 1966; x_wconf 93' lang='lat' dir='ltr'><strong>Non</strong></span> <span class='ocrx_word' id='word_1_205' title='bbox 909 1923 952 1967; x_wconf 90' lang='lat' dir='ltr'><strong>est</strong></span> <span class='ocrx_word' id='word_1_206' title='bbox 962 1912 1095 1966; x_wconf 87' lang='lat' dir='ltr'><strong>addenda</strong></span> <span class='ocrx_word' id='word_1_207' title='bbox 1104 1909 1223 1966; x_wconf 89' lang='lat' dir='ltr'><strong>afflictio</strong></span> <span class='ocrx_word' id='word_1_208' title='bbox 1235 1907 1357 1965; x_wconf 90' lang='lat' dir='ltr'><strong>afflicto.</strong></span> <span class='ocrx_word' id='word_1_209' title='bbox 1366 1930 1380 1959; x_wconf 77' lang='grc'><strong>1</strong></span> 
     </span>
     <span class='ocr_line' id='line_1_24' title="bbox 299 1979 1380 2054; baseline -0.005 -16"><span class='ocrx_word' id='word_1_210' title='bbox 299 1982 373 2039; x_wconf 89' lang='lat' dir='ltr'><strong>Dein</strong></span> <span class='ocrx_word' id='word_1_211' title='bbox 395 1980 551 2038; x_wconf 86' lang='lat' dir='ltr'><strong>verisimile</strong></span> <span class='ocrx_word' id='word_1_212' title='bbox 563 1991 607 2037; x_wconf 88' lang='lat' dir='ltr'><strong>est</strong></span> <span class='ocrx_word' id='word_1_213' title='bbox 623 1980 763 2036; x_wconf 91' lang='lat' dir='ltr'><strong>morbum</strong></span> <span class='ocrx_word' id='word_1_214' title='bbox 785 1998 847 2038; x_wconf 91' lang='lat' dir='ltr'><strong>esse</strong></span> <span class='ocrx_word' id='word_1_215' title='bbox 869 1997 905 2037; x_wconf 82' lang='lat' dir='ltr'><strong>ex</strong></span> <span class='ocrx_word' id='word_1_216' title='bbox 926 1981 1068 2054; x_wconf 86' lang='lat' dir='ltr'><strong>religiosis</strong></span> <span class='ocrx_word' id='word_1_217' title='bbox 1087 1979 1344 2038; x_wconf 85' lang='lat' dir='ltr'><strong>exercitationibus</strong></span> <span class='ocrx_word' id='word_1_218' title='bbox 1356 1993 1380 2035; x_wconf 89' lang='grc'><strong>11</strong></span> 
     </span>
     <span class='ocr_line' id='line_1_25' title="bbox 296 2051 1381 2135; baseline -0.004 -26"><span class='ocrx_word' id='word_1_219' title='bbox 296 2052 482 2135; x_wconf 90' lang='lat' dir='ltr'><strong>paenitentiis</strong></span> <span class='ocrx_word' id='word_1_220' title='bbox 510 2061 703 2124; x_wconf 89' lang='lat' dir='ltr'><strong>contractum,</strong></span> <span class='ocrx_word' id='word_1_221' title='bbox 741 2068 796 2108; x_wconf 90' lang='lat' dir='ltr'><strong>nec</strong></span> <span class='ocrx_word' id='word_1_222' title='bbox 824 2051 899 2119; x_wconf 88' lang='lat' dir='ltr'><strong>talis,</strong></span> <span class='ocrx_word' id='word_1_223' title='bbox 931 2065 1066 2125; x_wconf 88' lang='lat' dir='ltr'><strong>aegrotus</strong></span> <span class='ocrx_word' id='word_1_224' title='bbox 1098 2065 1141 2110; x_wconf 92' lang='lat' dir='ltr'><strong>est</strong></span> <span class='ocrx_word' id='word_1_225' title='bbox 1178 2051 1381 2108; x_wconf 86' lang='lat' dir='ltr'><strong>communitati</strong></span> 
     </span>
     <span class='ocr_line' id='line_1_26' title="bbox 298 2122 1257 2198; baseline -0.003 -17"><span class='ocrx_word' id='word_1_226' title='bbox 298 2125 512 2191; x_wconf 67' lang='lat' dir='ltr'><strong>incommodus</strong></span> <span class='ocrx_word' id='word_1_227' title='bbox 526 2140 594 2179; x_wconf 89' lang='lat' dir='ltr'><strong>cum</strong></span> <span class='ocrx_word' id='word_1_228' title='bbox 604 2122 696 2179; x_wconf 85' lang='lat' dir='ltr'><strong>soleat</strong></span> <span class='ocrx_word' id='word_1_229' title='bbox 705 2122 736 2178; x_wconf 92' lang='lat' dir='ltr'><strong>in</strong></span> <span class='ocrx_word' id='word_1_230' title='bbox 749 2123 960 2180; x_wconf 86' lang='lat' dir='ltr'><strong>valetudinario</strong></span> <span class='ocrx_word' id='word_1_231' title='bbox 973 2136 1074 2198; x_wconf 87' lang='lat' dir='ltr'><strong>pacate</strong></span> <span class='ocrx_word' id='word_1_232' title='bbox 1085 2141 1172 2196; x_wconf 85' lang='lat' dir='ltr'><strong>agere</strong></span> <span class='ocrx_word' id='word_1_233' title='bbox 1185 2123 1257 2179; x_wconf 90' lang='lat' dir='ltr'><strong>dies.</strong></span> 
     </span>
    </p>

    <p class='ocr_par' dir='ltr' id='par_1_5' title="bbox 215 2193 1453 3051">
     <span class='ocr_line' id='line_1_27' title="bbox 334 2193 1381 2268; baseline -0.005 -17"><span class='ocrx_word' id='word_1_234' title='bbox 334 2195 431 2252; x_wconf 88' lang='lat' dir='ltr'><strong>Maior</strong></span> <span class='ocrx_word' id='word_1_235' title='bbox 453 2195 581 2251; x_wconf 88' lang='lat' dir='ltr'><strong>nascitur</strong></span> <span class='ocrx_word' id='word_1_236' title='bbox 601 2193 758 2250; x_wconf 87' lang='lat' dir='ltr'><strong>difficultas</strong></span> <span class='ocrx_word' id='word_1_237' title='bbox 779 2211 812 2250; x_wconf 85' lang='lat' dir='ltr'><strong>ex</strong></span> <span class='ocrx_word' id='word_1_238' title='bbox 835 2195 1051 2265; x_wconf 88' lang='lat' dir='ltr'><strong>neurasthenia,</strong></span> <span class='ocrx_word' id='word_1_239' title='bbox 1072 2197 1124 2268; x_wconf 91' lang='lat' dir='ltr'><strong>qui</strong></span> <span class='ocrx_word' id='word_1_240' title='bbox 1143 2195 1274 2260; x_wconf 91' lang='lat' dir='ltr'><strong>morbus,</strong></span> <span class='ocrx_word' id='word_1_241' title='bbox 1296 2193 1381 2249; x_wconf 79' lang='lat' dir='ltr'><strong>hodie</strong></span> 
     </span>
     <span class='ocr_line' id='line_1_28' title="bbox 215 2263 1453 2342; baseline -0.006 -18"><span class='ocrx_word' id='word_1_242' title='bbox 215 2308 220 2316; x_wconf 80' lang='grc'><em>.</em></span> <span class='ocrx_word' id='word_1_243' title='bbox 296 2280 358 2324; x_wconf 92' lang='lat' dir='ltr'><strong>tam</strong></span> <span class='ocrx_word' id='word_1_244' title='bbox 382 2268 439 2322; x_wconf 90' lang='lat' dir='ltr'><strong>late</strong></span> <span class='ocrx_word' id='word_1_245' title='bbox 464 2265 678 2333; x_wconf 89' lang='lat' dir='ltr'><strong>disseminatus,</strong></span> <span class='ocrx_word' id='word_1_246' title='bbox 704 2282 773 2321; x_wconf 88' lang='lat' dir='ltr'><strong>eum</strong></span> <span class='ocrx_word' id='word_1_247' title='bbox 799 2265 929 2338; x_wconf 89' lang='lat' dir='ltr'><strong>aliquem</strong></span> <span class='ocrx_word' id='word_1_248' title='bbox 950 2266 1123 2342; x_wconf 91' lang='lat' dir='ltr'><strong>corripuerit</strong></span> <span class='ocrx_word' id='word_1_249' title='bbox 1148 2279 1236 2339; x_wconf 89' lang='lat' dir='ltr'><strong>atque</strong></span> <span class='ocrx_word' id='word_1_250' title='bbox 1262 2263 1382 2320; x_wconf 88' lang='lat' dir='ltr'><strong>evaserit</strong></span> <span class='ocrx_word' id='word_1_251' title='bbox 1452 2325 1453 2332; x_wconf 38' lang='lat'><strong>,</strong></span> 
     </span>
     <span class='ocr_line' id='line_1_29' title="bbox 296 2335 1453 2410; baseline -0.005 -16"><span class='ocrx_word' id='word_1_252' title='bbox 296 2337 462 2405; x_wconf 90' lang='lat' dir='ltr'><strong>habitualis,</strong></span> <span class='ocrx_word' id='word_1_253' title='bbox 484 2336 658 2392; x_wconf 88' lang='lat' dir='ltr'><strong>eundemad</strong></span> <span class='ocrx_word' id='word_1_254' title='bbox 671 2336 756 2410; x_wconf 91' lang='lat' dir='ltr'><strong>plura</strong></span> <span class='ocrx_word' id='word_1_255' title='bbox 770 2337 919 2410; x_wconf 82' lang='lat' dir='ltr'><strong>religionis</strong></span> <span class='ocrx_word' id='word_1_256' title='bbox 941 2355 1063 2394; x_wconf 89' lang='lat' dir='ltr'><strong>munera</strong></span> <span class='ocrx_word' id='word_1_257' title='bbox 1077 2337 1144 2395; x_wconf 89' lang='lat' dir='ltr'><strong>facit</strong></span> <span class='ocrx_word' id='word_1_258' title='bbox 1166 2335 1337 2402; x_wconf 91' lang='lat' dir='ltr'><strong>inhabilem,</strong></span> <span class='ocrx_word' id='word_1_259' title='bbox 1358 2346 1382 2390; x_wconf 89' lang='lat' dir='ltr'><strong>et</strong></span> <span class='ocrx_word' id='word_1_260' title='bbox 1452 2345 1453 2354; x_wconf 52' lang='lat'><strong>³</strong></span> 
     </span>
     <span class='ocr_line' id='line_1_30' title="bbox 298 2405 1382 2484; baseline -0.008 -16"><span class='ocrx_word' id='word_1_261' title='bbox 298 2427 383 2484; x_wconf 89' lang='lat' dir='ltr'><strong>saepe</strong></span> <span class='ocrx_word' id='word_1_262' title='bbox 412 2426 473 2466; x_wconf 93' lang='lat' dir='ltr'><strong>non</strong></span> <span class='ocrx_word' id='word_1_263' title='bbox 503 2407 651 2465; x_wconf 88' lang='lat' dir='ltr'><strong>modicam</strong></span> <span class='ocrx_word' id='word_1_264' title='bbox 681 2407 765 2466; x_wconf 88' lang='lat' dir='ltr'><strong>affert</strong></span> <span class='ocrx_word' id='word_1_265' title='bbox 795 2408 1000 2465; x_wconf 90' lang='lat' dir='ltr'><strong>communitati</strong></span> <span class='ocrx_word' id='word_1_266' title='bbox 1030 2409 1292 2483; x_wconf 89' lang='lat' dir='ltr'><strong>perturbationem.</strong></span> <span class='ocrx_word' id='word_1_267' title='bbox 1327 2405 1382 2475; x_wconf 90' lang='lat' dir='ltr'><strong>Qui</strong></span> 
     </span>
     <span class='ocr_line' id='line_1_31' title="bbox 298 2480 1382 2553; baseline -0.006 -15"><span class='ocrx_word' id='word_1_268' title='bbox 298 2480 502 2539; x_wconf 89' lang='lat' dir='ltr'><strong>neurasthenia</strong></span> <span class='ocrx_word' id='word_1_269' title='bbox 515 2481 628 2536; x_wconf 90' lang='lat' dir='ltr'><strong>laborat</strong></span> <span class='ocrx_word' id='word_1_270' title='bbox 640 2480 669 2537; x_wconf 91' lang='lat' dir='ltr'><strong>id</strong></span> <span class='ocrx_word' id='word_1_271' title='bbox 682 2480 757 2537; x_wconf 91' lang='lat' dir='ltr'><strong>ferre</strong></span> <span class='ocrx_word' id='word_1_272' title='bbox 769 2481 872 2553; x_wconf 91' lang='lat' dir='ltr'><strong>nequit</strong></span> <span class='ocrx_word' id='word_1_273' title='bbox 884 2493 916 2537; x_wconf 92' lang='lat' dir='ltr'><strong>ut</strong></span> <span class='ocrx_word' id='word_1_274' title='bbox 929 2481 980 2537; x_wconf 94' lang='lat' dir='ltr'><strong>diu</strong></span> <span class='ocrx_word' id='word_1_275' title='bbox 995 2498 1028 2537; x_wconf 90' lang='lat' dir='ltr'><strong>ac</strong></span> <span class='ocrx_word' id='word_1_276' title='bbox 1038 2493 1127 2538; x_wconf 88' lang='lat' dir='ltr'><strong>noctu</strong></span> <span class='ocrx_word' id='word_1_277' title='bbox 1138 2481 1212 2537; x_wconf 89' lang='lat' dir='ltr'><strong>serie</strong></span> <span class='ocrx_word' id='word_1_278' title='bbox 1224 2480 1382 2537; x_wconf 88' lang='lat' dir='ltr'><strong>successiva</strong></span> 
     </span>
     <span class='ocr_line' id='line_1_32' title="bbox 298 2550 1381 2626; baseline -0.006 -16"><span class='ocrx_word' id='word_1_279' title='bbox 298 2553 449 2611; x_wconf 88' lang='lat' dir='ltr'><strong>actionum</strong></span> <span class='ocrx_word' id='word_1_280' title='bbox 461 2550 649 2607; x_wconf 85' lang='lat' dir='ltr'><strong>definitarum</strong></span> <span class='ocrx_word' id='word_1_281' title='bbox 667 2552 754 2624; x_wconf 89' lang='lat' dir='ltr'><strong>(quae</strong></span> <span class='ocrx_word' id='word_1_282' title='bbox 773 2550 830 2607; x_wconf 90' lang='lat' dir='ltr'><strong>sint</strong></span> <span class='ocrx_word' id='word_1_283' title='bbox 843 2551 897 2608; x_wconf 90' lang='lat' dir='ltr'><strong>hae</strong></span> <span class='ocrx_word' id='word_1_284' title='bbox 920 2570 973 2609; x_wconf 92' lang='lat' dir='ltr'><strong>nec</strong></span> <span class='ocrx_word' id='word_1_285' title='bbox 993 2551 1068 2608; x_wconf 90' lang='lat' dir='ltr'><strong>aliae</strong></span> <span class='ocrx_word' id='word_1_286' title='bbox 1087 2569 1149 2610; x_wconf 88' lang='lat' dir='ltr'><strong>esse</strong></span> <span class='ocrx_word' id='word_1_287' title='bbox 1168 2550 1381 2626; x_wconf 81' lang='lat' dir='ltr'><strong>permittantur)</strong></span> 
     </span>
     <span class='ocr_line' id='line_1_33' title="bbox 298 2621 1382 2699; baseline -0.006 -19"><span class='ocrx_word' id='word_1_288' title='bbox 298 2625 457 2699; x_wconf 91' lang='lat' dir='ltr'><strong>imperetur</strong></span> <span class='ocrx_word' id='word_1_289' title='bbox 466 2644 473 2693; x_wconf 91' lang='lat'><strong>;</strong></span> <span class='ocrx_word' id='word_1_290' title='bbox 483 2624 614 2679; x_wconf 90' lang='lat' dir='ltr'><strong>libertate</strong></span> <span class='ocrx_word' id='word_1_291' title='bbox 621 2622 676 2696; x_wconf 91' lang='lat' dir='ltr'><strong>ipsi</strong></span> <span class='ocrx_word' id='word_1_292' title='bbox 687 2640 764 2696; x_wconf 91' lang='lat' dir='ltr'><strong>opus</strong></span> <span class='ocrx_word' id='word_1_293' title='bbox 774 2634 817 2678; x_wconf 92' lang='lat' dir='ltr'><strong>est</strong></span> <span class='ocrx_word' id='word_1_294' title='bbox 826 2636 854 2679; x_wconf 92' lang='lat' dir='ltr'><strong>et</strong></span> <span class='ocrx_word' id='word_1_295' title='bbox 864 2624 997 2680; x_wconf 91' lang='lat' dir='ltr'><strong>dominio</strong></span> <span class='ocrx_word' id='word_1_296' title='bbox 1010 2642 1132 2679; x_wconf 90' lang='lat' dir='ltr'><strong>suorum</strong></span> <span class='ocrx_word' id='word_1_297' title='bbox 1142 2636 1272 2679; x_wconf 89' lang='lat' dir='ltr'><strong>actuum.</strong></span> <span class='ocrx_word' id='word_1_298' title='bbox 1285 2621 1382 2677; x_wconf 91' lang='lat' dir='ltr'><strong>Gradu</strong></span> 
     </span>
     <span class='ocr_line' id='line_1_34' title="bbox 298 2692 1382 2768; baseline -0.006 -16"><span class='ocrx_word' id='word_1_299' title='bbox 298 2709 397 2753; x_wconf 89' lang='lat' dir='ltr'><strong>tamen</strong></span> <span class='ocrx_word' id='word_1_300' title='bbox 407 2696 482 2751; x_wconf 89' lang='lat' dir='ltr'><strong>inter</strong></span> <span class='ocrx_word' id='word_1_301' title='bbox 495 2711 525 2749; x_wconf 91' lang='lat' dir='ltr'><strong>se</strong></span> <span class='ocrx_word' id='word_1_302' title='bbox 535 2692 674 2749; x_wconf 83' lang='lat' dir='ltr'><strong>differunt</strong></span> <span class='ocrx_word' id='word_1_303' title='bbox 682 2694 853 2750; x_wconf 89' lang='lat' dir='ltr'><strong>huiusmodi</strong></span> <span class='ocrx_word' id='word_1_304' title='bbox 865 2695 985 2768; x_wconf 86' lang='lat' dir='ltr'><strong>aegroti,</strong></span> <span class='ocrx_word' id='word_1_305' title='bbox 1001 2712 1068 2751; x_wconf 90' lang='lat' dir='ltr'><strong>curn</strong></span> <span class='ocrx_word' id='word_1_306' title='bbox 1081 2694 1130 2751; x_wconf 94' lang='lat' dir='ltr'><strong>alii</strong></span> <span class='ocrx_word' id='word_1_307' title='bbox 1143 2694 1207 2750; x_wconf 89' lang='lat' dir='ltr'><strong>aliis</strong></span> <span class='ocrx_word' id='word_1_308' title='bbox 1221 2692 1316 2765; x_wconf 89' lang='lat' dir='ltr'><strong>magis</strong></span> <span class='ocrx_word' id='word_1_309' title='bbox 1331 2693 1382 2747; x_wconf 90' lang='lat' dir='ltr'><strong>isto</strong></span> 
     </span>
     <span class='ocr_line' id='line_1_35' title="bbox 299 2765 1383 2845; baseline -0.006 -22"><span class='ocrx_word' id='word_1_310' title='bbox 299 2769 404 2824; x_wconf 93' lang='lat' dir='ltr'><strong>morbo</strong></span> <span class='ocrx_word' id='word_1_311' title='bbox 416 2778 581 2834; x_wconf 90' lang='lat' dir='ltr'><strong>teneantur,</strong></span> <span class='ocrx_word' id='word_1_312' title='bbox 597 2778 625 2821; x_wconf 92' lang='lat' dir='ltr'><strong>et</strong></span> <span class='ocrx_word' id='word_1_313' title='bbox 639 2765 697 2821; x_wconf 93' lang='lat' dir='ltr'><strong>sint</strong></span> <span class='ocrx_word' id='word_1_314' title='bbox 706 2766 757 2838; x_wconf 92' lang='lat' dir='ltr'><strong>qui</strong></span> <span class='ocrx_word' id='word_1_315' title='bbox 769 2782 799 2821; x_wconf 91' lang='lat' dir='ltr'><strong>se</strong></span> <span class='ocrx_word' id='word_1_316' title='bbox 812 2766 962 2823; x_wconf 90' lang='lat' dir='ltr'><strong>continere</strong></span> <span class='ocrx_word' id='word_1_317' title='bbox 973 2780 1085 2840; x_wconf 82' lang='lat' dir='ltr'><strong>queant</strong></span> <span class='ocrx_word' id='word_1_318' title='bbox 1097 2766 1270 2839; x_wconf 83' lang='lat' dir='ltr'><strong>utilemque,</strong></span> <span class='ocrx_word' id='word_1_319' title='bbox 1282 2778 1383 2845; x_wconf 77' lang='lat' dir='ltr'><strong>quarn·</strong></span> 
     </span>
     <span class='ocr_line' id='line_1_36' title="bbox 298 2835 1385 2919; baseline -0.008 -23"><span class='ocrx_word' id='word_1_320' title='bbox 298 2840 342 2896; x_wconf 85' lang='lat' dir='ltr'><strong>vis</strong></span> <span class='ocrx_word' id='word_1_321' title='bbox 356 2837 476 2919; x_wconf 86' lang='lat' dir='ltr'><strong>aegroti,</strong></span> <span class='ocrx_word' id='word_1_322' title='bbox 491 2835 696 2893; x_wconf 88' lang='lat' dir='ltr'><strong>communitati</strong></span> <span class='ocrx_word' id='word_1_323' title='bbox 717 2853 822 2892; x_wconf 90' lang='lat' dir='ltr'><strong>navare</strong></span> <span class='ocrx_word' id='word_1_324' title='bbox 843 2844 976 2910; x_wconf 81' lang='lat' dir='ltr'><strong>operam&#39;</strong></span> <span class='ocrx_word' id='word_1_325' title='bbox 997 2837 1075 2893; x_wconf 88' lang='lat' dir='ltr'><strong>Hine</strong></span> <span class='ocrx_word' id='word_1_326' title='bbox 1092 2854 1147 2893; x_wconf 92' lang='lat' dir='ltr'><strong>nec</strong></span> <span class='ocrx_word' id='word_1_327' title='bbox 1168 2837 1297 2909; x_wconf 78' lang='lat' dir='ltr'><strong>generali</strong></span> <span class='ocrx_word' id='word_1_328' title='bbox 1320 2835 1385 2890; x_wconf 79' lang='lat' dir='ltr'><strong>lieet</strong></span> 
     </span>
     <span class='ocr_line' id='line_1_37' title="bbox 298 2905 1383 2982; baseline -0.006 -15"><span class='ocrx_word' id='word_1_329' title='bbox 298 2910 342 2967; x_wconf 93' lang='lat' dir='ltr'><strong>uti</strong></span> <span class='ocrx_word' id='word_1_330' title='bbox 356 2908 518 2982; x_wconf 85' lang='lat' dir='ltr'><strong>principio:</strong></span> <span class='ocrx_word' id='word_1_331' title='bbox 537 2908 595 2975; x_wconf 92' lang='lat' dir='ltr'><strong>Qui</strong></span> <span class='ocrx_word' id='word_1_332' title='bbox 617 2925 634 2962; x_wconf 90' lang='lat' dir='ltr'><strong>a</strong></span> <span class='ocrx_word' id='word_1_333' title='bbox 652 2907 766 2963; x_wconf 92' lang='lat' dir='ltr'><strong>medico</strong></span> <span class='ocrx_word' id='word_1_334' title='bbox 786 2907 929 2965; x_wconf 88' lang='lat' dir='ltr'><strong>iudicatus</strong></span> <span class='ocrx_word' id='word_1_335' title='bbox 954 2908 989 2964; x_wconf 91' lang='lat' dir='ltr'><strong>sit</strong></span> <span class='ocrx_word' id='word_1_336' title='bbox 1011 2930 1028 2959; x_wconf 79' lang='lat' dir='ltr'><strong>a</strong></span> <span class='ocrx_word' id='word_1_337' title='bbox 1041 2907 1284 2965; x_wconf 86' lang='lat' dir='ltr'><strong>neurasthenicus</strong></span> <span class='ocrx_word' id='word_1_338' title='bbox 1310 2928 1327 2957; x_wconf 76' lang='lat' dir='ltr'><strong>a</strong></span> <span class='ocrx_word' id='word_1_339' title='bbox 1350 2905 1383 2960; x_wconf 88' lang='lat' dir='ltr'><strong>ab</strong></span> 
     </span>
     <span class='ocr_line' id='line_1_38' title="bbox 299 2978 827 3051; baseline -0.006 -14"><span class='ocrx_word' id='word_1_340' title='bbox 299 2982 410 3038; x_wconf 90' lang='lat' dir='ltr'><strong>Ordine</strong></span> <span class='ocrx_word' id='word_1_341' title='bbox 423 2981 467 3037; x_wconf 92' lang='lat' dir='ltr'><strong>vel</strong></span> <span class='ocrx_word' id='word_1_342' title='bbox 481 2979 588 3034; x_wconf 90' lang='lat' dir='ltr'><strong>invitus</strong></span> <span class='ocrx_word' id='word_1_343' title='bbox 602 2978 708 3034; x_wconf 91' lang='lat' dir='ltr'><strong>dimitti</strong></span> <span class='ocrx_word' id='word_1_344' title='bbox 722 2992 827 3051; x_wconf 89' lang='lat' dir='ltr'><strong>potest.</strong></span> 
     </span>
    </p>

    <p class='ocr_par' dir='ltr' id='par_1_6' title="bbox 299 3047 1385 3549">
     <span class='ocr_line' id='line_1_39' title="bbox 336 3047 1384 3131; baseline -0.006 -24"><span class='ocrx_word' id='word_1_345' title='bbox 336 3052 413 3121; x_wconf 89' lang='lat' dir='ltr'><strong>Quid</strong></span> <span class='ocrx_word' id='word_1_346' title='bbox 434 3064 533 3106; x_wconf 89' lang='lat' dir='ltr'><strong>autern</strong></span> <span class='ocrx_word' id='word_1_347' title='bbox 545 3050 569 3105; x_wconf 90' lang='lat' dir='ltr'><strong>si</strong></span> <span class='ocrx_word' id='word_1_348' title='bbox 583 3049 787 3106; x_wconf 86' lang='lat' dir='ltr'><strong>neurasthenia</strong></span> <span class='ocrx_word' id='word_1_349' title='bbox 809 3048 896 3106; x_wconf 91' lang='lat' dir='ltr'><strong>fuerit</strong></span> <span class='ocrx_word' id='word_1_350' title='bbox 917 3051 1012 3122; x_wconf 89' lang='lat' dir='ltr'><strong>plena,</strong></span> <span class='ocrx_word' id='word_1_351' title='bbox 1035 3051 1059 3105; x_wconf 94' lang='lat' dir='ltr'><strong>si</strong></span> <span class='ocrx_word' id='word_1_352' title='bbox 1081 3063 1217 3131; x_wconf 87' lang='lat' dir='ltr'><strong>aegrotus</strong></span> <span class='ocrx_word' id='word_1_353' title='bbox 1236 3050 1273 3104; x_wconf 91' lang='lat' dir='ltr'><strong>ad</strong></span> <span class='ocrx_word' id='word_1_354' title='bbox 1286 3047 1384 3103; x_wconf 92' lang='lat' dir='ltr'><strong>omnia</strong></span> 
     </span>
     <span class='ocr_line' id='line_1_40' title="bbox 299 3119 1385 3201; baseline -0.006 -23"><span class='ocrx_word' id='word_1_355' title='bbox 299 3124 358 3179; x_wconf 91' lang='lat' dir='ltr'><strong>fere</strong></span> <span class='ocrx_word' id='word_1_356' title='bbox 371 3121 520 3195; x_wconf 90' lang='lat' dir='ltr'><strong>religionis</strong></span> <span class='ocrx_word' id='word_1_357' title='bbox 533 3119 630 3177; x_wconf 89' lang='lat' dir='ltr'><strong>officia</strong></span> <span class='ocrx_word' id='word_1_358' title='bbox 642 3121 744 3177; x_wconf 91' lang='lat' dir='ltr'><strong>evadat</strong></span> <span class='ocrx_word' id='word_1_359' title='bbox 757 3121 882 3193; x_wconf 64' lang='lat' dir='ltr'><strong>ineptus</strong></span> <span class='ocrx_word' id='word_1_360' title='bbox 904 3134 931 3176; x_wconf 92' lang='lat' dir='ltr'><strong>et</strong></span> <span class='ocrx_word' id='word_1_361' title='bbox 946 3122 1005 3177; x_wconf 92' lang='lat' dir='ltr'><strong>suis</strong></span> <span class='ocrx_word' id='word_1_362' title='bbox 1021 3122 1140 3177; x_wconf 83' lang='lat' dir='ltr'><strong>insaniis</strong></span> <span class='ocrx_word' id='word_1_363' title='bbox 1153 3121 1205 3176; x_wconf 85' lang='lat' dir='ltr'><strong>fiat</strong></span> <span class='ocrx_word' id='word_1_364' title='bbox 1218 3119 1253 3175; x_wconf 90' lang='lat' dir='ltr'><strong>iis</strong></span> <span class='ocrx_word' id='word_1_365' title='bbox 1266 3120 1385 3201; x_wconf 90' lang='lat' dir='ltr'><strong>quibus·</strong></span> 
     </span>
     <span class='ocr_line' id='line_1_41' title="bbox 299 3191 1384 3269; baseline -0.006 -18"><span class='ocrx_word' id='word_1_366' title='bbox 299 3212 368 3251; x_wconf 89' lang='lat' dir='ltr'><strong>cum</strong></span> <span class='ocrx_word' id='word_1_367' title='bbox 388 3193 477 3251; x_wconf 90' lang='lat' dir='ltr'><strong>vitam</strong></span> <span class='ocrx_word' id='word_1_368' title='bbox 500 3192 578 3265; x_wconf 89' lang='lat' dir='ltr'><strong>degit</strong></span> <span class='ocrx_word' id='word_1_369' title='bbox 599 3193 758 3248; x_wconf 70' lang='lat' dir='ltr'><strong>molestus?</strong></span> <span class='ocrx_word' id='word_1_370' title='bbox 778 3192 974 3249; x_wconf 87' lang='lat' dir='ltr'><strong>Observemus</strong></span> <span class='ocrx_word' id='word_1_371' title='bbox 994 3192 1137 3267; x_wconf 90' lang='lat' dir='ltr'><strong>imprimis</strong></span> <span class='ocrx_word' id='word_1_372' title='bbox 1157 3191 1239 3265; x_wconf 83' lang='lat' dir='ltr'><strong>argui</strong></span> <span class='ocrx_word' id='word_1_373' title='bbox 1259 3191 1307 3246; x_wconf 86' lang='lat' dir='ltr'><strong>lne</strong></span> <span class='ocrx_word' id='word_1_374' title='bbox 1326 3206 1384 3269; x_wconf 88' lang='lat' dir='ltr'><strong>non</strong></span> 
     </span>
     <span class='ocr_line' id='line_1_42' title="bbox 299 3262 1384 3389; baseline -0.007 -66"><span class='ocrx_word' id='word_1_375' title='bbox 299 3283 384 3341; x_wconf 91' lang='lat' dir='ltr'><strong>posse</strong></span> <span class='ocrx_word' id='word_1_376' title='bbox 398 3283 433 3322; x_wconf 83' lang='lat' dir='ltr'><strong>ex</strong></span> <span class='ocrx_word' id='word_1_377' title='bbox 445 3263 600 3319; x_wconf 89' lang='lat' dir='ltr'><strong>inutilitate</strong></span> <span class='ocrx_word' id='word_1_378' title='bbox 612 3281 690 3389; x_wconf 66' lang='lat' dir='ltr'><strong>puae</strong></span> <span class='ocrx_word' id='word_1_379' title='bbox 702 3264 739 3319; x_wconf 89' lang='lat' dir='ltr'><strong>ab</strong></span> <span class='ocrx_word' id='word_1_380' title='bbox 753 3263 863 3325; x_wconf 81' lang='lat' dir='ltr'><strong>indole,</strong></span> <span class='ocrx_word' id='word_1_381' title='bbox 875 3262 988 3319; x_wconf 90' lang='lat' dir='ltr'><strong>defectu</strong></span> <span class='ocrx_word' id='word_1_382' title='bbox 1002 3264 1101 3320; x_wconf 91' lang='lat' dir='ltr'><strong>iudicii</strong></span> <span class='ocrx_word' id='word_1_383' title='bbox 1115 3264 1159 3319; x_wconf 92' lang='lat' dir='ltr'><strong>vel</strong></span> <span class='ocrx_word' id='word_1_384' title='bbox 1170 3262 1335 3319; x_wconf 89' lang='lat' dir='ltr'><strong>intellectus</strong></span> <span class='ocrx_word' id='word_1_385' title='bbox 1351 3274 1384 3315; x_wconf 80' lang='lat' dir='ltr'><strong>stt</strong></span> 
     </span>
     <span class='ocr_line' id='line_1_43' title="bbox 299 3331 1384 3412; baseline -0.006 -20"><span class='ocrx_word' id='word_1_386' title='bbox 299 3337 447 3412; x_wconf 88' lang='lat' dir='ltr'><strong>profecta:</strong></span> <span class='ocrx_word' id='word_1_387' title='bbox 472 3335 611 3391; x_wconf 92' lang='lat' dir='ltr'><strong>huiusmo</strong></span> <span class='ocrx_word' id='word_1_388' title='bbox 633 3336 643 3390; x_wconf 92' lang='lat' dir='ltr'><strong>i</strong></span> <span class='ocrx_word' id='word_1_389' title='bbox 669 3334 749 3390; x_wconf 86' lang='lat' dir='ltr'><strong>enim</strong></span> <span class='ocrx_word' id='word_1_390' title='bbox 774 3334 902 3391; x_wconf 91' lang='lat' dir='ltr'><strong>defectus</strong></span> <span class='ocrx_word' id='word_1_391' title='bbox 928 3348 996 3390; x_wconf 91' lang='lat' dir='ltr'><strong>sunt</strong></span> <span class='ocrx_word' id='word_1_392' title='bbox 1026 3335 1185 3392; x_wconf 90' lang='lat' dir='ltr'><strong>certissime</strong></span> <span class='ocrx_word' id='word_1_393' title='bbox 1212 3332 1282 3407; x_wconf 91' lang='lat' dir='ltr'><strong>ipsis</strong></span> <span class='ocrx_word' id='word_1_394' title='bbox 1313 3331 1384 3388; x_wconf 89' lang='lat' dir='ltr'><strong>votis</strong></span> 
     </span>
     <span class='ocr_line' id='line_1_44' title="bbox 300 3403 1385 3481; baseline -0.007 -16"><span class='ocrx_word' id='word_1_395' title='bbox 300 3409 469 3474; x_wconf 88' lang='lat' dir='ltr'><strong>anteriores,</strong></span> <span class='ocrx_word' id='word_1_396' title='bbox 489 3419 517 3463; x_wconf 90' lang='lat' dir='ltr'><strong>et</strong></span> <span class='ocrx_word' id='word_1_397' title='bbox 530 3407 566 3463; x_wconf 90' lang='lat' dir='ltr'><strong>de</strong></span> <span class='ocrx_word' id='word_1_398' title='bbox 580 3405 649 3478; x_wconf 92' lang='lat' dir='ltr'><strong>ipsis</strong></span> <span class='ocrx_word' id='word_1_399' title='bbox 663 3405 791 3462; x_wconf 90' lang='lat' dir='ltr'><strong>solutam</strong></span> <span class='ocrx_word' id='word_1_400' title='bbox 803 3417 919 3462; x_wconf 88' lang='lat' dir='ltr'><strong>servant</strong></span> <span class='ocrx_word' id='word_1_401' title='bbox 932 3406 1102 3481; x_wconf 87' lang='lat' dir='ltr'><strong>Superiores</strong></span> <span class='ocrx_word' id='word_1_402' title='bbox 1124 3404 1293 3462; x_wconf 86' lang='lat' dir='ltr'><strong>facultatem</strong></span> <span class='ocrx_word' id='word_1_403' title='bbox 1313 3403 1385 3459; x_wconf 92' lang='lat' dir='ltr'><strong>iudi-</strong></span> 
     </span>
     <span class='ocr_line' id='line_1_45' title="bbox 299 3474 1384 3549; baseline -0.009 -11"><span class='ocrx_word' id='word_1_404' title='bbox 299 3480 384 3538; x_wconf 88' lang='lat' dir='ltr'><strong>candi</strong></span> <span class='ocrx_word' id='word_1_405' title='bbox 409 3491 510 3535; x_wconf 90' lang='lat' dir='ltr'><strong>utrum</strong></span> <span class='ocrx_word' id='word_1_406' title='bbox 533 3494 624 3533; x_wconf 90' lang='lat' dir='ltr'><strong>necne</strong></span> <span class='ocrx_word' id='word_1_407' title='bbox 640 3476 685 3533; x_wconf 87' lang='lat' dir='ltr'><strong>his</strong></span> <span class='ocrx_word' id='word_1_408' title='bbox 706 3476 802 3537; x_wconf 87' lang='lat' dir='ltr'><strong>affecti</strong></span> <span class='ocrx_word' id='word_1_409' title='bbox 823 3477 952 3549; x_wconf 86' lang='lat' dir='ltr'><strong>religiosi</strong></span> <span class='ocrx_word' id='word_1_410' title='bbox 978 3478 1037 3533; x_wconf 92' lang='lat' dir='ltr'><strong>sint</strong></span> <span class='ocrx_word' id='word_1_411' title='bbox 1060 3478 1089 3532; x_wconf 93' lang='lat' dir='ltr'><strong>in</strong></span> <span class='ocrx_word' id='word_1_412' title='bbox 1111 3478 1222 3533; x_wconf 90' lang='lat' dir='ltr'><strong>Ordine</strong></span> <span class='ocrx_word' id='word_1_413' title='bbox 1241 3474 1384 3532; x_wconf 84' lang='lat' dir='ltr'><strong>servandi.</strong></span> 
     </span>
    </p>
   </div>
   <div class='ocr_carea' id='block_1_4' title="bbox 205 3547 1337 3624">
    <p class='ocr_par' dir='ltr' id='par_1_7' title="bbox 205 3547 1337 3624">
     <span class='ocr_line' id='line_1_46' title="bbox 205 3547 1337 3624; baseline -0.008 -15"><span class='ocrx_word' id='word_1_414' title='bbox 205 3562 210 3570; x_wconf 89' lang='lat'><strong><em>‘</em></strong></span> <span class='ocrx_word' id='word_1_415' title='bbox 302 3553 394 3620; x_wconf 90' lang='lat' dir='ltr'><strong>Haec,</strong></span> <span class='ocrx_word' id='word_1_416' title='bbox 405 3564 517 3619; x_wconf 90' lang='lat' dir='ltr'><strong>contra,</strong></span> <span class='ocrx_word' id='word_1_417' title='bbox 532 3547 688 3604; x_wconf 84' lang='lat' dir='ltr'><strong>infirmitas</strong></span> <span class='ocrx_word' id='word_1_418' title='bbox 697 3548 756 3604; x_wconf 88' lang='lat' dir='ltr'><strong>iam</strong></span> <span class='ocrx_word' id='word_1_419' title='bbox 770 3549 946 3621; x_wconf 91' lang='lat' dir='ltr'><strong>supponitur</strong></span> <span class='ocrx_word' id='word_1_420' title='bbox 959 3561 1025 3622; x_wconf 92' lang='lat' dir='ltr'><strong>post</strong></span> <span class='ocrx_word' id='word_1_421' title='bbox 1037 3549 1250 3624; x_wconf 90' lang='lat' dir='ltr'><strong>professionem</strong></span> <span class='ocrx_word' id='word_1_422' title='bbox 1263 3558 1337 3602; x_wconf 91' lang='lat' dir='ltr'><strong>orta.</strong></span> 
     </span>
    </p>
   </div>
   <div class='ocr_carea' id='block_1_5' title="bbox 298 3624 1386 4211">
    <p class='ocr_par' dir='ltr' id='par_1_8' title="bbox 298 3624 1386 3974">
     <span class='ocr_line' id='line_1_47' title="bbox 336 3624 1385 3701; baseline -0.007 -15"><span class='ocrx_word' id='word_1_423' title='bbox 336 3632 519 3687; x_wconf 86' lang='lat' dir='ltr'><strong>Observenus</strong></span> <span class='ocrx_word' id='word_1_424' title='bbox 532 3628 637 3684; x_wconf 90' lang='lat' dir='ltr'><strong>deinde</strong></span> <span class='ocrx_word' id='word_1_425' title='bbox 653 3628 748 3700; x_wconf 84' lang='lat' dir='ltr'><strong>legem</strong></span> <span class='ocrx_word' id='word_1_426' title='bbox 769 3627 855 3683; x_wconf 90' lang='lat' dir='ltr'><strong>istam</strong></span> <span class='ocrx_word' id='word_1_427' title='bbox 867 3644 929 3683; x_wconf 91' lang='lat' dir='ltr'><strong>esse</strong></span> <span class='ocrx_word' id='word_1_428' title='bbox 948 3628 978 3683; x_wconf 95' lang='lat' dir='ltr'><strong>in</strong></span> <span class='ocrx_word' id='word_1_429' title='bbox 998 3630 1121 3701; x_wconf 86' lang='lat' dir='ltr'><strong>gratiam</strong></span> <span class='ocrx_word' id='word_1_430' title='bbox 1141 3625 1269 3699; x_wconf 86' lang='lat' dir='ltr'><strong>religiosi</strong></span> <span class='ocrx_word' id='word_1_431' title='bbox 1282 3624 1385 3680; x_wconf 90' lang='lat' dir='ltr'><strong>misere</strong></span> 
     </span>
     <span class='ocr_line' id='line_1_48' title="bbox 299 3696 1386 3776; baseline -0.008 -17"><span class='ocrx_word' id='word_1_432' title='bbox 299 3702 476 3776; x_wconf 89' lang='lat' dir='ltr'><strong>aegrotantis</strong></span> <span class='ocrx_word' id='word_1_433' title='bbox 494 3700 602 3756; x_wconf 90' lang='lat' dir='ltr'><strong>directe</strong></span> <span class='ocrx_word' id='word_1_434' title='bbox 620 3699 719 3756; x_wconf 89' lang='lat' dir='ltr'><strong>latam.</strong></span> <span class='ocrx_word' id='word_1_435' title='bbox 740 3698 885 3767; x_wconf 87' lang='lat' dir='ltr'><strong>Quocirca</strong></span> <span class='ocrx_word' id='word_1_436' title='bbox 898 3698 921 3753; x_wconf 91' lang='lat' dir='ltr'><strong>si</strong></span> <span class='ocrx_word' id='word_1_437' title='bbox 935 3699 995 3772; x_wconf 88' lang='lat' dir='ltr'><strong>ipse</strong></span> <span class='ocrx_word' id='word_1_438' title='bbox 1008 3699 1145 3755; x_wconf 91' lang='lat' dir='ltr'><strong>annuerit</strong></span> <span class='ocrx_word' id='word_1_439' title='bbox 1157 3712 1245 3772; x_wconf 91' lang='lat' dir='ltr'><strong>atque</strong></span> <span class='ocrx_word' id='word_1_440' title='bbox 1259 3696 1386 3752; x_wconf 89' lang='lat' dir='ltr'><strong>insuam</strong></span> 
     </span>
     <span class='ocr_line' id='line_1_49' title="bbox 300 3768 1385 3847; baseline -0.007 -18"><span class='ocrx_word' id='word_1_441' title='bbox 300 3773 500 3830; x_wconf 90' lang='lat' dir='ltr'><strong>dimissionem</strong></span> <span class='ocrx_word' id='word_1_442' title='bbox 513 3770 701 3834; x_wconf 90' lang='lat' dir='ltr'><strong>consenserit,</strong></span> <span class='ocrx_word' id='word_1_443' title='bbox 715 3787 785 3826; x_wconf 90' lang='lat' dir='ltr'><strong>cum</strong></span> <span class='ocrx_word' id='word_1_444' title='bbox 799 3768 946 3825; x_wconf 88' lang='lat' dir='ltr'><strong>sufficiens</strong></span> <span class='ocrx_word' id='word_1_445' title='bbox 960 3784 1076 3847; x_wconf 88' lang='lat' dir='ltr'><strong>praesto</strong></span> <span class='ocrx_word' id='word_1_446' title='bbox 1095 3770 1130 3826; x_wconf 89' lang='lat' dir='ltr'><strong>sit</strong></span> <span class='ocrx_word' id='word_1_447' title='bbox 1150 3786 1248 3835; x_wconf 88' lang='lat' dir='ltr'><strong>causa,</strong></span> <span class='ocrx_word' id='word_1_448' title='bbox 1265 3786 1282 3823; x_wconf 94' lang='lat' dir='ltr'><strong>a</strong></span> <span class='ocrx_word' id='word_1_449' title='bbox 1296 3769 1385 3840; x_wconf 83' lang='lat' dir='ltr'><strong>Supe·</strong></span> 
     </span>
     <span class='ocr_line' id='line_1_50' title="bbox 298 3838 1385 3915; baseline -0.008 -14"><span class='ocrx_word' id='word_1_450' title='bbox 298 3846 426 3901; x_wconf 90' lang='lat' dir='ltr'><strong>rioribus</strong></span> <span class='ocrx_word' id='word_1_451' title='bbox 438 3842 544 3899; x_wconf 90' lang='lat' dir='ltr'><strong>dimitti</strong></span> <span class='ocrx_word' id='word_1_452' title='bbox 559 3840 673 3915; x_wconf 85' lang='lat' dir='ltr'><strong>poterit.</strong></span> <span class='ocrx_word' id='word_1_453' title='bbox 686 3841 765 3909; x_wconf 89' lang='lat' dir='ltr'><strong>Quid</strong></span> <span class='ocrx_word' id='word_1_454' title='bbox 776 3852 874 3895; x_wconf 89' lang='lat' dir='ltr'><strong>autern</strong></span> <span class='ocrx_word' id='word_1_455' title='bbox 884 3840 907 3895; x_wconf 90' lang='lat' dir='ltr'><strong>si</strong></span> <span class='ocrx_word' id='word_1_456' title='bbox 920 3842 1065 3898; x_wconf 90' lang='lat' dir='ltr'><strong>obstinate</strong></span> <span class='ocrx_word' id='word_1_457' title='bbox 1077 3840 1206 3898; x_wconf 90' lang='lat' dir='ltr'><strong>noluerit</strong></span> <span class='ocrx_word' id='word_1_458' title='bbox 1219 3838 1385 3911; x_wconf 91' lang='lat' dir='ltr'><strong>ereligione</strong></span> 
     </span>
     <span class='ocr_line' id='line_1_51' title="bbox 300 3917 464 3974; baseline -0.012 -2"><span class='ocrx_word' id='word_1_459' title='bbox 300 3917 464 3974; x_wconf 65' lang='lat' dir='ltr'><strong>discedere?</strong></span> 
     </span>
    </p>

    <p class='ocr_par' dir='ltr' id='par_1_9' title="bbox 300 3987 1386 4211">
     <span class='ocr_line' id='line_1_52' title="bbox 335 3987 1385 4067; baseline -0.01 -15"><span class='ocrx_word' id='word_1_460' title='bbox 335 3998 379 4052; x_wconf 91' lang='lat' dir='ltr'><strong>Ac</strong></span> <span class='ocrx_word' id='word_1_461' title='bbox 400 3993 463 4051; x_wconf 87' lang='lat' dir='ltr'><strong>fieri</strong></span> <span class='ocrx_word' id='word_1_462' title='bbox 477 4002 582 4067; x_wconf 90' lang='lat' dir='ltr'><strong>potest,</strong></span> <span class='ocrx_word' id='word_1_463' title='bbox 605 3990 784 4064; x_wconf 89' lang='lat' dir='ltr'><strong>quodetiam</strong></span> <span class='ocrx_word' id='word_1_464' title='bbox 806 4002 849 4048; x_wconf 90' lang='lat' dir='ltr'><strong>est</strong></span> <span class='ocrx_word' id='word_1_465' title='bbox 872 3992 1098 4063; x_wconf 87' lang='lat' dir='ltr'><strong>observandum,</strong></span> <span class='ocrx_word' id='word_1_466' title='bbox 1119 4003 1153 4047; x_wconf 91' lang='lat' dir='ltr'><strong>ut</strong></span> <span class='ocrx_word' id='word_1_467' title='bbox 1174 3989 1301 4065; x_wconf 91' lang='lat' dir='ltr'><strong>optimas</strong></span> <span class='ocrx_word' id='word_1_468' title='bbox 1326 3987 1385 4060; x_wconf 90' lang='lat' dir='ltr'><strong>ipse</strong></span> 
     </span>
     <span class='ocr_line' id='line_1_53' title="bbox 300 4061 1386 4137; baseline -0.009 -15"><span class='ocrx_word' id='word_1_469' title='bbox 300 4067 406 4124; x_wconf 91' lang='lat' dir='ltr'><strong>habeat</strong></span> <span class='ocrx_word' id='word_1_470' title='bbox 414 4065 535 4122; x_wconf 91' lang='lat' dir='ltr'><strong>nolendi</strong></span> <span class='ocrx_word' id='word_1_471' title='bbox 544 4063 682 4130; x_wconf 86' lang='lat' dir='ltr'><strong>rationes,</strong></span> <span class='ocrx_word' id='word_1_472' title='bbox 695 4072 729 4117; x_wconf 89' lang='lat' dir='ltr'><strong>ut</strong></span> <span class='ocrx_word' id='word_1_473' title='bbox 737 4061 771 4129; x_wconf 91' lang='lat' dir='ltr'><strong>si,</strong></span> <span class='ocrx_word' id='word_1_474' title='bbox 781 4075 860 4118; x_wconf 81' lang='lat' dir='ltr'><strong>extra</strong></span> <span class='ocrx_word' id='word_1_475' title='bbox 869 4062 1089 4132; x_wconf 87' lang='lat' dir='ltr'><strong>monasterium,</strong></span> <span class='ocrx_word' id='word_1_476' title='bbox 1100 4062 1154 4137; x_wconf 90' lang='lat' dir='ltr'><strong>ipsi</strong></span> <span class='ocrx_word' id='word_1_477' title='bbox 1162 4078 1223 4117; x_wconf 87' lang='lat' dir='ltr'><strong>non</strong></span> <span class='ocrx_word' id='word_1_478' title='bbox 1232 4069 1386 4133; x_wconf 91' lang='lat' dir='ltr'><strong>suppetant</strong></span> 
     </span>
     <span class='ocr_line' id='line_1_54' title="bbox 300 4132 1106 4211; baseline -0.005 -17"><span class='ocrx_word' id='word_1_479' title='bbox 300 4155 429 4211; x_wconf 88' lang='lat' dir='ltr'><strong>congrua</strong></span> <span class='ocrx_word' id='word_1_480' title='bbox 441 4137 589 4192; x_wconf 90' lang='lat' dir='ltr'><strong>alimenta.</strong></span> <span class='ocrx_word' id='word_1_481' title='bbox 603 4136 701 4207; x_wconf 89' lang='lat' dir='ltr'><strong>Atque</strong></span> <span class='ocrx_word' id='word_1_482' title='bbox 713 4132 802 4189; x_wconf 91' lang='lat' dir='ltr'><strong>etiam</strong></span> <span class='ocrx_word' id='word_1_483' title='bbox 813 4133 869 4189; x_wconf 93' lang='lat' dir='ltr'><strong>hoc</strong></span> <span class='ocrx_word' id='word_1_484' title='bbox 884 4134 1087 4207; x_wconf 88' lang='lat' dir='ltr'><strong>praetermisso</strong></span> <span class='ocrx_word' id='word_1_485' title='bbox 1099 4154 1106 4191; x_wconf 89' lang='lat'>:</span> 
     </span>
    </p>
   </div>
   <div class='ocr_carea' id='block_1_6' title="bbox 338 4217 1385 4377">
    <p class='ocr_par' dir='ltr' id='par_1_10' title="bbox 338 4217 1385 4377">
     <span class='ocr_line' id='line_1_55' title="bbox 338 4217 1385 4294; baseline -0.004 -18"><span class='ocrx_word' id='word_1_486' title='bbox 338 4222 416 4277; x_wconf 91' lang='lat' dir='ltr'><strong>Istud</strong></span> <span class='ocrx_word' id='word_1_487' title='bbox 430 4221 556 4294; x_wconf 90' lang='lat' dir='ltr'><strong>denique</strong></span> <span class='ocrx_word' id='word_1_488' title='bbox 566 4229 609 4275; x_wconf 91' lang='lat' dir='ltr'><strong>est</strong></span> <span class='ocrx_word' id='word_1_489' title='bbox 620 4230 725 4291; x_wconf 88' lang='lat' dir='ltr'><strong>quarto</strong></span> <span class='ocrx_word' id='word_1_490' title='bbox 737 4217 964 4283; x_wconf 83' lang='lat' dir='ltr'><strong>observandum.</strong></span> <span class='ocrx_word' id='word_1_491' title='bbox 976 4218 1031 4275; x_wconf 90' lang='lat' dir='ltr'><strong>Vel</strong></span> <span class='ocrx_word' id='word_1_492' title='bbox 1045 4231 1125 4275; x_wconf 86' lang='lat' dir='ltr'><strong>tanta</strong></span> <span class='ocrx_word' id='word_1_493' title='bbox 1138 4234 1199 4275; x_wconf 87' lang='lat' dir='ltr'><strong>non</strong></span> <span class='ocrx_word' id='word_1_494' title='bbox 1219 4228 1262 4273; x_wconf 92' lang='lat' dir='ltr'><strong>est</strong></span> <span class='ocrx_word' id='word_1_495' title='bbox 1272 4272 1274 4279; x_wconf 44' lang='lat'><strong>,</strong></span> <span class='ocrx_word' id='word_1_496' title='bbox 1284 4234 1385 4275; x_wconf 89' lang='lat' dir='ltr'><strong>neura·</strong></span> 
     </span>
     <span class='ocr_line' id='line_1_56' title="bbox 1296 4325 1305 4377; baseline 0 0"><span class='ocrx_word' id='word_1_497' title='bbox 1296 4325 1305 4377; x_wconf 84' lang='lat' dir='ltr'><strong>l</strong></span> 
     </span>
    </p>
   </div>
   <div class='ocr_carea' id='block_1_7' title="bbox 0 0 1497 4900">
    <p class='ocr_par' dir='ltr' id='par_1_11' title="bbox 0 0 1497 4900">
     <span class='ocr_line' id='line_1_57' title="bbox 0 0 1497 4900; baseline 0 0"><span class='ocrx_word' id='word_1_498' title='bbox 0 0 1497 4900; x_wconf 95' lang='lat' dir='ltr'><strong> </strong></span> 
     </span>
    </p>
   </div>
  </div>
 </body>
</html>
