2959 4900
77 301 141 385 [46]
199 324 221 360 s.
238 325 262 359 c.
279 324 323 360 aa.
340 323 376 360 ur
392 322 497 361 aucum
511 314 539 361 25
555 321 620 360 uov.
638 321 901 370 1904.a1>rr1ss10no
918 321 1044 360 ruorass.
1070 339 1073 345 ,
1107 301 1166 364 127

111 463 139 529 β)
161 458 275 515 Relatio
288 469 422 514 actorum
434 456 554 531 capituli
567 476 584 513 a
599 457 778 514 Provinciali
790 457 884 519 tribus
905 456 1007 513 saltem
1022 456 1167 515 examina·

77 531 190 588 toribus
202 529 431 604 provincialibus
445 529 701 587 communicanda.
723 528 854 598 Quinam
876 527 934 584 sint
952 528 999 586 isti
1021 530 1167 587 examina-

75 617 164 673 tores,
179 602 269 658 habes
283 619 319 658 ex
330 601 437 657 decreti
457 601 658 675 prioreparte,
674 618 703 656 n.
719 602 746 656 ll
762 611 791 656 et
806 601 856 656 IV.
880 600 1102 658 Examinatores
1120 603 1168 660 isti

75 693 137 730 una
158 691 228 729 cum
242 672 416 731 Provinciali
430 683 459 728 et
472 671 611 744 magistro
624 671 811 728 noviciorum
823 671 979 728 convenire
992 673 1099 729 debent
1115 695 1122 743 ;
1137 673 1168 730 iu

75 763 137 820 quo
160 757 258 806 coetu.
281 743 358 800 facto
380 743 461 818 prius
476 744 514 799 ob
536 745 673 800 omnibus
698 743 865 799 iuramento
888 765 904 795 u
919 761 959 812 se,
980 761 1169 818 quacumque

74 819 208 873 humana
227 815 380 872 affectione
415 814 566 889 ostposita,
586 815 710 872 fideliter
723 833 832 871 munus
844 825 1031 872 exsecuturos
1046 838 1072 886 a,
1094 819 1168 874 exci-
1222 869 1223 872 ,

76 889 157 962 pitur
170 889 207 944 de
226 886 341 944 novicio
355 904 387 943 re
417 886 459 942 tio
472 886 603 959 magistri
618 885 812 955 noviciorum,
825 904 914 959 quam
925 887 958 956 is,
972 886 997 942 si
1010 888 1167 962 impeditus

75 961 175 1025 fuerit,
201 959 327 1015 iuratam
351 971 380 1014 et
397 977 414 1014 a
433 975 463 1014 se
486 957 631 1032 signatam
655 958 771 1015 mittere
796 971 911 1030 potest3
936 971 964 1014 et
982 975 1033 1039 per
1058 972 1167 1016 secreta

75 1031 217 1105 suffragia
238 1028 427 1088 Provincialis
445 1040 475 1085 et
493 1030 728 1089 examinatorum
750 1029 887 1102 suffragia
907 1029 1047 1087 definitur
1066 1043 1167 1088 utrum

75 1120 171 1160 necne
183 1102 315 1159 novicius
333 1101 368 1159 iis
382 1100 500 1158 dotibus
516 1103 553 1158 sit
573 1101 720 1175 praeditus
741 1119 818 1174 quae
839 1101 975 1175 religiosa
987 1102 1168 1176 professione

74 1176 242 1248 exigantur.
256 1174 315 1230 Cfr.
331 1192 362 1231 n.
375 1175 416 1229 lV
429 1185 473 1229 2²⁰
484 1173 574 1247 partis
588 1173 719 1230 eiusdem
733 1173 850 1230 decreti.

112 1272 141 1341 γ)
163 1268 278 1326 Relatio
292 1269 374 1328 istius
389 1269 531 1340 scrutinii,
543 1269 567 1326 si
577 1269 693 1326 novicio
703 1269 814 1338 faverit,
825 1269 957 1325 facienda
965 1287 983 1324 a
995 1269 1171 1326 Provinciali

74 1343 112 1397 ad
126 1341 311 1411 Generalem,
326 1354 354 1398 et
367 1341 436 1398 huic
448 1341 539 1398 libera
549 1341 649 1398 relicta
663 1340 785 1397 facultas
804 1341 964 1411 novicium,
979 1357 1040 1396 non
1051 1340 1171 1414 quidem
1213 1407 1216 1415 1

74 1413 251 1470 admittendi
272 1415 295 1468 si
309 1413 432 1469 reiectus
445 1413 541 1479 fuerit,
558 1414 608 1468 sed
620 1412 785 1470 dimittendi
807 1413 1010 1485 approbatum,
1023 1412 1058 1472 ,si
1080 1412 1120 1468 ita
1139 1412 1169 1468 in

77 1483 211 1541 Domino
225 1484 279 1558 ipsi
291 1485 435 1542 videatur.
450 1485 510 1541 Cir.
526 1502 556 1541 u.
570 1486 607 1554 V,
622 1485 741 1540 ibidem.

112 1579 141 1652 b)
166 1581 253 1650 Quae
273 1581 392 1637 servari
408 1597 496 1655 posse
513 1580 680 1636 videantur.
696 1579 818 1634 Initium
830 1578 945 1636 dicendi
966 1579 1110 1636 sumimus
1131 1581 1169 1635 ab

74 1652 202 1709 articulo
213 1653 268 1708 Vll
284 1671 299 1707 2
310 1651 401 1726 partis
410 1651 518 1708 decreti
531 1651 683 1725 Regulari
692 1651 886 1725 disciplinae:
897 1671 913 1702 u
924 1651 954 1707 Si
964 1651 1036 1724 quid
1046 1651 1168 1708 ulterius

75 1724 196 1797 exigant
208 1723 440 1781 Constitutiones
462 1736 491 1779 et
513 1725 631 1798 regulae
650 1723 773 1779 alicuius
797 1722 915 1779 Ordinis
936 1735 966 1779 et
985 1723 1113 1779 Instituti
1137 1723 1168 1778 in

75 1795 266 1852 admittendis
289 1795 412 1852 noviciis
436 1795 473 1850 ad
497 1794 719 1868 professionem,
747 1793 777 1850 id
802 1795 977 1850 servandum
1004 1794 1059 1850 erit
1084 1794 1168 1850 inea

76 1867 219 1923 duntaxat
232 1879 313 1941 parte
336 1884 412 1940 quae
433 1875 529 1925 tenori
541 1867 629 1922 huius
647 1865 758 1923 decreti
779 1865 900 1922 minime
921 1865 1068 1924 contraria
1082 1865 1129 1923 sit.
1150 1887 1167 1918 »

78 1938 169 2009 Hinc,
185 1937 226 1994 ita
239 1938 382 1995 dicimus:

110 2039 138 2108 α)
160 2035 276 2091 Servari
290 2046 411 2109 possunt
432 2048 490 2091 tres
502 2047 663 2091 conventus
684 2033 868 2107 capitulares,
882 2033 1039 2106 dequibus
1058 2033 1088 2089 in
1102 2051 1168 2110 sup-

79 2106 144 2179 plici
169 2106 282 2173 libello,
297 2119 325 2164 et
344 2108 404 2163 duo
425 2107 537 2180 priores
558 2107 678 2180 quidem
700 2123 734 2162 ea
754 2106 849 2161 forma
869 2122 944 2178 quae
964 2105 1106 2186 hactenus
1127 2118 1170 2162 est

79 2197 148 2235 usur
172 2190 231 2234 ata.
245 2178 363 2235 Tertius
375 2192 484 2247 tamen,
496 2195 543 2249 ne,
554 2191 622 2250 post
630 2178 778 2234 decimum
788 2194 930 2246 mensem,
941 2195 1046 2252 parum
1059 2176 1169 2234 utiliter

80 2250 120 2306 bis
155 2268 173 2306 e
195 2251 299 2306 eadem
313 2268 345 2306 re
367 2262 560 2324 congregetur
581 2249 753 2323 capitulum,
768 2249 861 2322 aptari
879 2249 963 2306 debet
985 2250 1022 2304 ad
1043 2248 1169 2305 formam

80 2323 167 2379 modo
181 2322 236 2378 sub
250 2320 346 2378 littera
359 2325 387 2396 a)
401 2321 568 2378 indicatam.

110 2422 138 2492 β)
151 2421 199 2477 Ex
213 2419 483 2476 Constitutionibus
500 2419 619 2476 Ordinis
639 2419 691 2475 SS.
706 2417 868 2482 Trinitatis,
890 2417 1034 2491 suffragiis
1047 2417 1168 2491 capituli

80 2492 283 2548 conventualis
307 2492 379 2547 haec
402 2491 444 2547 vis
468 2492 552 2557 inest,
579 2505 613 2547 ut
634 2490 825 2547 dimittendus
846 2490 882 2546 sit
904 2490 1037 2548 novicius
1060 2490 1111 2564 qui
1136 2490 1166 2545 in

81 2564 183 2620 eodem
204 2562 293 2619 fuerit
316 2564 499 2635 reprobatus.
527 2563 685 2633 Quaeritur
713 2563 813 2635 itaque
835 2580 909 2617 num
934 2560 1087 2636 dispositio
1113 2562 1168 2618 ista

80 2634 186 2691 servari
199 2634 302 2709 possit.
329 2636 417 2704 Quod
436 2648 544 2708 negant
562 2635 718 2708 scriptores
733 2636 834 2690 anun
853 2637 1060 2699 ruaonocrour
1079 2652 1167 2689 ruau-

82 2723 168 2778 mrsr,
183 2708 241 2763 hac
253 2706 320 2762 fulti
332 2707 456 2769 ratione,
480 2706 560 2781 quod
578 2705 619 2762 rei
645 2706 799 2762 arbitrium
822 2722 857 2761 ex
878 2707 994 2761 decreto
1017 2705 1169 2780 Regulari

82 2778 257 2853 disciplinae
271 2777 413 2835 scrutinio
427 2778 598 2851 provinciali
614 2777 824 2834 committatur.
845 2779 907 2832 Nos
921 2776 1024 2904 potius
1042 2777 1072 2831 in
1092 2776 1168 2832 affir-

83 2862 209 2906 mantem
224 2851 442 2924 propendemus
455 2849 639 2906 sententiam.
656 2851 813 2905 Decretum
828 2848 906 2904 enirn
949 2847 1071 2923 egulari
1084 2848 1169 2904 disci-

79 2921 180 2993 plinae
206 2939 268 2977 non
294 2940 330 2977 eo
352 2920 412 2977 fine
434 2934 477 2977 est
498 2921 651 2977 conditum
672 2934 706 2976 ut
733 2919 884 2976 novicium
908 2931 1041 2994 protegat
1065 2931 1169 2975 contra

84 2993 291 3061 dimissionem,
306 2994 357 3049 sed
373 3006 407 3049 ut
426 2993 598 3049 Ordinema
614 3010 720 3067 parum
734 2991 848 3048 idoneis
867 3004 984 3047 tueatur
1001 2990 1087 3047 sociis
1106 3012 1122 3043 «
1136 3003 1168 3046 ut

85 3063 228 3120 iitantum
246 3064 426 3137 recipiantur
441 3064 503 3137 qui,
527 3082 653 3145 superna
666 3064 818 3119 vocatione
831 3063 920 3129 ducti,
942 3080 1059 3119 morum
1078 3061 1169 3118 hone·

86 3148 154 3191 state
166 3136 328 3209 ceterisque
341 3136 459 3192 dotibus
478 3136 600 3209 praediti
614 3134 787 3209 religionem
801 3134 1005 3207 ingrediuntur
1019 3134 1168 3207 cupientes

88 3207 147 3262 Deo
165 3207 312 3267 inservire,
327 3220 382 3263 etc.
404 3208 413 3244 1
428 3230 445 3259 »
460 3207 605 3263 Maiorem
622 3225 690 3280 ergo
704 3206 887 3263 severitatem
906 3223 991 3279 saepe
1004 3217 1168 3261 memorato

86 3277 196 3335 decreto
208 3279 331 3335 minime
349 3279 494 3335 adversari
509 3278 694 3340 arbitramur.
709 3280 759 3334 sed
774 3288 889 3351 oportet
901 3289 935 3333 ut
948 3278 993 3333 ius
1009 3276 1167 3347 repellendi

87 3350 229 3406 novicium
243 3363 373 3407 servetur
387 3350 475 3407 etiam
488 3350 628 3407 scrutinio
639 3349 810 3423 provinciali
824 3361 852 3404 et
866 3348 1016 3424 Superiori
1032 3348 1167 3405 Generali

87 3419 211 3483 Ordinis.

122 3518 150 3588 γ)
163 3518 256 3573 Simili
276 3518 391 3574 ratione
412 3519 581 3575 solvendam
607 3518 742 3573 ducimus
766 3519 888 3573 alteram
907 3518 1110 3590 quaestionem
1131 3519 1167 3573 ab

87 3590 246 3645 oratoribus
259 3591 289 3646 S.
306 3590 533 3663 Congregationi
547 3590 736 3663 propositam,
758 3590 804 3644 cui
826 3589 897 3645 haec
919 3606 998 3644 mere
1018 3588 1170 3661 respondit

88 3661 256 3717 servandum
267 3678 330 3717 esse
348 3661 498 3717 decretum
509 3661 662 3735 Regulari
673 3661 859 3735 disciplinae.
883 3660 1009 3726 Etenim,
1029 3677 1098 3715 cum
1111 3659 1168 3715 hoc

90 3729 202 3787 decreto
219 3734 254 3788 de
276 3732 447 3789 dimissione
470 3733 577 3789 novicii
599 3746 666 3789 ante
679 3732 828 3787 decimum
852 3731 1015 3787 noviciatus
1037 3748 1167 3786 mensem

88 3800 161 3855 nihil
179 3803 313 3871 edicatur,
327 3822 399 3861 suus
417 3805 524 3878 cuique
537 3804 642 3861 Ordini
654 3822 725 3859 usus
744 3803 931 3878 permittitur,
947 3803 1036 3858 modo
1050 3802 1168 3857 nullum

88 3871 221 3930 afferatur
235 3876 446 3949 praeiudicium
460 3876 517 3932 iuri
536 3876 699 3949 expellendi
719 3875 869 3931 novicium
891 3876 982 3947 quod,
1006 3885 1071 3947 post
1093 3873 1168 3930 deci-

88 3961 174 3999 mum
197 3963 334 4015 mensem,
364 3961 407 4004 est
434 3948 682 4005 examinatoribus
706 3946 934 4021 provincialibus
960 3960 989 4002 et
1017 3946 1168 4020 Superiori

90 4016 219 4073 Generali
233 4036 415 4076 concessum.
1013 4030 1015 4035 ’

123 4294 132 4327 1
149 4292 295 4354 Decretum,
307 4295 336 4344 in
347 4295 526 4355 praefatione.
