<?xml version="1.0" encoding="UTF-8"?>
<!DOCTYPE html PUBLIC "-//W3C//DTD XHTML 1.0 Transitional//EN"
    "http://www.w3.org/TR/xhtml1/DTD/xhtml1-transitional.dtd">
<html xmlns="http://www.w3.org/1999/xhtml" xml:lang="en" lang="en">
 <head>
  <title>
</title>
<meta http-equiv="Content-Type" content="text/html;charset=utf-8" />
  <meta name='ocr-system' content='tesseract 3.04.00' />
  <meta name='ocr-capabilities' content='ocr_page ocr_carea ocr_par ocr_line ocrx_word'/>
</head>
<body>
  <div class='ocr_page' id='page_1' title='image "./dereligiosisins01vermgoog_0053.png"; bbox 0 0 2959 4900; ppageno 0'>
   <div class='ocr_carea' id='block_1_1' title="bbox 112 257 1200 339">
    <p class='ocr_par' dir='ltr' id='par_1_1' title="bbox 112 257 1200 339">
     <span class='ocr_line' id='line_1_1' title="bbox 112 257 1200 339; baseline 0.006 -23"><span class='ocrx_word' id='word_1_1' title='bbox 112 257 175 339; x_wconf 84' lang='lat'>[19]</span> <span class='ocrx_word' id='word_1_2' title='bbox 229 281 252 316; x_wconf 77' lang='lat' dir='ltr'>S.</span> <span class='ocrx_word' id='word_1_3' title='bbox 269 281 293 314; x_wconf 71' lang='lat' dir='ltr'>c,</span> <span class='ocrx_word' id='word_1_4' title='bbox 312 280 336 315; x_wconf 92' lang='lat' dir='ltr'>c.</span> <span class='ocrx_word' id='word_1_5' title='bbox 356 266 509 316; x_wconf 71' lang='lat' dir='ltr'>nacturum</span> <span class='ocrx_word' id='word_1_6' title='bbox 526 285 550 314; x_wconf 86' lang='lat'>11</span> <span class='ocrx_word' id='word_1_7' title='bbox 567 281 629 316; x_wconf 75' lang='lat' dir='ltr'>unu</span> <span class='ocrx_word' id='word_1_8' title='bbox 647 284 711 326; x_wconf 75' lang='lat'>1904,</span> <span class='ocrx_word' id='word_1_9' title='bbox 729 281 766 316; x_wconf 77' lang='lat' dir='ltr'>mr</span> <span class='ocrx_word' id='word_1_10' title='bbox 781 282 924 317; x_wconf 78' lang='lat' dir='ltr'>mssxxuu</span> <span class='ocrx_word' id='word_1_11' title='bbox 939 283 1077 320; x_wconf 78' lang='lat' dir='ltr'>ouamuus</span> <span class='ocrx_word' id='word_1_12' title='bbox 1159 263 1200 324; x_wconf 76' lang='lat'>43</span> 
     </span>
    </p>
   </div>
   <div class='ocr_carea' id='block_1_2' title="bbox 103 411 1200 1414">
    <p class='ocr_par' dir='ltr' id='par_1_2' title="bbox 103 411 1200 1184">
     <span class='ocr_line' id='line_1_2' title="bbox 110 411 1199 486; baseline 0.005 -19"><span class='ocrx_word' id='word_1_13' title='bbox 110 429 200 468; x_wconf 91' lang='lat' dir='ltr'>onera</span> <span class='ocrx_word' id='word_1_14' title='bbox 211 413 360 484; x_wconf 89' lang='lat' dir='ltr'>implenda</span> <span class='ocrx_word' id='word_1_15' title='bbox 379 411 509 486; x_wconf 89' lang='lat' dir='ltr'>obligati,</span> <span class='ocrx_word' id='word_1_16' title='bbox 531 412 589 468; x_wconf 90' lang='lat' dir='ltr'>sive</span> <span class='ocrx_word' id='word_1_17' title='bbox 610 413 795 470; x_wconf 86' lang='lat' dir='ltr'>ecclesiastici</span> <span class='ocrx_word' id='word_1_18' title='bbox 814 415 873 470; x_wconf 89' lang='lat' dir='ltr'>sive</span> <span class='ocrx_word' id='word_1_19' title='bbox 887 416 963 482; x_wconf 88' lang='lat' dir='ltr'>laici,</span> <span class='ocrx_word' id='word_1_20' title='bbox 978 421 1010 473; x_wconf 87' lang='lat' dir='ltr'>in</span> <span class='ocrx_word' id='word_1_21' title='bbox 1030 416 1090 472; x_wconf 89' lang='lat' dir='ltr'>fine</span> <span class='ocrx_word' id='word_1_22' title='bbox 1104 417 1199 474; x_wconf 86' lang='lat' dir='ltr'>cuius-</span> 
     </span>
     <span class='ocr_line' id='line_1_3' title="bbox 108 484 1199 564; baseline 0.005 -26"><span class='ocrx_word' id='word_1_23' title='bbox 108 485 179 540; x_wconf 86' lang='lat' dir='ltr'><strong>libet</strong></span> <span class='ocrx_word' id='word_1_24' title='bbox 197 485 267 540; x_wconf 89' lang='lat' dir='ltr'>anni</span> <span class='ocrx_word' id='word_1_25' title='bbox 287 484 443 539; x_wconf 90' lang='lat' dir='ltr'>missarum</span> <span class='ocrx_word' id='word_1_26' title='bbox 466 501 555 538; x_wconf 90' lang='lat' dir='ltr'>onera</span> <span class='ocrx_word' id='word_1_27' title='bbox 570 503 645 564; x_wconf 90' lang='lat' dir='ltr'>quae</span> <span class='ocrx_word' id='word_1_28' title='bbox 665 485 777 557; x_wconf 90' lang='lat' dir='ltr'>reliqua</span> <span class='ocrx_word' id='word_1_29' title='bbox 796 499 874 549; x_wconf 81' lang='lat' dir='ltr'>sunt,</span> <span class='ocrx_word' id='word_1_30' title='bbox 893 498 921 542; x_wconf 93' lang='lat' dir='ltr'>et</span> <span class='ocrx_word' id='word_1_31' title='bbox 939 488 1046 559; x_wconf 90' lang='lat' dir='ltr'>quibus</span> <span class='ocrx_word' id='word_1_32' title='bbox 1065 488 1199 543; x_wconf 92' lang='lat' dir='ltr'>nondum</span> 
     </span>
     <span class='ocr_line' id='line_1_4' title="bbox 109 555 1200 627; baseline 0.004 -17"><span class='ocrx_word' id='word_1_33' title='bbox 109 555 307 622; x_wconf 86' lang='lat' dir='ltr'>satisfecerint,</span> <span class='ocrx_word' id='word_1_34' title='bbox 319 555 443 627; x_wconf 88' lang='lat' dir='ltr'>propriis</span> <span class='ocrx_word' id='word_1_35' title='bbox 454 555 617 610; x_wconf 86' lang='lat' dir='ltr'>Ordinarris</span> <span class='ocrx_word' id='word_1_36' title='bbox 627 557 744 612; x_wconf 88' lang='lat' dir='ltr'>tradant</span> <span class='ocrx_word' id='word_1_37' title='bbox 754 556 835 612; x_wconf 88' lang='lat' dir='ltr'>iuxta</span> <span class='ocrx_word' id='word_1_38' title='bbox 845 558 967 613; x_wconf 88' lang='lat' dir='ltr'>modum</span> <span class='ocrx_word' id='word_1_39' title='bbox 976 561 1013 615; x_wconf 90' lang='lat' dir='ltr'>ab</span> <span class='ocrx_word' id='word_1_40' title='bbox 1024 559 1058 615; x_wconf 92' lang='lat' dir='ltr'>iis</span> <span class='ocrx_word' id='word_1_41' title='bbox 1069 559 1200 615; x_wconf 86' lang='lat' dir='ltr'>delinen-</span> 
     </span>
     <span class='ocr_line' id='line_1_5' title="bbox 107 626 1197 697; baseline 0.002 -13"><span class='ocrx_word' id='word_1_42' title='bbox 107 631 193 697; x_wconf 91' lang='lat' dir='ltr'>dum;</span> <span class='ocrx_word' id='word_1_43' title='bbox 209 650 225 678; x_wconf 87' lang='lat'>»</span> <span class='ocrx_word' id='word_1_44' title='bbox 235 628 272 681; x_wconf 90' lang='lat' dir='ltr'>ad</span> <span class='ocrx_word' id='word_1_45' title='bbox 285 626 429 682; x_wconf 90' lang='lat' dir='ltr'>tollendas</span> <span class='ocrx_word' id='word_1_46' title='bbox 439 626 652 696; x_wconf 90' lang='lat' dir='ltr'>ambiguitates,</span> <span class='ocrx_word' id='word_1_47' title='bbox 666 628 721 682; x_wconf 77' lang='lat' dir='ltr'>Emi</span> <span class='ocrx_word' id='word_1_48' title='bbox 738 630 835 683; x_wconf 84' lang='lat' dir='ltr'>Patres</span> <span class='ocrx_word' id='word_1_49' title='bbox 849 629 997 685; x_wconf 86' lang='lat' dir='ltr'>declarant</span> <span class='ocrx_word' id='word_1_50' title='bbox 1010 643 1197 694; x_wconf 80' lang='lat' dir='ltr'>aestatuum,</span> 
     </span>
     <span class='ocr_line' id='line_1_6' title="bbox 105 697 1200 780; baseline 0.002 -25"><span class='ocrx_word' id='word_1_51' title='bbox 105 713 223 770; x_wconf 91' lang='lat' dir='ltr'>tempus</span> <span class='ocrx_word' id='word_1_52' title='bbox 236 699 281 754; x_wconf 92' lang='lat' dir='ltr'>his</span> <span class='ocrx_word' id='word_1_53' title='bbox 294 697 390 754; x_wconf 89' lang='lat' dir='ltr'>verbis</span> <span class='ocrx_word' id='word_1_54' title='bbox 405 697 594 769; x_wconf 87' lang='lat' dir='ltr'>praefinitum</span> <span class='ocrx_word' id='word_1_55' title='bbox 608 698 646 753; x_wconf 91' lang='lat' dir='ltr'>ita</span> <span class='ocrx_word' id='word_1_56' title='bbox 666 716 727 755; x_wconf 90' lang='lat' dir='ltr'>esse</span> <span class='ocrx_word' id='word_1_57' title='bbox 751 700 963 780; x_wconf 85' lang='lat' dir='ltr'>accipiendum,</span> <span class='ocrx_word' id='word_1_58' title='bbox 981 715 1013 756; x_wconf 93' lang='lat' dir='ltr'>ut</span> <span class='ocrx_word' id='word_1_59' title='bbox 1032 719 1085 774; x_wconf 93' lang='lat' dir='ltr'>pro</span> <span class='ocrx_word' id='word_1_60' title='bbox 1104 702 1200 757; x_wconf 91' lang='lat' dir='ltr'>missis</span> 
     </span>
     <span class='ocr_line' id='line_1_7' title="bbox 106 769 1200 846; baseline 0.002 -20"><span class='ocrx_word' id='word_1_61' title='bbox 106 771 235 826; x_wconf 85' lang='lat' dir='ltr'>fundatis</span> <span class='ocrx_word' id='word_1_62' title='bbox 248 783 297 825; x_wconf 92' lang='lat' dir='ltr'>aut</span> <span class='ocrx_word' id='word_1_63' title='bbox 311 769 398 834; x_wconf 83' lang='lat' dir='ltr'>alicui</span> <span class='ocrx_word' id='word_1_64' title='bbox 412 769 554 826; x_wconf 90' lang='lat' dir='ltr'>beneficio</span> <span class='ocrx_word' id='word_1_65' title='bbox 572 771 690 825; x_wconf 85' lang='lat' dir='ltr'>adnexis</span> <span class='ocrx_word' id='word_1_66' title='bbox 703 771 843 842; x_wconf 81' lang='lat' dir='ltr'>obligatio</span> <span class='ocrx_word' id='word_1_67' title='bbox 859 790 906 827; x_wconf 92' lang='lat' dir='ltr'>eas</span> <span class='ocrx_word' id='word_1_68' title='bbox 919 773 1086 846; x_wconf 89' lang='lat' dir='ltr'>deponendi</span> <span class='ocrx_word' id='word_1_69' title='bbox 1098 775 1200 828; x_wconf 88' lang='lat' dir='ltr'>decur·</span> 
     </span>
     <span class='ocr_line' id='line_1_8' title="bbox 106 840 1200 917; baseline 0.002 -19"><span class='ocrx_word' id='word_1_70' title='bbox 106 855 149 898; x_wconf 91' lang='lat' dir='ltr'>rat</span> <span class='ocrx_word' id='word_1_71' title='bbox 163 862 180 897; x_wconf 87' lang='lat' dir='ltr'>a</span> <span class='ocrx_word' id='word_1_72' title='bbox 191 841 251 896; x_wconf 88' lang='lat' dir='ltr'>fine</span> <span class='ocrx_word' id='word_1_73' title='bbox 261 841 340 895; x_wconf 89' lang='lat' dir='ltr'>illius</span> <span class='ocrx_word' id='word_1_74' title='bbox 352 841 422 899; x_wconf 92' lang='lat' dir='ltr'>anni</span> <span class='ocrx_word' id='word_1_75' title='bbox 434 840 510 894; x_wconf 92' lang='lat' dir='ltr'>intra</span> <span class='ocrx_word' id='word_1_76' title='bbox 521 859 610 913; x_wconf 93' lang='lat' dir='ltr'>quem</span> <span class='ocrx_word' id='word_1_77' title='bbox 621 859 711 911; x_wconf 83' lang='lat' dir='ltr'>onera</span> <span class='ocrx_word' id='word_1_78' title='bbox 719 842 834 913; x_wconf 91' lang='lat' dir='ltr'>impleri</span> <span class='ocrx_word' id='word_1_79' title='bbox 843 843 1024 900; x_wconf 87' lang='lat' dir='ltr'>debuissent:</span> <span class='ocrx_word' id='word_1_80' title='bbox 1037 863 1091 917; x_wconf 93' lang='lat' dir='ltr'>pro</span> <span class='ocrx_word' id='word_1_81' title='bbox 1104 845 1200 900; x_wconf 89' lang='lat' dir='ltr'>missis</span> 
     </span>
     <span class='ocr_line' id='line_1_9' title="bbox 105 911 1200 987; baseline 0.001 -17"><span class='ocrx_word' id='word_1_82' title='bbox 105 931 175 970; x_wconf 93' lang='lat' dir='ltr'>vero</span> <span class='ocrx_word' id='word_1_83' title='bbox 191 912 388 979; x_wconf 81' lang='lat' dir='ltr'>manualibus,</span> <span class='ocrx_word' id='word_1_84' title='bbox 409 911 549 984; x_wconf 87' lang='lat' dir='ltr'>obligatio</span> <span class='ocrx_word' id='word_1_85' title='bbox 569 929 617 968; x_wconf 92' lang='lat' dir='ltr'>eas</span> <span class='ocrx_word' id='word_1_86' title='bbox 641 913 807 985; x_wconf 90' lang='lat' dir='ltr'>deponendi</span> <span class='ocrx_word' id='word_1_87' title='bbox 828 915 948 987; x_wconf 86' lang='lat' dir='ltr'>incipiat</span> <span class='ocrx_word' id='word_1_88' title='bbox 969 929 1035 986; x_wconf 94' lang='lat' dir='ltr'>post</span> <span class='ocrx_word' id='word_1_89' title='bbox 1056 934 1168 971; x_wconf 89' lang='lat' dir='ltr'>annum</span> <span class='ocrx_word' id='word_1_90' title='bbox 1182 934 1200 970; x_wconf 92' lang='lat' dir='ltr'>a</span> 
     </span>
     <span class='ocr_line' id='line_1_10' title="bbox 105 983 1200 1056; baseline 0.002 -15"><span class='ocrx_word' id='word_1_91' title='bbox 105 986 151 1042; x_wconf 93' lang='lat' dir='ltr'>die</span> <span class='ocrx_word' id='word_1_92' title='bbox 167 984 294 1056; x_wconf 89' lang='lat' dir='ltr'>suscepti</span> <span class='ocrx_word' id='word_1_93' title='bbox 308 983 415 1050; x_wconf 75' lang='lat' dir='ltr'>oneriS,</span> <span class='ocrx_word' id='word_1_94' title='bbox 430 983 453 1038; x_wconf 92' lang='lat' dir='ltr'>si</span> <span class='ocrx_word' id='word_1_95' title='bbox 468 997 570 1055; x_wconf 83' lang='lat' dir='ltr'>agatur</span> <span class='ocrx_word' id='word_1_96' title='bbox 585 984 620 1039; x_wconf 89' lang='lat' dir='ltr'>de</span> <span class='ocrx_word' id='word_1_97' title='bbox 637 1003 746 1056; x_wconf 87' lang='lat' dir='ltr'>magno</span> <span class='ocrx_word' id='word_1_98' title='bbox 766 986 921 1040; x_wconf 88' lang='lat' dir='ltr'>missarum</span> <span class='ocrx_word' id='word_1_99' title='bbox 945 1005 1088 1055; x_wconf 82' lang='lat' dir='ltr'>numer03</span> <span class='ocrx_word' id='word_1_100' title='bbox 1114 986 1200 1043; x_wconf 92' lang='lat' dir='ltr'>salvis</span> 
     </span>
     <span class='ocr_line' id='line_1_11' title="bbox 103 1055 1200 1131; baseline 0.002 -19"><span class='ocrx_word' id='word_1_101' title='bbox 103 1055 382 1131; x_wconf 87' lang='lat' dir='ltr'>praescriptionibus</span> <span class='ocrx_word' id='word_1_102' title='bbox 392 1055 590 1127; x_wconf 87' lang='lat' dir='ltr'>praecedentis</span> <span class='ocrx_word' id='word_1_103' title='bbox 601 1056 715 1112; x_wconf 82' lang='lat' dir='ltr'>articuli</span> <span class='ocrx_word' id='word_1_104' title='bbox 726 1075 780 1128; x_wconf 90' lang='lat' dir='ltr'>pro</span> <span class='ocrx_word' id='word_1_105' title='bbox 790 1058 897 1112; x_wconf 91' lang='lat' dir='ltr'>minori</span> <span class='ocrx_word' id='word_1_106' title='bbox 908 1058 1064 1113; x_wconf 88' lang='lat' dir='ltr'>missarum</span> <span class='ocrx_word' id='word_1_107' title='bbox 1074 1077 1200 1114; x_wconf 91' lang='lat' dir='ltr'>numero</span> 
     </span>
     <span class='ocr_line' id='line_1_12' title="bbox 104 1125 659 1184; baseline -0.004 0"><span class='ocrx_word' id='word_1_108' title='bbox 104 1142 154 1184; x_wconf 89' lang='lat' dir='ltr'>aut</span> <span class='ocrx_word' id='word_1_109' title='bbox 167 1129 282 1183; x_wconf 91' lang='lat' dir='ltr'>diversa</span> <span class='ocrx_word' id='word_1_110' title='bbox 295 1127 447 1182; x_wconf 92' lang='lat' dir='ltr'>voluntate</span> <span class='ocrx_word' id='word_1_111' title='bbox 461 1125 659 1182; x_wconf 88' lang='lat' dir='ltr'>offerentium.</span> 
     </span>
    </p>

    <p class='ocr_par' dir='ltr' id='par_1_3' title="bbox 103 1197 1200 1414">
     <span class='ocr_line' id='line_1_13' title="bbox 139 1197 1200 1273; baseline -0.001 -17"><span class='ocrx_word' id='word_1_112' title='bbox 139 1202 236 1272; x_wconf 86' lang='lat' dir='ltr'>Super</span> <span class='ocrx_word' id='word_1_113' title='bbox 259 1197 371 1269; x_wconf 91' lang='lat' dir='ltr'>integra</span> <span class='ocrx_word' id='word_1_114' title='bbox 398 1209 496 1252; x_wconf 88' lang='lat' dir='ltr'>autem</span> <span class='ocrx_word' id='word_1_115' title='bbox 522 1210 550 1252; x_wconf 93' lang='lat' dir='ltr'>et</span> <span class='ocrx_word' id='word_1_116' title='bbox 574 1199 700 1270; x_wconf 87' lang='lat' dir='ltr'>perfecta</span> <span class='ocrx_word' id='word_1_117' title='bbox 723 1200 908 1255; x_wconf 90' lang='lat' dir='ltr'>observantia</span> <span class='ocrx_word' id='word_1_118' title='bbox 935 1199 1200 1273; x_wconf 88' lang='lat' dir='ltr'>praescriptionum</span> 
     </span>
     <span class='ocr_line' id='line_1_14' title="bbox 104 1269 1197 1344; baseline -0.001 -18"><span class='ocrx_word' id='word_1_119' title='bbox 104 1289 178 1344; x_wconf 89' lang='lat' dir='ltr'>quae</span> <span class='ocrx_word' id='word_1_120' title='bbox 204 1283 271 1326; x_wconf 91' lang='lat' dir='ltr'>tum</span> <span class='ocrx_word' id='word_1_121' title='bbox 292 1269 322 1324; x_wconf 91' lang='lat' dir='ltr'>in</span> <span class='ocrx_word' id='word_1_122' title='bbox 346 1269 403 1323; x_wconf 90' lang='lat' dir='ltr'>hoc</span> <span class='ocrx_word' id='word_1_123' title='bbox 424 1269 557 1336; x_wconf 86' lang='lat' dir='ltr'>articulo,</span> <span class='ocrx_word' id='word_1_124' title='bbox 582 1282 646 1324; x_wconf 89' lang='lat' dir='ltr'>tum</span> <span class='ocrx_word' id='word_1_125' title='bbox 668 1270 698 1324; x_wconf 89' lang='lat' dir='ltr'>in</span> <span class='ocrx_word' id='word_1_126' title='bbox 718 1271 958 1343; x_wconf 87' lang='lat' dir='ltr'>praecedentibus</span> <span class='ocrx_word' id='word_1_127' title='bbox 978 1283 1101 1328; x_wconf 89' lang='lat' dir='ltr'>statutae</span> <span class='ocrx_word' id='word_1_128' title='bbox 1120 1284 1197 1339; x_wconf 90' lang='lat' dir='ltr'>sunt,</span> 
     </span>
     <span class='ocr_line' id='line_1_15' title="bbox 103 1341 998 1414; baseline -0.001 -15"><span class='ocrx_word' id='word_1_129' title='bbox 103 1343 241 1399; x_wconf 91' lang='lat' dir='ltr'>omnium</span> <span class='ocrx_word' id='word_1_130' title='bbox 254 1341 291 1395; x_wconf 86' lang='lat' dir='ltr'>ad</span> <span class='ocrx_word' id='word_1_131' title='bbox 305 1357 380 1412; x_wconf 92' lang='lat' dir='ltr'>quos</span> <span class='ocrx_word' id='word_1_132' title='bbox 394 1353 502 1412; x_wconf 90' lang='lat' dir='ltr'>spectat</span> <span class='ocrx_word' id='word_1_133' title='bbox 516 1341 696 1396; x_wconf 90' lang='lat' dir='ltr'>conscientia</span> <span class='ocrx_word' id='word_1_134' title='bbox 709 1342 834 1414; x_wconf 88' lang='lat' dir='ltr'>graviter</span> <span class='ocrx_word' id='word_1_135' title='bbox 848 1357 998 1398; x_wconf 91' lang='lat' dir='ltr'>oneratur.</span> 
     </span>
    </p>
   </div>
   <div class='ocr_carea' id='block_1_3' title="bbox 102 1423 1199 1855">
    <p class='ocr_par' dir='ltr' id='par_1_4' title="bbox 102 1423 1199 1855">
     <span class='ocr_line' id='line_1_16' title="bbox 138 1423 1199 1498; baseline 0.003 -20"><span class='ocrx_word' id='word_1_136' title='bbox 138 1428 167 1484; x_wconf 81' lang='lat'>50</span> <span class='ocrx_word' id='word_1_137' title='bbox 181 1425 243 1494; x_wconf 89' lang='lat' dir='ltr'>Qui</span> <span class='ocrx_word' id='word_1_138' title='bbox 257 1424 465 1479; x_wconf 85' lang='lat' dir='ltr'>exuberantem</span> <span class='ocrx_word' id='word_1_139' title='bbox 487 1423 641 1479; x_wconf 90' lang='lat' dir='ltr'>missarum</span> <span class='ocrx_word' id='word_1_140' title='bbox 664 1442 823 1481; x_wconf 88' lang='lat' dir='ltr'>numerum</span> <span class='ocrx_word' id='word_1_141' title='bbox 842 1426 950 1482; x_wconf 91' lang='lat' dir='ltr'>habent</span> <span class='ocrx_word' id='word_1_142' title='bbox 963 1427 999 1481; x_wconf 92' lang='lat' dir='ltr'>de</span> <span class='ocrx_word' id='word_1_143' title='bbox 1018 1427 1125 1498; x_wconf 92' lang='lat' dir='ltr'>quibus</span> <span class='ocrx_word' id='word_1_144' title='bbox 1144 1426 1199 1482; x_wconf 92' lang='lat' dir='ltr'>sibi</span> 
     </span>
     <span class='ocr_line' id='line_1_17' title="bbox 102 1495 1199 1568; baseline -0.002 -14"><span class='ocrx_word' id='word_1_145' title='bbox 102 1499 187 1554; x_wconf 87' lang='lat' dir='ltr'>liceat</span> <span class='ocrx_word' id='word_1_146' title='bbox 208 1496 301 1553; x_wconf 91' lang='lat' dir='ltr'>libere</span> <span class='ocrx_word' id='word_1_147' title='bbox 323 1495 478 1568; x_wconf 88' lang='lat' dir='ltr'>disponere</span> <span class='ocrx_word' id='word_1_148' title='bbox 493 1496 576 1567; x_wconf 83' lang='lat' dir='ltr'>(quin</span> <span class='ocrx_word' id='word_1_149' title='bbox 599 1496 791 1552; x_wconf 88' lang='lat' dir='ltr'>fundatorum</span> <span class='ocrx_word' id='word_1_150' title='bbox 805 1498 850 1552; x_wconf 93' lang='lat' dir='ltr'>vel</span> <span class='ocrx_word' id='word_1_151' title='bbox 870 1499 1040 1553; x_wconf 91' lang='lat' dir='ltr'>oblatorum</span> <span class='ocrx_word' id='word_1_152' title='bbox 1054 1497 1199 1552; x_wconf 90' lang='lat' dir='ltr'>voluntati</span> 
     </span>
     <span class='ocr_line' id='line_1_18' title="bbox 103 1567 1199 1644; baseline -0.002 -18"><span class='ocrx_word' id='word_1_153' title='bbox 103 1570 202 1644; x_wconf 89' lang='lat' dir='ltr'>quoad</span> <span class='ocrx_word' id='word_1_154' title='bbox 215 1580 332 1640; x_wconf 92' lang='lat' dir='ltr'>tempus</span> <span class='ocrx_word' id='word_1_155' title='bbox 345 1579 372 1622; x_wconf 91' lang='lat' dir='ltr'>et</span> <span class='ocrx_word' id='word_1_156' title='bbox 385 1567 484 1622; x_wconf 89' lang='lat' dir='ltr'>locum</span> <span class='ocrx_word' id='word_1_157' title='bbox 504 1567 708 1623; x_wconf 87' lang='lat' dir='ltr'>celebrationis</span> <span class='ocrx_word' id='word_1_158' title='bbox 730 1568 887 1624; x_wconf 90' lang='lat' dir='ltr'>missarum</span> <span class='ocrx_word' id='word_1_159' title='bbox 907 1568 1096 1641; x_wconf 89' lang='lat' dir='ltr'>detrahatur),</span> <span class='ocrx_word' id='word_1_160' title='bbox 1113 1569 1199 1642; x_wconf 91' lang='lat' dir='ltr'>posse</span> 
     </span>
     <span class='ocr_line' id='line_1_19' title="bbox 103 1639 1199 1719; baseline -0.004 -21"><span class='ocrx_word' id='word_1_161' title='bbox 103 1659 148 1698; x_wconf 86' lang='lat' dir='ltr'>eas</span> <span class='ocrx_word' id='word_1_162' title='bbox 162 1641 305 1708; x_wconf 88' lang='lat' dir='ltr'>tribuere,</span> <span class='ocrx_word' id='word_1_163' title='bbox 323 1650 528 1719; x_wconf 89' lang='lat' dir='ltr'>praeterquam</span> <span class='ocrx_word' id='word_1_164' title='bbox 541 1639 660 1711; x_wconf 91' lang='lat' dir='ltr'>proprio</span> <span class='ocrx_word' id='word_1_165' title='bbox 675 1640 833 1695; x_wconf 89' lang='lat' dir='ltr'>Ordinario</span> <span class='ocrx_word' id='word_1_166' title='bbox 847 1654 898 1695; x_wconf 92' lang='lat' dir='ltr'>aut</span> <span class='ocrx_word' id='word_1_167' title='bbox 912 1642 941 1696; x_wconf 87' lang='lat' dir='ltr'>S.</span> <span class='ocrx_word' id='word_1_168' title='bbox 956 1641 1033 1709; x_wconf 89' lang='lat' dir='ltr'>Sedi,</span> <span class='ocrx_word' id='word_1_169' title='bbox 1044 1639 1199 1696; x_wconf 89' lang='lat' dir='ltr'>sacerdoti-</span> 
     </span>
     <span class='ocr_line' id='line_1_20' title="bbox 104 1709 1199 1785; baseline -0.002 -17"><span class='ocrx_word' id='word_1_170' title='bbox 104 1715 154 1768; x_wconf 88' lang='lat' dir='ltr'>bus</span> <span class='ocrx_word' id='word_1_171' title='bbox 170 1728 295 1785; x_wconf 92' lang='lat' dir='ltr'>quoque</span> <span class='ocrx_word' id='word_1_172' title='bbox 308 1710 363 1765; x_wconf 81' lang='lat' dir='ltr'>sibi</span> <span class='ocrx_word' id='word_1_173' title='bbox 373 1709 523 1771; x_wconf 82' lang='lat' dir='ltr'>benevisis,</span> <span class='ocrx_word' id='word_1_174' title='bbox 537 1711 699 1765; x_wconf 91' lang='lat' dir='ltr'>dummodo</span> <span class='ocrx_word' id='word_1_175' title='bbox 713 1723 791 1766; x_wconf 89' lang='lat' dir='ltr'>certe</span> <span class='ocrx_word' id='word_1_176' title='bbox 800 1729 835 1767; x_wconf 93' lang='lat' dir='ltr'>ac</span> <span class='ocrx_word' id='word_1_177' title='bbox 846 1712 1037 1784; x_wconf 88' lang='lat' dir='ltr'>personaliter</span> <span class='ocrx_word' id='word_1_178' title='bbox 1052 1712 1105 1769; x_wconf 90' lang='lat' dir='ltr'>sibi</span> <span class='ocrx_word' id='word_1_179' title='bbox 1121 1712 1199 1767; x_wconf 91' lang='lat' dir='ltr'>notis</span> 
     </span>
     <span class='ocr_line' id='line_1_21' title="bbox 103 1781 593 1855; baseline -0.008 -14"><span class='ocrx_word' id='word_1_180' title='bbox 103 1798 129 1841; x_wconf 91' lang='lat' dir='ltr'>et</span> <span class='ocrx_word' id='word_1_181' title='bbox 140 1783 225 1841; x_wconf 92' lang='lat' dir='ltr'>omni</span> <span class='ocrx_word' id='word_1_182' title='bbox 239 1782 409 1855; x_wconf 83' lang='lat' dir='ltr'>exceptione</span> <span class='ocrx_word' id='word_1_183' title='bbox 422 1781 593 1838; x_wconf 91' lang='lat' dir='ltr'>maioribus.</span> 
     </span>
    </p>
   </div>
   <div class='ocr_carea' id='block_1_4' title="bbox 102 1864 1199 2440">
    <p class='ocr_par' dir='ltr' id='par_1_5' title="bbox 103 1864 1198 2007">
     <span class='ocr_line' id='line_1_22' title="bbox 135 1864 1198 1939; baseline -0.003 -17"><span class='ocrx_word' id='word_1_184' title='bbox 135 1869 166 1922; x_wconf 84' lang='lat'>6⁰</span> <span class='ocrx_word' id='word_1_185' title='bbox 186 1865 248 1934; x_wconf 86' lang='lat' dir='ltr'>Qui</span> <span class='ocrx_word' id='word_1_186' title='bbox 261 1864 362 1919; x_wconf 88' lang='lat' dir='ltr'>missas</span> <span class='ocrx_word' id='word_1_187' title='bbox 375 1881 443 1919; x_wconf 92' lang='lat' dir='ltr'>cum</span> <span class='ocrx_word' id='word_1_188' title='bbox 454 1882 506 1919; x_wconf 91' lang='lat' dir='ltr'>sua</span> <span class='ocrx_word' id='word_1_189' title='bbox 517 1866 702 1938; x_wconf 87' lang='lat' dir='ltr'>eleemosyna</span> <span class='ocrx_word' id='word_1_190' title='bbox 715 1866 836 1939; x_wconf 83' lang='lat' dir='ltr'>proprio</span> <span class='ocrx_word' id='word_1_191' title='bbox 850 1866 1007 1921; x_wconf 89' lang='lat' dir='ltr'>Ordinario</span> <span class='ocrx_word' id='word_1_192' title='bbox 1022 1879 1072 1921; x_wconf 89' lang='lat' dir='ltr'>aut</span> <span class='ocrx_word' id='word_1_193' title='bbox 1087 1868 1117 1922; x_wconf 88' lang='lat' dir='ltr'>S.</span> <span class='ocrx_word' id='word_1_194' title='bbox 1131 1866 1198 1921; x_wconf 87' lang='lat' dir='ltr'>Sedi</span> 
     </span>
     <span class='ocr_line' id='line_1_23' title="bbox 103 1936 1135 2007; baseline -0.002 -13"><span class='ocrx_word' id='word_1_195' title='bbox 103 1937 276 1994; x_wconf 89' lang='lat' dir='ltr'>tradiderint</span> <span class='ocrx_word' id='word_1_196' title='bbox 288 1936 324 1990; x_wconf 92' lang='lat' dir='ltr'>ab</span> <span class='ocrx_word' id='word_1_197' title='bbox 337 1936 419 1990; x_wconf 91' lang='lat' dir='ltr'>omni</span> <span class='ocrx_word' id='word_1_198' title='bbox 431 1936 610 2007; x_wconf 82' lang='lat' dir='ltr'>obligatione</span> <span class='ocrx_word' id='word_1_199' title='bbox 624 1954 725 1992; x_wconf 92' lang='lat' dir='ltr'>coram</span> <span class='ocrx_word' id='word_1_200' title='bbox 741 1939 802 1993; x_wconf 90' lang='lat' dir='ltr'>Deo</span> <span class='ocrx_word' id='word_1_201' title='bbox 816 1951 845 1993; x_wconf 89' lang='lat' dir='ltr'>et</span> <span class='ocrx_word' id='word_1_202' title='bbox 859 1937 989 1993; x_wconf 89' lang='lat' dir='ltr'>Ecclesia</span> <span class='ocrx_word' id='word_1_203' title='bbox 1003 1937 1135 1994; x_wconf 90' lang='lat' dir='ltr'>relevari.</span> 
     </span>
    </p>

    <p class='ocr_par' dir='ltr' id='par_1_6' title="bbox 102 2006 1199 2440">
     <span class='ocr_line' id='line_1_24' title="bbox 135 2006 1198 2080; baseline -0.002 -16"><span class='ocrx_word' id='word_1_204' title='bbox 135 2009 194 2078; x_wconf 88' lang='lat' dir='ltr'>Qui</span> <span class='ocrx_word' id='word_1_205' title='bbox 208 2024 280 2064; x_wconf 93' lang='lat' dir='ltr'>vero</span> <span class='ocrx_word' id='word_1_206' title='bbox 299 2006 400 2062; x_wconf 89' lang='lat' dir='ltr'>missas</span> <span class='ocrx_word' id='word_1_207' title='bbox 419 2024 435 2060; x_wconf 92' lang='lat' dir='ltr'>a</span> <span class='ocrx_word' id='word_1_208' title='bbox 452 2006 587 2063; x_wconf 91' lang='lat' dir='ltr'>fidelibus</span> <span class='ocrx_word' id='word_1_209' title='bbox 606 2022 764 2080; x_wconf 79' lang='lat' dir='ltr'>susceptaS,</span> <span class='ocrx_word' id='word_1_210' title='bbox 785 2020 836 2063; x_wconf 91' lang='lat' dir='ltr'>aut</span> <span class='ocrx_word' id='word_1_211' title='bbox 856 2021 1018 2080; x_wconf 93' lang='lat' dir='ltr'>utcumque</span> <span class='ocrx_word' id='word_1_212' title='bbox 1036 2026 1107 2078; x_wconf 86' lang='lat' dir='ltr'>suae</span> <span class='ocrx_word' id='word_1_213' title='bbox 1130 2007 1198 2063; x_wconf 87' lang='lat' dir='ltr'>fidei</span> 
     </span>
     <span class='ocr_line' id='line_1_25' title="bbox 102 2077 1199 2152; baseline -0.001 -17"><span class='ocrx_word' id='word_1_214' title='bbox 102 2080 284 2146; x_wconf 71' lang='lat' dir='ltr'>commissam,</span> <span class='ocrx_word' id='word_1_215' title='bbox 305 2077 369 2132; x_wconf 91' lang='lat' dir='ltr'>aliis</span> <span class='ocrx_word' id='word_1_216' title='bbox 382 2077 569 2133; x_wconf 88' lang='lat' dir='ltr'>celebrandas</span> <span class='ocrx_word' id='word_1_217' title='bbox 588 2079 770 2146; x_wconf 78' lang='lat' dir='ltr'>tradiderint,</span> <span class='ocrx_word' id='word_1_218' title='bbox 794 2079 974 2151; x_wconf 86' lang='lat' dir='ltr'>obligatione</span> <span class='ocrx_word' id='word_1_219' title='bbox 993 2080 1085 2136; x_wconf 91' lang='lat' dir='ltr'>teneri</span> <span class='ocrx_word' id='word_1_220' title='bbox 1103 2097 1199 2152; x_wconf 91' lang='lat' dir='ltr'>usque</span> 
     </span>
     <span class='ocr_line' id='line_1_26' title="bbox 103 2149 1199 2225; baseline -0.001 -19"><span class='ocrx_word' id='word_1_221' title='bbox 103 2152 171 2206; x_wconf 92' lang='lat' dir='ltr'>dum</span> <span class='ocrx_word' id='word_1_222' title='bbox 184 2163 322 2225; x_wconf 86' lang='lat' dir='ltr'>peractae</span> <span class='ocrx_word' id='word_1_223' title='bbox 341 2149 544 2205; x_wconf 89' lang='lat' dir='ltr'>celebrationis</span> <span class='ocrx_word' id='word_1_224' title='bbox 566 2149 655 2206; x_wconf 87' lang='lat' dir='ltr'>fidem</span> <span class='ocrx_word' id='word_1_225' title='bbox 669 2169 730 2206; x_wconf 92' lang='lat' dir='ltr'>non</span> <span class='ocrx_word' id='word_1_226' title='bbox 744 2151 802 2206; x_wconf 90' lang='lat' dir='ltr'>sint</span> <span class='ocrx_word' id='word_1_227' title='bbox 824 2151 946 2206; x_wconf 90' lang='lat' dir='ltr'>assecuti</span> <span class='ocrx_word' id='word_1_228' title='bbox 958 2171 965 2218; x_wconf 81' lang='lat'><em>3</em></span> <span class='ocrx_word' id='word_1_229' title='bbox 986 2152 1061 2207; x_wconf 91' lang='lat' dir='ltr'>adeo</span> <span class='ocrx_word' id='word_1_230' title='bbox 1075 2163 1108 2206; x_wconf 93' lang='lat' dir='ltr'>ut</span> <span class='ocrx_word' id='word_1_231' title='bbox 1126 2151 1150 2206; x_wconf 92' lang='lat' dir='ltr'>si</span> <span class='ocrx_word' id='word_1_232' title='bbox 1163 2169 1199 2205; x_wconf 87' lang='lat' dir='ltr'>ex</span> 
     </span>
     <span class='ocr_line' id='line_1_27' title="bbox 103 2220 1199 2294; baseline -0.002 -15"><span class='ocrx_word' id='word_1_233' title='bbox 103 2223 307 2294; x_wconf 89' lang='lat' dir='ltr'>eleemosynae</span> <span class='ocrx_word' id='word_1_234' title='bbox 318 2220 509 2292; x_wconf 88' lang='lat' dir='ltr'>dispersione,</span> <span class='ocrx_word' id='word_1_235' title='bbox 524 2239 559 2277; x_wconf 90' lang='lat' dir='ltr'>ex</span> <span class='ocrx_word' id='word_1_236' title='bbox 578 2235 673 2277; x_wconf 89' lang='lat' dir='ltr'>morte</span> <span class='ocrx_word' id='word_1_237' title='bbox 691 2222 859 2289; x_wconf 89' lang='lat' dir='ltr'>sacerdotis,</span> <span class='ocrx_word' id='word_1_238' title='bbox 874 2235 926 2277; x_wconf 89' lang='lat' dir='ltr'>aut</span> <span class='ocrx_word' id='word_1_239' title='bbox 940 2240 975 2277; x_wconf 91' lang='lat' dir='ltr'>ex</span> <span class='ocrx_word' id='word_1_240' title='bbox 993 2223 1051 2277; x_wconf 91' lang='lat' dir='ltr'>alia</span> <span class='ocrx_word' id='word_1_241' title='bbox 1068 2221 1199 2294; x_wconf 91' lang='lat' dir='ltr'>qualibet</span> 
     </span>
     <span class='ocr_line' id='line_1_28' title="bbox 103 2291 1198 2362; baseline -0.002 -13"><span class='ocrx_word' id='word_1_242' title='bbox 103 2295 187 2350; x_wconf 89' lang='lat' dir='ltr'>etiam</span> <span class='ocrx_word' id='word_1_243' title='bbox 210 2293 332 2349; x_wconf 88' lang='lat' dir='ltr'>fortuita</span> <span class='ocrx_word' id='word_1_244' title='bbox 360 2310 448 2347; x_wconf 91' lang='lat' dir='ltr'>causa</span> <span class='ocrx_word' id='word_1_245' title='bbox 467 2293 497 2347; x_wconf 93' lang='lat' dir='ltr'>in</span> <span class='ocrx_word' id='word_1_246' title='bbox 520 2291 636 2347; x_wconf 90' lang='lat' dir='ltr'>irritum</span> <span class='ocrx_word' id='word_1_247' title='bbox 659 2311 704 2348; x_wconf 91' lang='lat' dir='ltr'>res</span> <span class='ocrx_word' id='word_1_248' title='bbox 724 2293 850 2362; x_wconf 87' lang='lat' dir='ltr'>cesserit,</span> <span class='ocrx_word' id='word_1_249' title='bbox 874 2292 1061 2350; x_wconf 91' lang='lat' dir='ltr'>committens</span> <span class='ocrx_word' id='word_1_250' title='bbox 1085 2295 1121 2350; x_wconf 91' lang='lat' dir='ltr'>de</span> <span class='ocrx_word' id='word_1_251' title='bbox 1143 2311 1198 2349; x_wconf 90' lang='lat' dir='ltr'>suo</span> 
     </span>
     <span class='ocr_line' id='line_1_29' title="bbox 103 2363 852 2440; baseline 0 -19"><span class='ocrx_word' id='word_1_252' title='bbox 103 2367 238 2440; x_wconf 90' lang='lat' dir='ltr'>supplere</span> <span class='ocrx_word' id='word_1_253' title='bbox 252 2365 364 2431; x_wconf 89' lang='lat' dir='ltr'>debeat,</span> <span class='ocrx_word' id='word_1_254' title='bbox 380 2376 408 2418; x_wconf 93' lang='lat' dir='ltr'>et</span> <span class='ocrx_word' id='word_1_255' title='bbox 420 2363 517 2419; x_wconf 84' lang='lat' dir='ltr'>missis</span> <span class='ocrx_word' id='word_1_256' title='bbox 531 2364 694 2420; x_wconf 88' lang='lat' dir='ltr'>satisfacere</span> <span class='ocrx_word' id='word_1_257' title='bbox 707 2378 852 2422; x_wconf 87' lang='lat' dir='ltr'>teneatur.</span> 
     </span>
    </p>
   </div>
   <div class='ocr_carea' id='block_1_5' title="bbox 102 2447 1199 3309">
    <p class='ocr_par' dir='ltr' id='par_1_7' title="bbox 102 2447 1199 3309">
     <span class='ocr_line' id='line_1_30' title="bbox 135 2447 1198 2524; baseline -0.001 -18"><span class='ocrx_word' id='word_1_258' title='bbox 135 2464 165 2524; x_wconf 85' lang='lat'>70</span> <span class='ocrx_word' id='word_1_259' title='bbox 184 2447 336 2506; x_wconf 87' lang='lat' dir='ltr'>Ordinarii</span> <span class='ocrx_word' id='word_1_260' title='bbox 358 2447 522 2505; x_wconf 89' lang='lat' dir='ltr'>dioecesani</span> <span class='ocrx_word' id='word_1_261' title='bbox 544 2448 646 2505; x_wconf 90' lang='lat' dir='ltr'>missas</span> <span class='ocrx_word' id='word_1_262' title='bbox 665 2467 738 2522; x_wconf 88' lang='lat' dir='ltr'>quas</span> <span class='ocrx_word' id='word_1_263' title='bbox 758 2468 794 2505; x_wconf 83' lang='lat' dir='ltr'>ex</span> <span class='ocrx_word' id='word_1_264' title='bbox 806 2449 1043 2521; x_wconf 90' lang='lat' dir='ltr'>praecedentium</span> <span class='ocrx_word' id='word_1_265' title='bbox 1062 2448 1198 2505; x_wconf 87' lang='lat' dir='ltr'>articulo·</span> 
     </span>
     <span class='ocr_line' id='line_1_31' title="bbox 103 2520 1199 2595; baseline -0.002 -18"><span class='ocrx_word' id='word_1_266' title='bbox 103 2540 166 2577; x_wconf 92' lang='lat' dir='ltr'>rum</span> <span class='ocrx_word' id='word_1_267' title='bbox 189 2520 382 2595; x_wconf 88' lang='lat' dir='ltr'>dispositione</span> <span class='ocrx_word' id='word_1_268' title='bbox 403 2521 627 2590; x_wconf 86' lang='lat' dir='ltr'>coacervabunt,</span> <span class='ocrx_word' id='word_1_269' title='bbox 652 2522 750 2577; x_wconf 89' lang='lat' dir='ltr'>statim</span> <span class='ocrx_word' id='word_1_270' title='bbox 773 2539 808 2576; x_wconf 94' lang='lat' dir='ltr'>ex</span> <span class='ocrx_word' id='word_1_271' title='bbox 830 2522 934 2577; x_wconf 93' lang='lat' dir='ltr'>ordine</span> <span class='ocrx_word' id='word_1_272' title='bbox 953 2524 983 2576; x_wconf 88' lang='lat' dir='ltr'>in</span> <span class='ocrx_word' id='word_1_273' title='bbox 1003 2521 1112 2577; x_wconf 93' lang='lat' dir='ltr'>librum</span> <span class='ocrx_word' id='word_1_274' title='bbox 1131 2538 1199 2576; x_wconf 90' lang='lat' dir='ltr'>curn</span> 
     </span>
     <span class='ocr_line' id='line_1_32' title="bbox 102 2592 1199 2667; baseline 0.001 -20"><span class='ocrx_word' id='word_1_275' title='bbox 102 2593 261 2667; x_wconf 90' lang='lat' dir='ltr'>respectiva</span> <span class='ocrx_word' id='word_1_276' title='bbox 285 2592 469 2664; x_wconf 90' lang='lat' dir='ltr'>eleemosyna</span> <span class='ocrx_word' id='word_1_277' title='bbox 489 2592 623 2660; x_wconf 91' lang='lat' dir='ltr'>referent,</span> <span class='ocrx_word' id='word_1_278' title='bbox 646 2605 673 2647; x_wconf 94' lang='lat' dir='ltr'>et</span> <span class='ocrx_word' id='word_1_279' title='bbox 687 2593 833 2648; x_wconf 90' lang='lat' dir='ltr'>curabunt</span> <span class='ocrx_word' id='word_1_280' title='bbox 855 2611 908 2665; x_wconf 89' lang='lat' dir='ltr'>pro</span> <span class='ocrx_word' id='word_1_281' title='bbox 921 2594 1032 2649; x_wconf 92' lang='lat' dir='ltr'>viribus</span> <span class='ocrx_word' id='word_1_282' title='bbox 1056 2606 1199 2665; x_wconf 90' lang='lat' dir='ltr'>utquam</span> 
     </span>
     <span class='ocr_line' id='line_1_33' title="bbox 102 2662 1199 2746; baseline 0.001 -28"><span class='ocrx_word' id='word_1_283' title='bbox 102 2665 231 2746; x_wconf 91' lang='lat' dir='ltr'>primum</span> <span class='ocrx_word' id='word_1_284' title='bbox 245 2662 439 2731; x_wconf 89' lang='lat' dir='ltr'>celebrentur,</span> <span class='ocrx_word' id='word_1_285' title='bbox 455 2662 495 2718; x_wconf 93' lang='lat' dir='ltr'>ita</span> <span class='ocrx_word' id='word_1_286' title='bbox 505 2676 604 2718; x_wconf 91' lang='lat' dir='ltr'>tamen</span> <span class='ocrx_word' id='word_1_287' title='bbox 620 2676 652 2718; x_wconf 94' lang='lat' dir='ltr'>ut</span> <span class='ocrx_word' id='word_1_288' title='bbox 663 2664 744 2736; x_wconf 90' lang='lat' dir='ltr'>prius</span> <span class='ocrx_word' id='word_1_289' title='bbox 754 2664 942 2719; x_wconf 90' lang='lat' dir='ltr'>manualibus</span> <span class='ocrx_word' id='word_1_290' title='bbox 953 2663 1083 2731; x_wconf 89' lang='lat' dir='ltr'>satisfiat,</span> <span class='ocrx_word' id='word_1_291' title='bbox 1093 2663 1199 2719; x_wconf 90' lang='lat' dir='ltr'>deinde</span> 
     </span>
     <span class='ocr_line' id='line_1_34' title="bbox 103 2734 1199 2808; baseline -0.001 -17"><span class='ocrx_word' id='word_1_292' title='bbox 103 2736 135 2791; x_wconf 83' lang='lat' dir='ltr'>ris</span> <span class='ocrx_word' id='word_1_293' title='bbox 149 2754 227 2808; x_wconf 88' lang='lat' dir='ltr'>quae</span> <span class='ocrx_word' id='word_1_294' title='bbox 241 2736 278 2790; x_wconf 91' lang='lat' dir='ltr'>ad</span> <span class='ocrx_word' id='word_1_295' title='bbox 291 2735 383 2789; x_wconf 88' lang='lat' dir='ltr'>instar</span> <span class='ocrx_word' id='word_1_296' title='bbox 404 2734 589 2790; x_wconf 91' lang='lat' dir='ltr'>manualium</span> <span class='ocrx_word' id='word_1_297' title='bbox 604 2747 682 2790; x_wconf 86' lang='lat' dir='ltr'>sunt.</span> <span class='ocrx_word' id='word_1_298' title='bbox 705 2738 739 2789; x_wconf 91' lang='lat' dir='ltr'>ln</span> <span class='ocrx_word' id='word_1_299' title='bbox 759 2734 965 2791; x_wconf 90' lang='lat' dir='ltr'>distributione</span> <span class='ocrx_word' id='word_1_300' title='bbox 984 2748 1083 2790; x_wconf 91' lang='lat' dir='ltr'>autem</span> <span class='ocrx_word' id='word_1_301' title='bbox 1106 2753 1199 2790; x_wconf 92' lang='lat' dir='ltr'>serva·</span> 
     </span>
     <span class='ocr_line' id='line_1_35' title="bbox 104 2806 1198 2881; baseline -0.002 -18"><span class='ocrx_word' id='word_1_302' title='bbox 104 2808 174 2863; x_wconf 91' lang='lat' dir='ltr'>bunt</span> <span class='ocrx_word' id='word_1_303' title='bbox 197 2807 331 2879; x_wconf 89' lang='lat' dir='ltr'>regulam</span> <span class='ocrx_word' id='word_1_304' title='bbox 350 2806 457 2861; x_wconf 90' lang='lat' dir='ltr'>decreti</span> <span class='ocrx_word' id='word_1_305' title='bbox 486 2806 646 2881; x_wconf 79' lang='lat' dir='ltr'>Vigilanti,</span> <span class='ocrx_word' id='word_1_306' title='bbox 670 2806 780 2862; x_wconf 89' lang='lat' dir='ltr'>scilicet</span> <span class='ocrx_word' id='word_1_307' title='bbox 802 2827 819 2857; x_wconf 71' lang='lat' dir='ltr'>&lt;r</span> <span class='ocrx_word' id='word_1_308' title='bbox 842 2807 996 2863; x_wconf 90' lang='lat' dir='ltr'>missarum</span> <span class='ocrx_word' id='word_1_309' title='bbox 1021 2806 1198 2861; x_wconf 89' lang='lat' dir='ltr'>intentiones</span> 
     </span>
     <span class='ocr_line' id='line_1_36' title="bbox 103 2877 1198 2952; baseline -0.003 -18"><span class='ocrx_word' id='word_1_310' title='bbox 103 2879 229 2952; x_wconf 90' lang='lat' dir='ltr'>primum</span> <span class='ocrx_word' id='word_1_311' title='bbox 244 2877 425 2939; x_wconf 49' lang='lat' dir='ltr'>,distribuent</span> <span class='ocrx_word' id='word_1_312' title='bbox 447 2877 522 2932; x_wconf 90' lang='lat' dir='ltr'>inter</span> <span class='ocrx_word' id='word_1_313' title='bbox 546 2879 709 2933; x_wconf 89' lang='lat' dir='ltr'>sacerdotes</span> <span class='ocrx_word' id='word_1_314' title='bbox 733 2877 788 2933; x_wconf 92' lang='lat' dir='ltr'>sibi</span> <span class='ocrx_word' id='word_1_315' title='bbox 811 2878 957 2933; x_wconf 92' lang='lat' dir='ltr'>subiectos</span> <span class='ocrx_word' id='word_1_316' title='bbox 975 2896 1050 2950; x_wconf 92' lang='lat' dir='ltr'>quos</span> <span class='ocrx_word' id='word_1_317' title='bbox 1069 2878 1104 2933; x_wconf 91' lang='lat' dir='ltr'>iis</span> <span class='ocrx_word' id='word_1_318' title='bbox 1125 2877 1198 2932; x_wconf 93' lang='lat' dir='ltr'>indi-</span> 
     </span>
     <span class='ocr_line' id='line_1_37' title="bbox 103 2948 1198 3021; baseline -0.002 -16"><span class='ocrx_word' id='word_1_319' title='bbox 103 2968 165 3021; x_wconf 87' lang='lat' dir='ltr'>gere</span> <span class='ocrx_word' id='word_1_320' title='bbox 178 2962 342 3017; x_wconf 90' lang='lat' dir='ltr'>noverunt;</span> <span class='ocrx_word' id='word_1_321' title='bbox 367 2948 438 3004; x_wconf 87' lang='lat' dir='ltr'>alias</span> <span class='ocrx_word' id='word_1_322' title='bbox 453 2948 559 3005; x_wconf 90' lang='lat' dir='ltr'>deinde</span> <span class='ocrx_word' id='word_1_323' title='bbox 572 2961 622 3003; x_wconf 91' lang='lat' dir='ltr'>aut</span> <span class='ocrx_word' id='word_1_324' title='bbox 636 2950 666 3004; x_wconf 89' lang='lat' dir='ltr'>S.</span> <span class='ocrx_word' id='word_1_325' title='bbox 682 2949 760 3016; x_wconf 86' lang='lat' dir='ltr'>Sedi,</span> <span class='ocrx_word' id='word_1_326' title='bbox 782 2961 833 3004; x_wconf 92' lang='lat' dir='ltr'>aut</span> <span class='ocrx_word' id='word_1_327' title='bbox 852 2950 916 3005; x_wconf 90' lang='lat' dir='ltr'>aliis</span> <span class='ocrx_word' id='word_1_328' title='bbox 941 2949 1104 3005; x_wconf 90' lang='lat' dir='ltr'>Ordinariis</span> <span class='ocrx_word' id='word_1_329' title='bbox 1119 2966 1198 3003; x_wconf 90' lang='lat' dir='ltr'>com-</span> 
     </span>
     <span class='ocr_line' id='line_1_38' title="bbox 103 3020 1199 3089; baseline 0 -14"><span class='ocrx_word' id='word_1_330' title='bbox 103 3022 225 3088; x_wconf 89' lang='lat' dir='ltr'>mittent,</span> <span class='ocrx_word' id='word_1_331' title='bbox 235 3034 286 3077; x_wconf 92' lang='lat' dir='ltr'>aut</span> <span class='ocrx_word' id='word_1_332' title='bbox 297 3020 394 3089; x_wconf 87' lang='lat' dir='ltr'>etiam,</span> <span class='ocrx_word' id='word_1_333' title='bbox 402 3020 426 3075; x_wconf 91' lang='lat' dir='ltr'>si</span> <span class='ocrx_word' id='word_1_334' title='bbox 437 3020 535 3088; x_wconf 89' lang='lat' dir='ltr'>velint,</span> <span class='ocrx_word' id='word_1_335' title='bbox 546 3020 745 3077; x_wconf 89' lang='lat' dir='ltr'>sacerdotibus</span> <span class='ocrx_word' id='word_1_336' title='bbox 755 3021 1026 3085; x_wconf 88' lang='lat' dir='ltr'>extradioecesanis,</span> <span class='ocrx_word' id='word_1_337' title='bbox 1035 3020 1199 3075; x_wconf 91' lang='lat' dir='ltr'>dummodo</span> 
     </span>
     <span class='ocr_line' id='line_1_39' title="bbox 104 3091 1198 3165; baseline 0 -19"><span class='ocrx_word' id='word_1_338' title='bbox 104 3092 152 3149; x_wconf 91' lang='lat' dir='ltr'>sibi</span> <span class='ocrx_word' id='word_1_339' title='bbox 174 3093 240 3148; x_wconf 92' lang='lat' dir='ltr'>noti</span> <span class='ocrx_word' id='word_1_340' title='bbox 262 3092 321 3147; x_wconf 93' lang='lat' dir='ltr'>sint</span> <span class='ocrx_word' id='word_1_341' title='bbox 341 3092 483 3164; x_wconf 92' lang='lat' dir='ltr'>omnique</span> <span class='ocrx_word' id='word_1_342' title='bbox 505 3092 675 3165; x_wconf 89' lang='lat' dir='ltr'>exceptione</span> <span class='ocrx_word' id='word_1_343' title='bbox 695 3091 830 3160; x_wconf 92' lang='lat' dir='ltr'>maiores,</span> <span class='ocrx_word' id='word_1_344' title='bbox 855 3091 941 3146; x_wconf 90' lang='lat' dir='ltr'>firma</span> <span class='ocrx_word' id='word_1_345' title='bbox 963 3108 1078 3162; x_wconf 90' lang='lat' dir='ltr'>semper</span> <span class='ocrx_word' id='word_1_346' title='bbox 1096 3092 1198 3162; x_wconf 91' lang='lat' dir='ltr'>regula</span> 
     </span>
     <span class='ocr_line' id='line_1_40' title="bbox 104 3162 1199 3245; baseline 0 -28"><span class='ocrx_word' id='word_1_347' title='bbox 104 3176 152 3221; x_wconf 87' lang='lat' dir='ltr'>art.</span> <span class='ocrx_word' id='word_1_348' title='bbox 168 3168 194 3233; x_wconf 88' lang='lat'>6,</span> <span class='ocrx_word' id='word_1_349' title='bbox 205 3166 247 3245; x_wconf 85' lang='lat' dir='ltr'>¹de</span> <span class='ocrx_word' id='word_1_350' title='bbox 260 3163 451 3235; x_wconf 91' lang='lat' dir='ltr'>obligatione,</span> <span class='ocrx_word' id='word_1_351' title='bbox 464 3163 789 3219; x_wconf 89' lang='lat' dir='ltr'>donecasacerdotibus</span> <span class='ocrx_word' id='word_1_352' title='bbox 800 3177 881 3220; x_wconf 90' lang='lat' dir='ltr'>actae</span> <span class='ocrx_word' id='word_1_353' title='bbox 890 3162 1095 3219; x_wconf 89' lang='lat' dir='ltr'>celebrationis</span> <span class='ocrx_word' id='word_1_354' title='bbox 1109 3162 1199 3217; x_wconf 91' lang='lat' dir='ltr'>fidem</span> 
     </span>
     <span class='ocr_line' id='line_1_41' title="bbox 105 3249 257 3309; baseline 0.013 -20"><span class='ocrx_word' id='word_1_355' title='bbox 105 3249 257 3309; x_wconf 82' lang='lat' dir='ltr'>exegerint.</span> 
     </span>
    </p>
   </div>
   <div class='ocr_carea' id='block_1_6' title="bbox 136 3315 1203 3389">
    <p class='ocr_par' dir='ltr' id='par_1_8' title="bbox 136 3315 1203 3389">
     <span class='ocr_line' id='line_1_42' title="bbox 136 3315 1203 3389; baseline -0.004 -15"><span class='ocrx_word' id='word_1_356' title='bbox 136 3319 165 3374; x_wconf 89' lang='lat'>80</span> <span class='ocrx_word' id='word_1_357' title='bbox 176 3320 310 3375; x_wconf 93' lang='lat' dir='ltr'>Vetitum</span> <span class='ocrx_word' id='word_1_358' title='bbox 321 3317 427 3389; x_wconf 91' lang='lat' dir='ltr'>cuique</span> <span class='ocrx_word' id='word_1_359' title='bbox 437 3318 561 3373; x_wconf 91' lang='lat' dir='ltr'>omnino</span> <span class='ocrx_word' id='word_1_360' title='bbox 571 3334 634 3373; x_wconf 90' lang='lat' dir='ltr'>esse</span> <span class='ocrx_word' id='word_1_361' title='bbox 647 3318 803 3373; x_wconf 86' lang='lat' dir='ltr'>missarum</span> <span class='ocrx_word' id='word_1_362' title='bbox 818 3317 1012 3389; x_wconf 89' lang='lat' dir='ltr'>obligationes</span> <span class='ocrx_word' id='word_1_363' title='bbox 1027 3328 1055 3371; x_wconf 92' lang='lat' dir='ltr'>et</span> <span class='ocrx_word' id='word_1_364' title='bbox 1067 3315 1203 3388; x_wconf 90' lang='lat' dir='ltr'>ipsarum</span> 
     </span>
    </p>
   </div>
   <div class='ocr_carea' id='block_1_7' title="bbox 104 3386 1198 4319">
    <p class='ocr_par' dir='ltr' id='par_1_9' title="bbox 104 3386 1198 4319">
     <span class='ocr_line' id='line_1_43' title="bbox 105 3386 1198 3463; baseline -0.002 -20"><span class='ocrx_word' id='word_1_365' title='bbox 105 3390 310 3463; x_wconf 89' lang='lat' dir='ltr'>eleemosynas,</span> <span class='ocrx_word' id='word_1_366' title='bbox 322 3408 339 3444; x_wconf 94' lang='lat' dir='ltr'>a</span> <span class='ocrx_word' id='word_1_367' title='bbox 352 3388 488 3445; x_wconf 91' lang='lat' dir='ltr'>fidelibus</span> <span class='ocrx_word' id='word_1_368' title='bbox 499 3389 544 3445; x_wconf 93' lang='lat' dir='ltr'>vel</span> <span class='ocrx_word' id='word_1_369' title='bbox 557 3390 629 3444; x_wconf 90' lang='lat' dir='ltr'>locis</span> <span class='ocrx_word' id='word_1_370' title='bbox 639 3389 694 3461; x_wconf 92' lang='lat' dir='ltr'>piis</span> <span class='ocrx_word' id='word_1_371' title='bbox 708 3400 850 3461; x_wconf 89' lang='lat' dir='ltr'>acceptas,</span> <span class='ocrx_word' id='word_1_372' title='bbox 866 3390 979 3444; x_wconf 91' lang='lat' dir='ltr'>tradere</span> <span class='ocrx_word' id='word_1_373' title='bbox 989 3386 1159 3460; x_wconf 90' lang='lat' dir='ltr'>bibliopolis</span> <span class='ocrx_word' id='word_1_374' title='bbox 1169 3400 1198 3441; x_wconf 93' lang='lat' dir='ltr'>et</span> 
     </span>
     <span class='ocr_line' id='line_1_44' title="bbox 105 3458 1197 3534; baseline -0.004 -18"><span class='ocrx_word' id='word_1_375' title='bbox 105 3463 320 3531; x_wconf 88' lang='lat' dir='ltr'>mercatoribus,</span> <span class='ocrx_word' id='word_1_376' title='bbox 332 3460 494 3516; x_wconf 89' lang='lat' dir='ltr'>diariorum</span> <span class='ocrx_word' id='word_1_377' title='bbox 504 3474 532 3517; x_wconf 89' lang='lat' dir='ltr'>et</span> <span class='ocrx_word' id='word_1_378' title='bbox 543 3461 764 3534; x_wconf 90' lang='lat' dir='ltr'>ephemeridum</span> <span class='ocrx_word' id='word_1_379' title='bbox 774 3460 1070 3525; x_wconf 90' lang='lat' dir='ltr'>administratoribus,</span> <span class='ocrx_word' id='word_1_380' title='bbox 1083 3458 1197 3513; x_wconf 90' lang='lat' dir='ltr'>etiamsi</span> 
     </span>
     <span class='ocr_line' id='line_1_45' title="bbox 104 3530 1197 3609; baseline -0.004 -23"><span class='ocrx_word' id='word_1_381' title='bbox 104 3532 227 3605; x_wconf 89' lang='lat' dir='ltr'>religiosi</span> <span class='ocrx_word' id='word_1_382' title='bbox 255 3533 309 3590; x_wconf 92' lang='lat' dir='ltr'>viri</span> <span class='ocrx_word' id='word_1_383' title='bbox 336 3532 402 3598; x_wconf 92' lang='lat' dir='ltr'>sint,</span> <span class='ocrx_word' id='word_1_384' title='bbox 424 3549 478 3587; x_wconf 89' lang='lat' dir='ltr'>nec</span> <span class='ocrx_word' id='word_1_385' title='bbox 497 3549 558 3587; x_wconf 91' lang='lat' dir='ltr'>non</span> <span class='ocrx_word' id='word_1_386' title='bbox 578 3532 779 3587; x_wconf 88' lang='lat' dir='ltr'>venditoribus</span> <span class='ocrx_word' id='word_1_387' title='bbox 798 3548 949 3587; x_wconf 91' lang='lat' dir='ltr'>sacrorum</span> <span class='ocrx_word' id='word_1_388' title='bbox 969 3530 1197 3609; x_wconf 73' lang='lat' dir='ltr'>utensiliumet</span> 
     </span>
     <span class='ocr_line' id='line_1_46' title="bbox 105 3602 1196 3676; baseline -0.002 -21"><span class='ocrx_word' id='word_1_389' title='bbox 105 3602 351 3671; x_wconf 90' lang='lat' dir='ltr'>indumentorum,</span> <span class='ocrx_word' id='word_1_390' title='bbox 375 3604 509 3676; x_wconf 90' lang='lat' dir='ltr'>quamvis</span> <span class='ocrx_word' id='word_1_391' title='bbox 532 3604 580 3675; x_wconf 90' lang='lat' dir='ltr'>pia</span> <span class='ocrx_word' id='word_1_392' title='bbox 604 3616 631 3658; x_wconf 90' lang='lat' dir='ltr'>et</span> <span class='ocrx_word' id='word_1_393' title='bbox 656 3602 791 3675; x_wconf 88' lang='lat' dir='ltr'>religiosa</span> <span class='ocrx_word' id='word_1_394' title='bbox 817 3603 958 3670; x_wconf 88' lang='lat' dir='ltr'>instituta,</span> <span class='ocrx_word' id='word_1_395' title='bbox 983 3615 1011 3657; x_wconf 90' lang='lat' dir='ltr'>et</span> <span class='ocrx_word' id='word_1_396' title='bbox 1034 3612 1196 3673; x_wconf 78' lang='lat' dir='ltr'>generatim</span> 
     </span>
     <span class='ocr_line' id='line_1_47' title="bbox 106 3673 1194 3746; baseline -0.004 -17"><span class='ocrx_word' id='word_1_397' title='bbox 106 3674 287 3746; x_wconf 91' lang='lat' dir='ltr'>quibuslibet,</span> <span class='ocrx_word' id='word_1_398' title='bbox 311 3675 400 3731; x_wconf 91' lang='lat' dir='ltr'>etiam</span> <span class='ocrx_word' id='word_1_399' title='bbox 420 3674 619 3730; x_wconf 86' lang='lat' dir='ltr'>ecclesiasticis</span> <span class='ocrx_word' id='word_1_400' title='bbox 643 3674 721 3739; x_wconf 90' lang='lat' dir='ltr'>viris,</span> <span class='ocrx_word' id='word_1_401' title='bbox 748 3674 800 3746; x_wconf 94' lang='lat' dir='ltr'>qui</span> <span class='ocrx_word' id='word_1_402' title='bbox 823 3673 925 3729; x_wconf 88' lang='lat' dir='ltr'>missas</span> <span class='ocrx_word' id='word_1_403' title='bbox 947 3674 1108 3746; x_wconf 90' lang='lat' dir='ltr'>requirant,</span> <span class='ocrx_word' id='word_1_404' title='bbox 1132 3687 1194 3726; x_wconf 90' lang='lat' dir='ltr'>nou</span> 
     </span>
     <span class='ocr_line' id='line_1_48' title="bbox 105 3741 1193 3819; baseline -0.004 -20"><span class='ocrx_word' id='word_1_405' title='bbox 105 3747 223 3803; x_wconf 89' lang='lat' dir='ltr'>taxative</span> <span class='ocrx_word' id='word_1_406' title='bbox 238 3761 270 3802; x_wconf 92' lang='lat' dir='ltr'>ut</span> <span class='ocrx_word' id='word_1_407' title='bbox 285 3764 333 3803; x_wconf 89' lang='lat' dir='ltr'>eas</span> <span class='ocrx_word' id='word_1_408' title='bbox 346 3747 493 3802; x_wconf 91' lang='lat' dir='ltr'>celebrent</span> <span class='ocrx_word' id='word_1_409' title='bbox 512 3746 571 3802; x_wconf 88' lang='lat' dir='ltr'>sive</span> <span class='ocrx_word' id='word_1_410' title='bbox 584 3763 635 3819; x_wconf 91' lang='lat' dir='ltr'>per</span> <span class='ocrx_word' id='word_1_411' title='bbox 649 3763 679 3801; x_wconf 89' lang='lat' dir='ltr'>se</span> <span class='ocrx_word' id='word_1_412' title='bbox 698 3746 758 3801; x_wconf 87' lang='lat' dir='ltr'>sive</span> <span class='ocrx_word' id='word_1_413' title='bbox 772 3762 824 3817; x_wconf 91' lang='lat' dir='ltr'>per</span> <span class='ocrx_word' id='word_1_414' title='bbox 842 3745 1007 3800; x_wconf 90' lang='lat' dir='ltr'>sacerdotes</span> <span class='ocrx_word' id='word_1_415' title='bbox 1026 3743 1080 3799; x_wconf 92' lang='lat' dir='ltr'>sibi</span> <span class='ocrx_word' id='word_1_416' title='bbox 1094 3741 1193 3797; x_wconf 92' lang='lat' dir='ltr'>subdi·</span> 
     </span>
     <span class='ocr_line' id='line_1_49' title="bbox 106 3812 1193 3889; baseline -0.004 -18"><span class='ocrx_word' id='word_1_417' title='bbox 106 3828 155 3886; x_wconf 89' lang='lat' dir='ltr'>tos,</span> <span class='ocrx_word' id='word_1_418' title='bbox 174 3819 226 3874; x_wconf 91' lang='lat' dir='ltr'>sed</span> <span class='ocrx_word' id='word_1_419' title='bbox 244 3820 283 3873; x_wconf 94' lang='lat' dir='ltr'>ob</span> <span class='ocrx_word' id='word_1_420' title='bbox 299 3817 392 3873; x_wconf 90' lang='lat' dir='ltr'>alium</span> <span class='ocrx_word' id='word_1_421' title='bbox 412 3818 582 3889; x_wconf 91' lang='lat' dir='ltr'>quemlibet,</span> <span class='ocrx_word' id='word_1_422' title='bbox 604 3816 738 3889; x_wconf 92' lang='lat' dir='ltr'>quamvis</span> <span class='ocrx_word' id='word_1_423' title='bbox 759 3816 916 3888; x_wconf 88' lang='lat' dir='ltr'>optimum,</span> <span class='ocrx_word' id='word_1_424' title='bbox 931 3815 1032 3871; x_wconf 91' lang='lat' dir='ltr'>finem.</span> <span class='ocrx_word' id='word_1_425' title='bbox 1054 3812 1193 3869; x_wconf 90' lang='lat' dir='ltr'>Constitit</span> 
     </span>
     <span class='ocr_line' id='line_1_50' title="bbox 107 3884 1191 3961; baseline -0.002 -20"><span class='ocrx_word' id='word_1_426' title='bbox 107 3888 179 3944; x_wconf 89' lang='lat' dir='ltr'>enim</span> <span class='ocrx_word' id='word_1_427' title='bbox 193 3890 222 3945; x_wconf 92' lang='lat' dir='ltr'>id</span> <span class='ocrx_word' id='word_1_428' title='bbox 235 3888 310 3945; x_wconf 89' lang='lat' dir='ltr'>effici</span> <span class='ocrx_word' id='word_1_429' title='bbox 323 3907 385 3945; x_wconf 90' lang='lat' dir='ltr'>non</span> <span class='ocrx_word' id='word_1_430' title='bbox 398 3906 482 3961; x_wconf 93' lang='lat' dir='ltr'>posse</span> <span class='ocrx_word' id='word_1_431' title='bbox 496 3884 552 3943; x_wconf 91' lang='lat' dir='ltr'>nisi</span> <span class='ocrx_word' id='word_1_432' title='bbox 565 3888 685 3960; x_wconf 90' lang='lat' dir='ltr'>aliquod</span> <span class='ocrx_word' id='word_1_433' title='bbox 700 3888 869 3943; x_wconf 90' lang='lat' dir='ltr'>commercii</span> <span class='ocrx_word' id='word_1_434' title='bbox 882 3904 974 3959; x_wconf 90' lang='lat' dir='ltr'>genus</span> <span class='ocrx_word' id='word_1_435' title='bbox 984 3904 1053 3941; x_wconf 90' lang='lat' dir='ltr'>curn</span> <span class='ocrx_word' id='word_1_436' title='bbox 1066 3886 1191 3941; x_wconf 90' lang='lat' dir='ltr'>eleemo-</span> 
     </span>
     <span class='ocr_line' id='line_1_51' title="bbox 108 3957 1191 4032; baseline -0.003 -20"><span class='ocrx_word' id='word_1_437' title='bbox 108 3960 179 4030; x_wconf 86' lang='lat' dir='ltr'>synis</span> <span class='ocrx_word' id='word_1_438' title='bbox 191 3961 347 4017; x_wconf 92' lang='lat' dir='ltr'>missarum</span> <span class='ocrx_word' id='word_1_439' title='bbox 360 3962 483 4032; x_wconf 89' lang='lat' dir='ltr'>agend0,</span> <span class='ocrx_word' id='word_1_440' title='bbox 497 3973 548 4016; x_wconf 88' lang='lat' dir='ltr'>aut</span> <span class='ocrx_word' id='word_1_441' title='bbox 561 3960 761 4031; x_wconf 91' lang='lat' dir='ltr'>eleemosynas</span> <span class='ocrx_word' id='word_1_442' title='bbox 775 3958 850 4030; x_wconf 93' lang='lat' dir='ltr'>ipsas</span> <span class='ocrx_word' id='word_1_443' title='bbox 863 3958 1087 4013; x_wconf 87' lang='lat' dir='ltr'>imminuendo:</span> <span class='ocrx_word' id='word_1_444' title='bbox 1108 3957 1191 4028; x_wconf 92' lang='lat' dir='ltr'>quod</span> 
     </span>
     <span class='ocr_line' id='line_1_52' title="bbox 108 4027 1189 4105; baseline -0.002 -22"><span class='ocrx_word' id='word_1_445' title='bbox 108 4042 258 4105; x_wconf 91' lang='lat' dir='ltr'>utrumque</span> <span class='ocrx_word' id='word_1_446' title='bbox 270 4032 433 4105; x_wconf 89' lang='lat' dir='ltr'>praecaveri</span> <span class='ocrx_word' id='word_1_447' title='bbox 447 4032 552 4087; x_wconf 90' lang='lat' dir='ltr'>debere</span> <span class='ocrx_word' id='word_1_448' title='bbox 565 4033 595 4088; x_wconf 79' lang='lat' dir='ltr'>S.</span> <span class='ocrx_word' id='word_1_449' title='bbox 612 4030 808 4102; x_wconf 89' lang='lat' dir='ltr'>Congregatio</span> <span class='ocrx_word' id='word_1_450' title='bbox 821 4031 944 4086; x_wconf 87' lang='lat' dir='ltr'>censuit.</span> <span class='ocrx_word' id='word_1_451' title='bbox 960 4031 1148 4101; x_wconf 91' lang='lat' dir='ltr'>Quapropter</span> <span class='ocrx_word' id='word_1_452' title='bbox 1159 4027 1189 4081; x_wconf 91' lang='lat' dir='ltr'>in</span> 
     </span>
     <span class='ocr_line' id='line_1_53' title="bbox 109 4099 1189 4177; baseline -0.006 -20"><span class='ocrx_word' id='word_1_453' title='bbox 109 4115 249 4170; x_wconf 86' lang='lat' dir='ltr'>posterum</span> <span class='ocrx_word' id='word_1_454' title='bbox 267 4103 389 4177; x_wconf 91' lang='lat' dir='ltr'>quilibet</span> <span class='ocrx_word' id='word_1_455' title='bbox 403 4103 479 4159; x_wconf 89' lang='lat' dir='ltr'>hanc</span> <span class='ocrx_word' id='word_1_456' title='bbox 498 4104 593 4176; x_wconf 89' lang='lat' dir='ltr'>legem</span> <span class='ocrx_word' id='word_1_457' title='bbox 606 4102 714 4157; x_wconf 91' lang='lat' dir='ltr'>violare</span> <span class='ocrx_word' id='word_1_458' title='bbox 732 4101 970 4173; x_wconf 91' lang='lat' dir='ltr'>praesumpserit,</span> <span class='ocrx_word' id='word_1_459' title='bbox 991 4113 1042 4155; x_wconf 91' lang='lat' dir='ltr'>aut</span> <span class='ocrx_word' id='word_1_460' title='bbox 1064 4099 1189 4154; x_wconf 91' lang='lat' dir='ltr'>scienter</span> 
     </span>
     <span class='ocr_line' id='line_1_54' title="bbox 111 4174 1188 4246; baseline 0 -23"><span class='ocrx_word' id='word_1_461' title='bbox 111 4174 241 4229; x_wconf 89' lang='lat' dir='ltr'>tradendo</span> <span class='ocrx_word' id='word_1_462' title='bbox 258 4174 358 4229; x_wconf 89' lang='lat' dir='ltr'>missas</span> <span class='ocrx_word' id='word_1_463' title='bbox 373 4187 406 4229; x_wconf 94' lang='lat' dir='ltr'>ut</span> <span class='ocrx_word' id='word_1_464' title='bbox 421 4192 517 4246; x_wconf 89' lang='lat' dir='ltr'>supra,</span> <span class='ocrx_word' id='word_1_465' title='bbox 532 4187 583 4229; x_wconf 90' lang='lat' dir='ltr'>aut</span> <span class='ocrx_word' id='word_1_466' title='bbox 596 4191 644 4229; x_wconf 92' lang='lat' dir='ltr'>eas</span> <span class='ocrx_word' id='word_1_467' title='bbox 657 4174 846 4245; x_wconf 72' lang='lat' dir='ltr'>acceptando</span> <span class='ocrx_word' id='word_1_468' title='bbox 863 4185 977 4245; x_wconf 90' lang='lat' dir='ltr'>praeter</span> <span class='ocrx_word' id='word_1_469' title='bbox 990 4188 1075 4245; x_wconf 91' lang='lat' dir='ltr'>grave</span> <span class='ocrx_word' id='word_1_470' title='bbox 1088 4186 1188 4245; x_wconf 90' lang='lat' dir='ltr'>pecca·</span> 
     </span>
     <span class='ocr_line' id='line_1_55' title="bbox 110 4244 944 4319; baseline -0.001 -20"><span class='ocrx_word' id='word_1_471' title='bbox 110 4254 164 4301; x_wconf 87' lang='lat' dir='ltr'>tum</span> <span class='ocrx_word' id='word_1_472' title='bbox 178 4245 258 4318; x_wconf 92' lang='lat' dir='ltr'>quod</span> <span class='ocrx_word' id='word_1_473' title='bbox 271 4246 404 4319; x_wconf 90' lang='lat' dir='ltr'>patrabit,</span> <span class='ocrx_word' id='word_1_474' title='bbox 419 4246 449 4300; x_wconf 92' lang='lat' dir='ltr'>in</span> <span class='ocrx_word' id='word_1_475' title='bbox 460 4262 569 4319; x_wconf 92' lang='lat' dir='ltr'>poenas</span> <span class='ocrx_word' id='word_1_476' title='bbox 582 4244 657 4300; x_wconf 91' lang='lat' dir='ltr'>insra</span> <span class='ocrx_word' id='word_1_477' title='bbox 671 4256 792 4300; x_wconf 90' lang='lat' dir='ltr'>statutas</span> <span class='ocrx_word' id='word_1_478' title='bbox 805 4244 944 4299; x_wconf 90' lang='lat' dir='ltr'>incurret.</span> 
     </span>
    </p>
   </div>
   <div class='ocr_carea' id='block_1_8' title="bbox 1252 428 1421 822">
    <p class='ocr_par' dir='ltr' id='par_1_10' title="bbox 1254 428 1364 476">
     <span class='ocr_line' id='line_1_56' title="bbox 1254 428 1364 476; baseline 0.018 -2"><span class='ocrx_word' id='word_1_479' title='bbox 1254 428 1364 476; x_wconf 81' lang='lat' dir='ltr'>tradendi</span> 
     </span>
    </p>

    <p class='ocr_par' dir='ltr' id='par_1_11' title="bbox 1252 488 1421 822">
     <span class='ocr_line' id='line_1_57' title="bbox 1252 488 1415 535; baseline -0.012 -2"><span class='ocrx_word' id='word_1_480' title='bbox 1252 489 1340 534; x_wconf 81' lang='lat' dir='ltr'>missas</span> <span class='ocrx_word' id='word_1_481' title='bbox 1367 488 1415 535; x_wconf 85' lang='lat' dir='ltr'>Or-</span> 
     </span>
     <span class='ocr_line' id='line_1_58' title="bbox 1252 543 1415 592; baseline 0.012 -2"><span class='ocrx_word' id='word_1_482' title='bbox 1252 543 1359 592; x_wconf 80' lang='lat' dir='ltr'>dinariis</span> <span class='ocrx_word' id='word_1_483' title='bbox 1387 559 1415 592; x_wconf 72' lang='lat' dir='ltr'>ex</span> 
     </span>
     <span class='ocr_line' id='line_1_59' title="bbox 1252 601 1414 661; baseline 0.012 -14"><span class='ocrx_word' id='word_1_484' title='bbox 1252 601 1314 650; x_wconf 77' lang='lat' dir='ltr'>decr.</span> <span class='ocrx_word' id='word_1_485' title='bbox 1340 601 1414 661; x_wconf 90' lang='lat' dir='ltr'>Vigi-</span> 
     </span>
     <span class='ocr_line' id='line_1_60' title="bbox 1253 659 1416 707; baseline -0.006 -1"><span class='ocrx_word' id='word_1_486' title='bbox 1253 659 1320 707; x_wconf 83' lang='lat' dir='ltr'>lauti</span> <span class='ocrx_word' id='word_1_487' title='bbox 1331 674 1416 706; x_wconf 85' lang='lat' dir='ltr'>memo-</span> 
     </span>
     <span class='ocr_line' id='line_1_61' title="bbox 1253 718 1421 764; baseline 0 -2"><span class='ocrx_word' id='word_1_488' title='bbox 1253 721 1322 763; x_wconf 81' lang='lat' dir='ltr'>ratur</span> <span class='ocrx_word' id='word_1_489' title='bbox 1338 723 1359 763; x_wconf 81' lang='lat' dir='ltr'>ct</span> <span class='ocrx_word' id='word_1_490' title='bbox 1378 718 1421 764; x_wconf 59' lang='lat' dir='ltr'>de?</span> 
     </span>
     <span class='ocr_line' id='line_1_62' title="bbox 1253 775 1369 822; baseline 0 0"><span class='ocrx_word' id='word_1_491' title='bbox 1253 775 1369 822; x_wconf 75' lang='lat' dir='ltr'>claretur.</span> 
     </span>
    </p>
   </div>
   <div class='ocr_carea' id='block_1_9' title="bbox 1248 1437 1420 1716">
    <p class='ocr_par' dir='ltr' id='par_1_12' title="bbox 1248 1437 1420 1716">
     <span class='ocr_line' id='line_1_63' title="bbox 1282 1437 1420 1496; baseline 0 -14"><span class='ocrx_word' id='word_1_492' title='bbox 1282 1437 1384 1496; x_wconf 72' lang='lat' dir='ltr'>Quibus-</span> <span class='ocrx_word' id='word_1_493' title='bbox 1417 1439 1420 1445; x_wconf 82' lang='lat'>&#39;</span> 
     </span>
     <span class='ocr_line' id='line_1_64' title="bbox 1252 1493 1414 1541; baseline -0.006 -1"><span class='ocrx_word' id='word_1_494' title='bbox 1252 1508 1309 1541; x_wconf 86' lang='lat' dir='ltr'>nam</span> <span class='ocrx_word' id='word_1_495' title='bbox 1349 1493 1414 1540; x_wconf 83' lang='lat' dir='ltr'>tradi</span> 
     </span>
     <span class='ocr_line' id='line_1_65' title="bbox 1248 1553 1415 1612; baseline -0.012 -13"><span class='ocrx_word' id='word_1_496' title='bbox 1248 1553 1342 1612; x_wconf 75' lang='lat' dir='ltr'>possint</span> <span class='ocrx_word' id='word_1_497' title='bbox 1356 1555 1415 1598; x_wconf 81' lang='lat' dir='ltr'>mis·</span> 
     </span>
     <span class='ocr_line' id='line_1_66' title="bbox 1251 1616 1414 1670; baseline 0 -14"><span class='ocrx_word' id='word_1_498' title='bbox 1251 1624 1292 1656; x_wconf 79' lang='lat' dir='ltr'>sac</span> <span class='ocrx_word' id='word_1_499' title='bbox 1311 1616 1414 1670; x_wconf 78' lang='lat' dir='ltr'>accepta·</span> 
     </span>
     <span class='ocr_line' id='line_1_67' title="bbox 1253 1673 1299 1716; baseline 0.043 -2"><span class='ocrx_word' id='word_1_500' title='bbox 1253 1673 1299 1716; x_wconf 81' lang='lat' dir='ltr'>tae.</span> 
     </span>
    </p>
   </div>
   <div class='ocr_carea' id='block_1_10' title="bbox 1251 1880 1419 2163">
    <p class='ocr_par' dir='ltr' id='par_1_13' title="bbox 1251 1880 1419 2163">
     <span class='ocr_line' id='line_1_68' title="bbox 1281 1880 1403 1937; baseline -0.008 -10"><span class='ocrx_word' id='word_1_501' title='bbox 1281 1880 1403 1937; x_wconf 71' lang='lat' dir='ltr'>obligatio</span> 
     </span>
     <span class='ocr_line' id='line_1_69' title="bbox 1251 1942 1410 1996; baseline -0.019 -13"><span class='ocrx_word' id='word_1_502' title='bbox 1251 1942 1410 1996; x_wconf 73' lang='lat' dir='ltr'>quaesapcrcs.</span> 
     </span>
     <span class='ocr_line' id='line_1_70' title="bbox 1251 1999 1413 2053; baseline -0.006 -12"><span class='ocrx_word' id='word_1_503' title='bbox 1251 2009 1275 2041; x_wconf 76' lang='lat' dir='ltr'>se</span> <span class='ocrx_word' id='word_1_504' title='bbox 1282 2000 1356 2053; x_wconf 80' lang='lat' dir='ltr'>potest</span> <span class='ocrx_word' id='word_1_505' title='bbox 1371 1999 1413 2053; x_wconf 74' lang='lat' dir='ltr'>pro</span> 
     </span>
     <span class='ocr_line' id='line_1_71' title="bbox 1252 2052 1393 2100; baseline 0 -2"><span class='ocrx_word' id='word_1_506' title='bbox 1252 2052 1393 2100; x_wconf 79' lang='lat' dir='ltr'>traditionis</span> 
     </span>
     <span class='ocr_line' id='line_1_72' title="bbox 1252 2111 1419 2163; baseline -0.012 -5"><span class='ocrx_word' id='word_1_507' title='bbox 1252 2111 1330 2158; x_wconf 84' lang='lat' dir='ltr'>modo.</span> <span class='ocrx_word' id='word_1_508' title='bbox 1417 2156 1419 2163; x_wconf 48' lang='lat'>,</span> 
     </span>
    </p>
   </div>
   <div class='ocr_carea' id='block_1_11' title="bbox 1277 2460 1415 2565">
    <p class='ocr_par' dir='ltr' id='par_1_14' title="bbox 1277 2460 1415 2565">
     <span class='ocr_line' id='line_1_73' title="bbox 1277 2460 1415 2565; baseline 0 -44"><span class='ocrx_word' id='word_1_509' title='bbox 1277 2460 1415 2565; x_wconf 55' lang='lat' dir='ltr'>Qvidysae·</span> 
     </span>
    </p>
   </div>
   <div class='ocr_carea' id='block_1_12' title="bbox 1251 2523 1415 2683">
    <p class='ocr_par' dir='ltr' id='par_1_15' title="bbox 1251 2523 1415 2683">
     <span class='ocr_line' id='line_1_74' title="bbox 1251 2523 1315 2565; baseline 0.016 -1"><span class='ocrx_word' id='word_1_510' title='bbox 1251 2523 1315 2565; x_wconf 75' lang='lat' dir='ltr'>stara</span> 
     </span>
     <span class='ocr_line' id='line_1_75' title="bbox 1252 2576 1415 2645; baseline 0 -22"><span class='ocrx_word' id='word_1_511' title='bbox 1252 2578 1321 2645; x_wconf 62' lang='lat' dir='ltr'>beant</span> <span class='ocrx_word' id='word_1_512' title='bbox 1340 2576 1415 2626; x_wconf 74' lang='lat' dir='ltr'>ordi-</span> 
     </span>
     <span class='ocr_line' id='line_1_76' title="bbox 1252 2649 1330 2683; baseline 0.026 -2"><span class='ocrx_word' id='word_1_513' title='bbox 1252 2649 1330 2683; x_wconf 76' lang='lat' dir='ltr'>narrt.</span> 
     </span>
    </p>
   </div>
   <div class='ocr_carea' id='block_1_13' title="bbox 1246 3328 1464 3836">
    <p class='ocr_par' dir='ltr' id='par_1_16' title="bbox 1246 3328 1464 3836">
     <span class='ocr_line' id='line_1_77' title="bbox 1279 3328 1413 3375; baseline -0.022 0"><span class='ocrx_word' id='word_1_514' title='bbox 1279 3328 1373 3375; x_wconf 75' lang='lat' dir='ltr'>Missae</span> <span class='ocrx_word' id='word_1_515' title='bbox 1385 3342 1413 3375; x_wconf 82' lang='lat' dir='ltr'>ne</span> 
     </span>
     <span class='ocr_line' id='line_1_78' title="bbox 1251 3385 1463 3434; baseline 0 -3"><span class='ocrx_word' id='word_1_516' title='bbox 1251 3385 1388 3434; x_wconf 82' lang='lat' dir='ltr'>tradantur.</span> <span class='ocrx_word' id='word_1_517' title='bbox 1462 3387 1463 3392; x_wconf 78' lang='grc'>’</span> 
     </span>
     <span class='ocr_line' id='line_1_79' title="bbox 1250 3443 1464 3503; baseline -0.005 -13"><span class='ocrx_word' id='word_1_518' title='bbox 1250 3443 1390 3503; x_wconf 76' lang='lat' dir='ltr'>bibliopolis.</span> <span class='ocrx_word' id='word_1_519' title='bbox 1462 3461 1464 3470; x_wconf 71' lang='lat'>‚</span> 
     </span>
     <span class='ocr_line' id='line_1_80' title="bbox 1248 3500 1415 3559; baseline -0.006 -12"><span class='ocrx_word' id='word_1_520' title='bbox 1248 3500 1415 3559; x_wconf 73' lang='lat' dir='ltr'>ephemeridum</span> 
     </span>
     <span class='ocr_line' id='line_1_81' title="bbox 1248 3557 1463 3606; baseline -0.023 -1"><span class='ocrx_word' id='word_1_521' title='bbox 1248 3557 1408 3606; x_wconf 80' lang='lat' dir='ltr'>administra·</span> <span class='ocrx_word' id='word_1_522' title='bbox 1462 3595 1463 3600; x_wconf 72' lang='grc'>,</span> 
     </span>
     <span class='ocr_line' id='line_1_82' title="bbox 1249 3617 1385 3666; baseline -0.007 -4"><span class='ocrx_word' id='word_1_523' title='bbox 1249 3617 1346 3666; x_wconf 81' lang='lat' dir='ltr'>toribus,</span> <span class='ocrx_word' id='word_1_524' title='bbox 1364 3621 1385 3661; x_wconf 80' lang='lat' dir='ltr'>et</span> 
     </span>
     <span class='ocr_line' id='line_1_83' title="bbox 1247 3674 1413 3721; baseline -0.006 -1"><span class='ocrx_word' id='word_1_525' title='bbox 1247 3674 1308 3720; x_wconf 78' lang='lat' dir='ltr'>aliis</span> <span class='ocrx_word' id='word_1_526' title='bbox 1331 3675 1413 3721; x_wconf 78' lang='lat' dir='ltr'>huius-</span> 
     </span>
     <span class='ocr_line' id='line_1_84' title="bbox 1246 3731 1410 3791; baseline 0 -14"><span class='ocrx_word' id='word_1_527' title='bbox 1246 3731 1313 3779; x_wconf 78' lang='lat' dir='ltr'>modi</span> <span class='ocrx_word' id='word_1_528' title='bbox 1333 3737 1410 3791; x_wconf 79' lang='lat' dir='ltr'>perso·</span> 
     </span>
     <span class='ocr_line' id='line_1_85' title="bbox 1246 3803 1296 3836; baseline 0 0"><span class='ocrx_word' id='word_1_529' title='bbox 1246 3803 1296 3836; x_wconf 84' lang='lat' dir='ltr'>ms.</span> 
     </span>
    </p>
   </div>
   <div class='ocr_carea' id='block_1_14' title="bbox 1274 3848 1464 3895">
    <p class='ocr_par' dir='ltr' id='par_1_17' title="bbox 1274 3848 1464 3895">
     <span class='ocr_line' id='line_1_86' title="bbox 1274 3848 1464 3895; baseline 0.011 -2"><span class='ocrx_word' id='word_1_530' title='bbox 1274 3848 1398 3893; x_wconf 62' lang='lat' dir='ltr'>Statuitur</span> <span class='ocrx_word' id='word_1_531' title='bbox 1460 3876 1464 3895; x_wconf 85' lang='lat' dir='ltr'>t</span> 
     </span>
    </p>
   </div>
   <div class='ocr_carea' id='block_1_15' title="bbox 1245 3906 1463 4022">
    <p class='ocr_par' dir='ltr' id='par_1_18' title="bbox 1245 3906 1463 4022">
     <span class='ocr_line' id='line_1_87' title="bbox 1245 3906 1463 3962; baseline -0.005 -12"><span class='ocrx_word' id='word_1_532' title='bbox 1245 3906 1339 3952; x_wconf 79' lang='lat' dir='ltr'>sanctio</span> <span class='ocrx_word' id='word_1_533' title='bbox 1361 3908 1410 3962; x_wconf 77' lang='lat' dir='ltr'>pec·</span> <span class='ocrx_word' id='word_1_534' title='bbox 1462 3931 1463 3934; x_wconf 62' lang='lat'><em>=</em></span> 
     </span>
     <span class='ocr_line' id='line_1_88' title="bbox 1245 3964 1411 4022; baseline -0.012 -13"><span class='ocrx_word' id='word_1_535' title='bbox 1245 3964 1295 4009; x_wconf 81' lang='lat' dir='ltr'>cati</span> <span class='ocrx_word' id='word_1_536' title='bbox 1314 3967 1335 4007; x_wconf 80' lang='lat' dir='ltr'>et</span> <span class='ocrx_word' id='word_1_537' title='bbox 1356 3974 1411 4022; x_wconf 82' lang='lat' dir='ltr'>poe-</span> 
     </span>
    </p>
   </div>
   <div class='ocr_carea' id='block_1_16' title="bbox 0 0 1484 4900">
    <p class='ocr_par' dir='ltr' id='par_1_19' title="bbox 0 0 1484 4900">
     <span class='ocr_line' id='line_1_89' title="bbox 0 0 1484 4900; baseline 0 1"><span class='ocrx_word' id='word_1_538' title='bbox 0 0 1484 4900; x_wconf 95' lang='lat' dir='ltr'> </span> 
     </span>
    </p>
   </div>
  </div>
 </body>
</html>
