2959 4900
309 328 332 387 2-
754 339 958 384 surruuurrurr

309 478 494 570 possideri,
513 494 550 547 ut
567 480 729 549 ecclesiae
752 480 939 571 prioratus,
965 480 1002 547 in
1017 479 1148 569 quibus
1163 498 1254 545 unus
1270 473 1383 543 residet
1446 474 1447 483 ’

309 570 363 638 vir
379 568 557 659 regularis,
576 568 711 639 adiecto
726 570 937 661 plerumque
953 570 1049 641 socio
1063 568 1088 637 ¹.
1446 584 1447 647 t

357 658 470 725 Porro
486 659 623 747 plenea
647 659 865 749 regularibus
881 656 1104 747 ¹possidentur
1130 676 1219 745 quae
1245 654 1294 722 ita
1316 666 1386 721 sunt

310 747 348 816 in
364 766 490 814 eorum
505 746 683 832 manibus,
701 765 741 817 ut
771 770 845 819 non
875 748 1085 837 temporales
1115 760 1251 813 tantum
1268 742 1387 811 reditus

310 836 371 905 sed
388 836 581 925 spiritualia
595 836 701 905 etiam
716 836 833 905 officia
849 859 868 905 a
895 858 931 906 re
957 835 1113 906 ularibus
1129 834 1348 903 conferantur
1361 844 1388 897 et

311 941 530 993 exerceantur
547 926 572 992 ².
591 924 708 1014 Tunc,
732 926 762 994 si
790 941 907 995 curata
932 860 1036 995 inerit
1051 922 1206 1010 ecclesia,
1224 920 1388 989 habituale

311 1014 507 1082 subiectum
530 1013 630 1082 istius
646 1036 749 1083 curae
772 1031 824 1083 est
839 1014 958 1105 ipsum
988 1012 1253 1099 monasterium,
1272 1012 1306 1078 id
1334 1023 1387 1094 est,

311 1105 504 1192 capitulum
521 1106 773 1193 conventuale3
791 1106 924 1173 actuale
948 1119 1065 1173 autem
1080 1123 1211 1171 munus
1232 1099 1390 1191 geritura

310 1192 438 1260 vicario
465 1194 661 1282 temporali,
691 1214 799 1295 quem
823 1192 1016 1282 capitulum
1044 1194 1198 1281 deputat,
1228 1188 1390 1258 examinat

311 1295 429 1349 autem
443 1296 477 1352 et
500 1281 622 1371 probat
643 1278 852 1373 Episcopus,
878 1304 1040 1353 concessa
1064 1294 1240 1383 praeterea
1263 1276 1389 1346 institu-

310 1370 405 1437 tione
422 1391 510 1460 quae
535 1370 662 1439 dicitur
676 1372 951 1455 authorizabilis,
970 1372 1001 1438 vi
1019 1392 1119 1438 curus
1135 1368 1310 1459 parochus
1325 1384 1390 1455 per·

313 1459 460 1530 mittitur
474 1459 611 1530 animas
626 1460 852 1548 spiritualiter
869 1481 1009 1549 pascere
1025 1465 1048 1526 ³.

357 1548 450 1620 Cum
465 1548 670 1640 temporalia
685 1564 824 1620 tantum
840 1550 934 1621 bona
950 1548 1161 1619 monasterio
1177 1544 1390 1625 addicuntur,
1444 1620 1445 1629 ξ

312 1637 500 1729 spiritualis
530 1637 781 1707 administratio
820 1638 968 1707 minime
1000 1658 1060 1725 per
1106 1658 1142 1707 se
1170 1632 1391 1724 ¹regularibus

312 1741 516 1812 reservatur,
534 1742 569 1795 et
587 1729 801 1817 quandoque
827 1748 889 1816 per
905 1728 1096 1797 saeculares
1112 1723 1261 1795 exerceri
1286 1720 1389 1789 debet.

315 1815 379 1903 Ita,
397 1815 426 1885 si
441 1836 524 1884 cura
539 1816 737 1885 animarum
750 1833 801 1887 est
813 1817 985 1903 habenda,
1000 1814 1218 1905 deputandus
1232 1826 1286 1881 est
1301 1832 1320 1879 e
1335 1828 1392 1877 sae·
1444 1880 1445 1883 ,

311 1904 419 1973 culari
438 1906 539 1973 ‘clero
565 1906 714 1975 vicarius
758 1922 947 1995 perpetuus
981 1926 1064 1973 cum
1102 1900 1392 1971 administratione

313 1994 562 2077 independenti
579 1996 605 2061 ⁴.

359 2083 439 2154 Nisi
453 2083 566 2155 maius
583 2084 638 2151 ius
652 2084 719 2154 sibi
735 2099 934 2173 competere
958 2078 1287 2166 demonstraverint,
1305 2096 1392 2172 regu3

312 2172 401 2240 lares
426 2172 589 2240 fruuntur
615 2189 699 2240 tunc
729 2174 806 2241 iure
834 2173 989 2263 quodam
1013 2173 1110 2260 quasi
1135 2182 1391 2258 patronatu8,vt

313 2262 412 2329 cuius
427 2260 652 2330 candidatum
667 2276 887 2350 praesentant
905 2262 1081 2349 Episcopo
1093 2283 1095 2287 ·
1108 2260 1169 2348 qui
1186 2257 1255 2347 ipsi
1273 2254 1393 2352 confert

313 2350 492 2418 ecclesiam
519 2349 741 2438 spiritualiter
765 2350 1088 2437 administrandam.
1117 2347 1255 2416 Alendo
1277 2345 1392 2443 vicano

314 2439 570 2595 prgvidendum
605 2455 656 2509 est
688 2464 708 2508 a
738 2439 950 2510 monasterio
989 2438 1089 2508 cuius
1119 2455 1199 2507 sunt
1241 2438 1392 2509 ecclesiae

314 2542 349 2595 r‘e
376 2544 455 2598 nus.
1099 2563 1101 2566 ·

359 2617 391 2684 3.
409 2619 441 2684 A
453 2618 592 2706 proprie
603 2617 694 2685 dicta
716 2619 936 2698 possessione
952 2617 1178 2686 discernenda
1193 2629 1244 2683 est
1259 2611 1394 2702 simplex

314 2706 570 2774 administratio
582 2728 691 2798 quam
705 2707 898 2798 Regulares
909 2709 1066 2800 obtinere
1083 2718 1229 2795 possunt
1244 2703 1283 2770 in
1299 2702 1393 2768 eccle·

238 2796 930 2885 ‚fflwwmffimms
1186 2799 1188 2804 ’

359 2885 468 2972 Quod
480 2907 600 2953 rursus
615 2885 711 2954 vario
724 2886 832 2956 modo
849 2885 938 2956 effici
952 2900 1076 2976 potest.
1093 2883 1159 2953 Vel
1175 2881 1285 2968 enim,
1303 2877 1394 2948 titulo

310 2974 502 3064 personali,
532 2975 584 3042 vir
611 2977 780 3066 regularis
809 2975 974 3044 saeculari
1004 2971 1166 3043 ecclesiae
1193 2968 1391 3052 praeficitur,

316 3064 477 3154 quemad
490 3064 651 3151 modum,
666 3063 703 3131 in
718 3065 852 3155 Belgio,
869 3085 941 3133 non
953 3065 1070 3131 nullae
1085 3059 1282 3150 parochiae,
1295 3073 1394 3210 aequa

316 3154 467 3243 quadam
484 3155 769 3240 compensatione
793 3175 857 3244 pro
873 3153 1010 3226 amissis
1026 3153 1062 3223 in
1085 3149 1206 3240 gallica
1227 3161 1343 3238 pertur
1367 3163 1393 3208 a·

316 3249 410 3311 tione
427 3243 592 3328 ecclesiis,
606 3243 783 3310 canonicis
800 3243 1017 3334 regularibus
1029 3237 1200 3308 committi
1216 3251 1392 3306 consueve-

316 3346 408 3400 runt.
435 3331 499 3398 Vel
523 3331 665 3398 ecclesia
682 3332 724 3399 ad
740 3349 881 3421 tempus
898 3329 1116 3400 concreditur
1132 3320 1394 3396 administranda

320 3421 484 3488 Instituto
516 3420 692 3510 religioso,
719 3421 789 3488 sive
825 3421 912 3490 facta
945 3419 1082 3488 formali
1113 3439 1195 3485 cum
1229 3414 1395 3504 Episcopo

318 3510 489 3600 pactione,
508 3509 579 3575 sive
596 3508 702 3576 etiam
718 3510 820 3578 titulo
837 3511 993 3598 precario
1011 3510 1036 3576 ⁵.

348 3723 399 3770 10.
412 3721 493 3782 Quod
506 3723 574 3777 Deo,
588 3728 610 3778 5,
630 3723 672 3770 De
683 3726 756 3769 statu
769 3717 975 3775 monachorum,
988 3723 1039 3765 etc.
1052 3718 1116 3776 (ΙΙΙ,
1128 3719 1182 3775 35);
1201 3715 1245 3762 Ne
1255 3713 1283 3761 in
1293 3723 1363 3771 agro.
1376 3723 1392 3759 1.

319 3789 405 3836 Clem.
422 3788 517 3836 eodem
532 3789 598 3846 (ΙΙΙ,
617 3792 669 3846 10);
690 3789 723 3834 In
740 3785 872 3840 ecclesiis,
894 3801 914 3840 1,
928 3786 969 3832 De
980 3782 1111 3844 cappellis
1128 3779 1333 3836 monachorum,
1349 3780 1392 3822 etc·

319 3855 382 3913 (ΙΙΙ,
400 3858 449 3911 37.)

348 3923 359 3956 2
369 3919 424 3972 Pro
434 3919 490 3968 fine
499 3925 592 3968 nostro
602 3918 695 3968 dicere
705 3917 856 3966 omittimus
867 3918 900 3966 de
906 3917 1046 3978 plenissima
1060 3913 1238 3975 possessione,
1255 3925 1325 3972 quae
1339 3915 1394 3956 tunc

270 4018 272 4023 ·
319 3985 437 4035 habetur
447 3999 510 4034 cum
521 3986 604 4034 etiam
615 3985 644 4032 iu
654 3987 788 4044 populum
800 3984 944 4032 Praelatus
960 3981 1092 4043 regularis
1107 3977 1321 4029 ecclesiasticam
1330 3985 1394 4022 exer·

320 4058 363 4101 cet
374 4052 599 4101 iurisdictionem.

349 4120 486 4176 ³wnmz,
499 4121 537 4174 II,
550 4123 608 4172 825:
621 4119 816 4171 Laurenrrus,
829 4116 1002 4166 institutiones,
1016 4129 1043 4162 n.
1056 4121 1108 4163 213.

349 4187 401 4233 ⁴C.
413 4185 536 4233 Trident.
548 4198 573 4231 c.
586 4185 649 4239 VII,
659 4197 684 4231 c.
693 4198 717 4239 7,
729 4183 860 4230 collatum
870 4195 934 4228 cum
944 4193 969 4228 c.
980 4178 1145 4240 Presbyteri,
1158 4176 1232 4226 unic.
1246 4177 1287 4224 De
1297 4167 1392 4231 cappel-

321 4251 355 4298 lis
365 4249 569 4305 monacborum.
583 4249 621 4297 iu.
633 4258 656 4298 6.
669 4251 733 4307 (ΙΙΙ,
746 4255 795 4305 18.)
1288 4265 1291 4280 ·

350 4316 427 4363 5Cfr.
441 4317 484 4364 Du
495 4317 584 4371 Luca,
599 4317 633 4363 De
642 4314 805 4373 Regularibus,
818 4312 957 4360 discursus
968 4321 1005 4368 64,
1017 4325 1045 4371 p.
1057 4331 1093 4371 49.
1139 4338 1143 4350 ι

972 4506 983 4555 l
