2959 4900
124 733 245 781 Rationes·

95 792 229 843 dubitandi.

309 427 369 489 148
761 448 940 486 troituireurii

308 599 383 652 quae
399 600 460 639 non
473 599 596 657 semper,
612 596 710 658 utpote
724 585 848 654 interna,
864 583 995 640 fidelium
1009 582 1170 640 commodis
1185 592 1295 658 patent,
1310 594 1384 654 atque

308 653 467 725 passimvel
477 655 682 713 Sanctissimae
691 654 1382 712 Eucharistiaeasservandaeveniadestituuntur.

345 726 553 800 perplexitates
565 745 634 784 vero
648 727 834 784 rationabiles
857 727 994 802 equidem
1012 727 1157 796 videntur,
1171 726 1195 783 si
1208 726 1383 781 attendatur:

313 811 339 852 10
354 799 508 855 Decretum
523 800 626 856 Sacrae
646 799 889 872 Congregationis
905 798 1168 856 consultationibus
1182 797 1386 872 Episcoporum

309 881 337 925 et
351 869 540 942 Regularium
553 871 745 945 praepositae,
761 872 807 928 die
826 873 856 928 18
866 870 961 927 martii
979 889 1047 943 1904
1060 871 1162 926 datum
1172 877 1191 940 ¹,
1205 886 1266 942 quo
1283 869 1385 925 Monia-

309 940 385 997 libus
405 941 556 998 Tertiariis
577 944 613 998 ad
632 943 775 999 Ordinem
798 942 1002 999 Sanctissimae
1025 941 1176 999 Trinitatis
1197 943 1236 997 de
1253 942 1386 1013 Redemp-

300 1011 389 1068 tione
402 1013 592 1086 Captivorum
606 1014 818 1087 pertinentibus
832 1014 998 1072 iniunctum
1007 1031 1069 1071 esse
1079 1014 1183 1072 dicitur
1193 1013 1223 1068 in
1232 1012 1386 1087 approban-

308 1083 353 1140 dis
375 1100 476 1140 earum
495 1085 771 1154 Constitutionibus‚
794 1098 827 1143 ut
848 1086 977 1142 colorem
1000 1085 1117 1143 habitus
1145 1085 1175 1141 in
1198 1083 1310 1142 Ordine
1333 1084 1387 1156 ipso

309 1157 401 1211 ssime
423 1157 573 1213 Trinitatis
596 1172 780 1223 consuetum,
809 1151 968 1231 qi1i¹albus
987 1170 1029 1212 est
1047 1174 1114 1213 cum
1134 1155 1286 1240 Scapulari
1312 1171 1387 1211 cruce

175 1288 177 1296 ,
212 1287 215 1292 ,
308 1227 397 1300 rubea
408 1244 442 1283 ac
451 1228 585 1285 caerulea
594 1229 744 1302 insignito,
757 1231 878 1286 Sorores
888 1230 1051 1303 acciperent
1061 1229 1126 1285 loco
1136 1229 1254 1285 habitus
1264 1227 1388 1285 caeruleo

309 1297 340 1353 iri
353 1298 500 1371 integrum
514 1301 622 1370 colore,
638 1317 726 1373 quem
746 1302 899 1384 hucusque
921 1301 1100 1357 retinuerant
1111 1312 1166 1370 ;.et
1179 1317 1249 1374 quo,
1264 1300 1302 1355 ad
1315 1297 1388 1355 effec-

309 1382 372 1424 tum
399 1370 651 1444 Indulgentiarum
676 1373 764 1445 primi
791 1373 910 1429 Ordinis
933 1373 1192 1445 assequendamm.
1219 1370 1389 1446 permittitur

308 1439 428 1520 quidem
447 1441 551 1499 iisdem
564 1443 730 1514 Sororibus,
741 1456 775 1500 ut
789 1444 952 1500 adhibitum
965 1461 1095 1526 eousque
1110 1443 1240 1500 colorem
1252 1443 1283 1497 in
1296 1441 1389 1498 habitu

308 1526 462 1583 retineant,
487 1531 523 1570 ne
545 1515 662 1571 habitus
681 1516 766 1589 primi
787 1516 906 1573 Ordinis
928 1515 1105 1572 intuentium
1124 1515 1226 1573 oculos
1269 1514 1388 1579 eroellat,

309 1583 359 1641 sed
377 1584 432 1639 sub
451 1585 646 1666 promissione
664 1589 745 1660 quod
766 1587 911 1643 Moniales
930 1587 1051 1644 interius
1074 1587 1204 1642 tunicam
1219 1532 1317 1642 aliam
1330 1601 1389 1642 cum

309 1656 460 1728 Scapularr
474 1657 593 1715 Ordinis
605 1671 779 1732 perpetuum
793 1671 903 1731 gerant.

261 1769 265 1776 .
345 1739 375 1782 20
407 1729 563 1784 Decretum
589 1731 694 1787 Sacrae
727 1730 978 1803 Indulgentiarum
1007 1727 1251 1803 Congregationis
1281 1727 1339 1784 diei
1363 1745 1389 1782 22

245 1816 248 1824 ¹
308 1799 423 1871 augusti
445 1817 525 1856 anno
561 1803 625 1872 1842
649 1803 680 1857 in
708 1801 874 1859 Verdunen.
896 1803 1072 1882 evulgatum,
1094 1819 1158 1883 ¹quo
1178 1801 1342 1858 declaratur
1361 1797 1391 1852 ad

124 2260 191 2307 Hinc
198 2276 256 2308 ova·

96 2323 142 2371 lor,
155 2321 246 2377 eiusque

123 2377 247 2434 Petltlo·

96 2440 165 2475 nea:
212 2430 216 2438 '

125 2891 228 2938 DcDis·

94 2950 257 3008 pentaticum

96 3008 172 3054 colore
191 3016 255 3056 vesli-

96 3073 132 3112 tus
140 3080 147 3115 .'

125 3816 257 3861 Sartalt'ortc

97 3877 247 3931 aggregatio-

97 3946 152 3977 num
161 3946 169 3984 ,·

308 1869 488 1943 implendam
505 1873 651 1929 Ecclesiae
669 1874 715 1929 vel
729 1874 858 1930 Oratorii
873 1873 982 1948 publici
995 1874 1201 1941 visitationem,
1218 1873 1250 1928 in
1266 1870 1390 1942 Rescrip-

308 1942 345 1996 tis
360 1943 612 2015 Indulgentiarum
625 1944 806 2016 requisitam,
827 1945 948 2002 minime
967 1947 1147 2002 censendum
1167 1961 1228 2002 esse
1248 1943 1390 2018 publicum

309 2014 480 2070 Oratorium
494 2015 595 2072 sivein
611 2017 807 2084 Monasteriis,
821 2017 880 2074 sive
893 2017 923 2072 in
936 2017 1105 2073 Seminariis
1118 2027 1168 2072 aut
1182 2016 1246 2072 aliis
1265 2016 1390 2071 Conven·

308 2085 386 2142 tibus
407 2088 548 2143 canonice
572 2087 748 2158 dedicatum,
766 2091 802 2144 ad
822 2090 902 2162 quod
924 2102 1022 2145 tamen
1047 2089 1212 2145 Christiana
1234 2088 1315 2162 plebs
1339 2101 1390 2141 non

309 2157 401 2214 soleat
414 2159 559 2215 accedere.

347 2230 387 2285 lta
411 2247 448 2286 ue
460 2230 621 2287 hodiernus
637 2233 813 2288 Procurator
826 2232 986 2298 Generalis,
1002 2231 1137 2305 Supremi
1153 2234 1289 2288 Fratrum
1302 2231 1391 2285 Mino-

309 2318 376 2355 rum
431 2303 593 2359 oderatoris
612 2302 703 2371 iussu,
718 2321 757 2360 ne
774 2316 818 2360 tot
832 2304 988 2377 Regulares
1001 2303 1092 2359 Tertii
1107 2303 1226 2360 Ordinis
1240 2305 1354 2359 Fratres
1365 2317 1391 2356 ac

310 2373 442 2439 Sorores,
468 2373 519 2446 qui
546 2375 660 2430 bonum
685 2375 792 2431 Christi
814 2376 936 2431 odorem
962 2376 1049 2431 verbo
1075 2386 1103 2430 et
1127 2375 1262 2448 exemplo
1290 2373 1391 2446 ubique

310 2443 488 2513 diffundunt,
515 2446 726 2519 prohibeantur
750 2447 846 2521 primo
870 2466 904 2504 ac
930 2448 1221 2503 secundd'Fratrum
1248 2445 1391 2503 Minorum

310 2517 433 2573 adscribi
446 2530 474 2573 et
492 2518 560 2574 inde
576 2532 620 2575 tot
631 2520 884 2592 Indulgentiarum
896 2519 978 2575 lucro
992 2520 1078 2592 potiri
1090 2541 1097 2587 ;
1113 2520 1197 2576 enixe
1212 2518 1391 2575 Sanctitatem

309 2589 406 2643 Tuam
425 2601 516 2661 rogat,
540 2602 573 2645 ut
594 2590 625 2645 iri
644 2591 774 2648 favorem
794 2591 947 2647 Sodalium
965 2592 1065 2649 Tertio
1085 2591 1188 2647 Ordini
1209 2592 1238 2647 S.
1255 2586 1391 2646 Francisci

313 2660 449 2732 Regulari
461 2662 673 2735 adscriptorum
686 2662 905 2736 viventiumque
919 2664 974 2718 sub
987 2662 1094 2735 regulis
1110 2663 1213 2719 saltem
1226 2663 1263 2717 ab
1276 2661 1390 2718 Ordina-

310 2731 355 2786 rio
374 2730 432 2787 loci
451 2734 627 2805 approbatis,
649 2734 700 2806 qui
720 2736 856 2790 Fratrum
870 2734 1022 2790 Minorum
1049 2734 1153 2790 Ordini
1174 2746 1274 2809 petant
1299 2748 1390 2789 aceen-

310 2801 376 2870 seri,
391 2805 542 2876 sequentia
555 2819 721 2878 opportune
735 2805 853 2861 Indulta
866 2806 1002 2886 dignetur
1015 2805 1151 2877 elargiri:
1374 2873 1379 2881 ⁵

306 2882 317 2891 “
348 2875 371 2930 l.
398 2876 438 2930 Ut
466 2876 580 2933 Fratres
604 2893 639 2932 ac
663 2878 785 2933 Sorores
816 2878 907 2933 Tertii
933 2876 1051 2933 Ordinis
1079 2876 1240 2950 Regularis,
1267 2890 1392 2947 quamvis

310 2945 440 3003 colorem
453 2946 570 3003 habitus
586 2946 618 3002 in
631 2947 742 3004 Ordine
756 2950 890 3004 Fratrum
905 2948 1056 3004 Minorum
1071 2948 1176 3005 ultimo
1190 2946 1392 3021 praescriptum

311 3033 372 3073 non
385 3020 545 3084 assumant,
566 3020 679 3091 possint
691 3020 787 3075 eidem
800 3020 904 3077 Ordini
919 3020 1086 3093 aggregari:
1104 3020 1161 3076 hoc
1176 3020 1263 3076 etiam
1278 3029 1390 3083 attento,

310 3091 390 3162 quod
413 3091 560 3146 Fratribus
586 3091 705 3163 praefati
730 3092 859 3162 OrdiniS,
889 3100 956 3149 ante
983 3093 1119 3164 probatas
1145 3109 1224 3147 anno
1255 3092 1321 3163 1897
1347 3104 1392 3161 per

310 3160 512 3235 Apostolicam
531 3163 637 3218 Sedem
655 3163 886 3221 constitutiones
906 3165 1071 3233 GeneraleS,
1087 3162 1320 3244 nullusproprie
1337 3173 1392 3217 erat

311 3234 402 3302 color,
428 3251 517 3305 quem
541 3232 697 3290 officialem
725 3249 906 3307 nuncupant,
937 3237 987 3292 sed
1011 3236 1084 3291 aliae
1114 3235 1283 3291 Provinciae
1308 3234 1390 3289 alium

311 3307 441 3361 colorem
453 3304 633 3374 retinebant,
655 3318 682 3362 et
701 3308 782 3379 quod
802 3309 887 3380 plura
899 3308 1109 3364 Tertiariorum
1128 3307 1392 3376 Tertiariarumque

313 3376 447 3432 lnstituta
466 3389 533 3432 ante
552 3394 663 3432 annum
683 3377 767 3433 illurn
791 3382 866 3453 1897,
887 3393 937 3434 aut
956 3381 993 3434 ab
1012 3379 1181 3451 Apostolica
1201 3378 1275 3435 Sede
1294 3390 1342 3434 aut
1360 3376 1392 3431 ab

312 3447 468 3503 Ordinario
482 3448 538 3503 loci
552 3449 672 3520 probata
686 3450 745 3505 sint
757 3468 824 3507 cum
835 3451 894 3507 suis
905 3450 1181 3517 ConstitutionibuS,
1193 3450 1244 3506 ubi
1253 3450 1392 3506 diversum

311 3532 398 3588 atque
422 3520 549 3575 nuncin
573 3519 683 3576 Ordine
707 3522 842 3578 Fratrum
865 3522 1019 3578 Minorum
1041 3535 1214 3579 consuetum
1236 3520 1392 3595 reperimus

311 3590 441 3671 colorem
459 3589 639 3671 cum'forma
660 3593 775 3664 speciali
790 3595 966 3661 ordinatum,
988 3596 1039 3667 qui
1052 3611 1132 3650 nunc
1153 3596 1266 3667 absque
1285 3594 1392 3670 intuen-

310 3677 384 3717 tium
406 3664 599 3719 admiratione
621 3676 648 3718 et
673 3665 828 3721 exorituris
849 3667 925 3721 inter
946 3666 1059 3722 diversa
1082 3666 1218 3722 Instituta
1240 3676 1393 3723 contentio·

311 3734 407 3791 nibus.
424 3734 531 3789 mutari
544 3734 670 3814 amplius
684 3736 806 3793 minime
822 3737 921 3811 possit.
1046 3746 1049 3752 '

348 3807 387 3861 ll.
404 3806 444 3861 Ut
457 3818 675 3877 aggregationes
689 3807 842 3882 hucusque
855 3809 946 3864 factae
960 3807 1112 3865 Sodalium
1125 3808 1296 3864 huiusmodi
1308 3803 1392 3884 Tertii

311 3877 429 3932 Ordinis
444 3876 605 3949 Regularis,
626 3892 772 3950 quatenus
791 3898 865 3953 opus
885 3880 929 3951 sit,
945 3880 975 3934 in
995 3880 1090 3936 radice
1110 3892 1260 3946 sanentur,
1275 3880 1344 3953 quin
1362 3876 1393 3955 iis

311 3948 444 4004 condicio
469 3949 637 4020 imponatur
661 3951 791 4007 colorem
817 3952 933 4008 habitus
959 3951 1079 4007 interius
1107 3950 1274 4020 deferendi3
1302 3959 1393 4023 prouti

310 4037 416 4092 nempe
438 4020 536 4093 plures
546 4020 636 4076 Tertii
650 4021 769 4079 Ordinis
785 4023 968 4079 Franciscani
979 4024 1097 4091 Coetus,
1109 4023 1136 4079 vi
1147 4023 1392 4079 constitutionum

310 4092 478 4163 Apostolico
491 4093 597 4148 robore
610 4092 796 4172 pollentium,
813 4095 917 4150 Ordini
938 4096 1072 4149 Fratrum
1093 4094 1245 4149 Minorum
1261 4094 1317 4149 iam
1330 4102 1392 4146 sunt

310 4162 455 4234 adscripti,
484 4180 579 4236 neque
610 4164 644 4219 iis
674 4180 862 4240 praeceptum
887 4166 1091 4239 imponebatur
1123 4165 1253 4222 colorem
1285 4162 1391 4220 habitus

310 4234 432 4291 interius
444 4252 587 4307 uniquam
600 4237 741 4308 gestandi.

340 4434 346 4463 ¹
364 4432 420 4480 Cfr.
433 4446 524 4491 supra,
537 4447 564 4481 n.
580 4441 626 4496 15,
641 4448 669 4491 p.
683 4451 720 4490 40.
