2959 4900
323 377 359 413 DE
373 375 515 413 MISSARUM
532 375 670 414 onustatus
685 376 759 412 APUD
775 375 931 412 scelerosos

128 513 388 594 Nihilominus,
402 521 435 602 a)
450 515 486 585 Si
500 537 539 584 ex
552 530 672 584 mutua
685 514 933 605 paciscentium
946 513 1168 605 stipulatione

81 601 253 672 debentur
282 607 420 693 missae,
438 607 534 673 nulla
550 605 693 693 quidem
720 605 776 673 via
791 605 919 674 directa
936 604 1099 675 sternitur
1125 603 1168 673 ad

82 691 313 762 obtinendam
344 695 595 777 reductionem,
625 715 705 762 cum
737 715 800 762 nec
843 693 880 762 S.
916 692 1023 764 Sedes
1061 693 1170 762 soleat

82 781 228 850 indultis
252 786 324 852 suis
347 786 401 852 ius
416 786 537 853 tollere
560 784 781 873 acquisitum.
801 783 933 852 Verum
958 783 1167 874 Episcopus,

82 887 197 957 partes
209 875 347 962 agendo
363 873 492 960 iudicis,
507 875 548 941 ad
566 874 765 941 instantiam
778 873 926 941 instituti
940 875 994 942 vel
1006 871 1169 942 ecclesiae

83 959 151 1044 cui,
171 961 309 1031 labente
326 979 494 1052 tempore,
512 979 708 1031 contractus
723 963 833 1031 factus
844 961 947 1030 fuerit
962 962 1167 1050 damnosus,

83 1049 283 1136 pactionem
295 1052 337 1120 ad
355 1052 597 1142 aequalitatem
609 1072 770 1120 revocare
787 1066 819 1121 et
831 1051 880 1120 sic
896 1051 1061 1120 indirecte
1078 1070 1169 1120 onus

83 1138 272 1209 missarum
296 1141 499 1210 deminuere
515 1156 627 1232 potest
643 1155 665 1210 ¹.
685 1143 801 1230 Atque
825 1141 998 1228 observes,
1021 1141 1171 1231 plerum·

84 1249 167 1317 que,
194 1229 232 1297 in
259 1229 322 1299 hac
346 1252 395 1319 re,
426 1252 500 1300 esse
527 1230 632 1299 etiam
659 1251 678 1298 a
705 1231 922 1320 regularibus
952 1228 1169 1320 Episcopum

84 1316 301 1406 adeundum,
330 1320 524 1388 secundum
554 1320 665 1389 illud:
696 1323 835 1389 «Actor
865 1323 1023 1410 sequitur
1052 1322 1170 1390 lorum

84 1408 145 1475 rei.
164 1433 178 1470 r
202 1408 299 1477 Reus
314 1408 410 1478 enim
426 1409 495 1478 fere
511 1431 584 1479 non
601 1410 664 1477 erit
675 1408 742 1478 nisi
760 1411 955 1479 saecularis.

129 1518 167 1602 b)
186 1517 237 1607 Si,
255 1519 331 1587 sine
346 1520 601 1609 possidentium
616 1520 730 1608 culpa,
750 1520 882 1589 reditus
894 1541 933 1588 ex
951 1534 1045 1610 parte
1061 1519 1170 1610 perie-

86 1607 166 1694 rint,
197 1630 234 1677 re
262 1608 335 1699 ipsa
359 1609 495 1678 videtur
510 1610 585 1701 ipsa
611 1610 777 1700 obligatio
794 1611 920 1700 partim
944 1611 1068 1700 perire,
1083 1609 1170 1678 sicut

87 1713 233 1766 cessaret
259 1715 342 1785 rora,
372 1700 479 1768 sires
506 1699 693 1768 missarum
721 1720 826 1768 onere
854 1715 1004 1792 gravata,
1033 1720 1073 1768 ex
1097 1712 1170 1769 toto

88 1787 225 1872 periret.
250 1788 444 1857 Adeundus
467 1806 584 1858 tamen
608 1789 744 1857 videtur
762 1789 969 1879 Episcopus,
996 1789 1058 1878 qui
1080 1788 1169 1857 arbi·

87 1878 192 1944 trium
205 1893 301 1967 gerat
313 1878 397 1946 boni
411 1878 487 1967 viri,
496 1879 538 1945 ad
552 1900 670 1947 casum
684 1894 716 1946 et
728 1900 869 1947 causam
882 1877 1133 1948 aestimandam
1142 1880 1168 1946 ².
1257 1909 1261 1917 -

128 1991 160 2071 c)
187 1985 225 2055 Si
250 1987 463 2057 fundationis
483 2005 602 2058 auctor
618 2011 768 2078 aequam
786 1989 1024 2058 reductionem
1047 1987 1171 2078 permi-

91 2076 167 2143 serit
183 2075 322 2164 diserte,
341 2078 404 2146 hac
428 2079 641 2150 fundationis
663 2082 739 2170 lege
757 2079 877 2169 procul
894 2078 1003 2147 dubio
1019 2079 1068 2146 uti
1095 2077 1172 2147 lice·

91 2164 146 2232 bit.
173 2163 282 2252 Quod
299 2168 327 2234 si
345 2187 439 2236 mere
455 2168 604 2236 fundum
620 2169 674 2236 vel
697 2189 874 2237 summam
890 2167 1080 2258 reliquerit,
1097 2187 1171 2236 non

92 2253 288 2323 deliniendo
319 2256 505 2326 missarum
535 2277 737 2345 numerum,
779 2258 808 2326 is
842 2279 1011 2326 numerus
1046 2271 1097 2326 est
1127 2256 1171 2325 ab

93 2341 307 2412 Ordinario³
339 2346 541 2416 statuendus
572 2369 635 2436 pro
668 2368 766 2416 more
797 2347 864 2416 loci
891 2349 945 2416 vel
973 2345 1172 2435 provinciae

94 2432 229 2524 (Nuper
245 2434 288 2503 38
304 2449 337 2503 et
354 2436 422 2527 39),
449 2436 656 2527 poteritque,
682 2436 878 2507 imminutis
902 2435 1081 2525 reditibuS,
1101 2448 1172 2505 rata
1229 2435 1230 2440 ’

95 2543 182 2604 parre
205 2524 377 2612 deminui,
403 2526 491 2595 sicut
514 2528 578 2595 erit
593 2529 787 2617 augendus,
813 2528 841 2595 si
866 2528 997 2595 lructus
1013 2525 1172 2617 pluribus

95 2611 201 2679 missis
214 2634 368 2702 aequum
381 2617 566 2696 praebeant
581 2616 808 2706 stipendium.
828 2618 931 2685 Tunc
947 2616 1044 2685 enim
1056 2616 1172 2685 relicta

96 2716 141 2765 est
165 2702 331 2792 obligatio
354 2704 490 2772 dicendi
515 2705 638 2774 missas
660 2706 816 2795 quae-ad
842 2706 1017 2775 redituum
1034 2704 1172 2795 copiam

97 2805 258 2876 aptentur.

138 2899 171 2983 d)
187 2900 434 2970 Conceduntur
450 2904 662 2994 quandoque
679 2903 813 2972 indulta
834 2905 1020 2997 generalia,
1038 2904 1071 2974 vi
1089 2925 1172 2995 quo·

103 3007 171 3055 rum
185 2990 261 3059 licet
280 2992 463 3081 Episcopis
480 2994 588 3062 lacere
606 3015 755 3062 onerum
771 2993 1022 3063 reductionem.

140 3102 169 3182 c)
195 3100 272 3190 Ipsa
300 3103 528 3187 consuetudo,
547 3105 669 3172 saltem
693 3103 904 3190 decennalis,
919 3120 1012 3171 ¹cum
1027 3101 1173 3171 decretis

102 3184 252 3278 derogare
280 3191 401 3279 possit.
422 3192 581 3261 Praelato
604 3194 753 3283 regulari
778 3192 976 3284 permittere
993 3191 1119 3281 poterit
1134 3206 1195 3260 ut*

103 3276 245 3347 laculrate
260 3294 377 3348 uratur
393 3281 611 3370 Tridentina,
630 3303 663 3351 er
681 3282 857 3371 Episcopo
884 3299 923 3350 ut
939 3281 1014 3349 iura
1030 3302 1092 3350 sua
1107 3300 1173 3349 ser·

103 3368 431 3438 vetanretridentina.
451 3370 538 3456 (Cir.
560 3370 923 3460 Scnuntzouuaoaa‚
941 3372 965 3438 l.
980 3391 1060 3441 cn.
1082 3370 1172 3457 155.)

127 3622 133 3656 ¹
145 3622 196 3673 Cir.
207 3626 303 3684 Maur,
315 3627 353 3674 Dr
362 3626 453 3685 Missa,
465 3640 493 3676 ιι.
502 3632 540 3685 75.

127 3690 199 3743 ²Clr.
216 3694 491 3753 Scausnzcauaaaa,
503 3696 522 3744 l.
540 3707 564 3744 c.
583 3709 611 3744 n.
631 3702 673 3753 146
681 3712 687 3750 ;
699 3696 730 3744 C.
751 3696 935 3752 o'Arrurasrs,
948 3697 966 3745 t.
980 3700 1002 3751 3,
1014 3706 1042 3743 n.
1054 3697 1092 3751 7⁵·
1104 3693 1173 3743 Sunt

105 3757 190 3816 umen,
201 3760 361 3820 praesertim
367 3775 401 3811 ex
411 3760 557 3811 moralistis
567 3760 614 3822 qui
630 3760 794 3810 sententiam
806 3760 937 3821 Episcopi
948 3772 1004 3809 non
1014 3758 1133 3821 exigunt.

128 3823 139 3858 ³
150 3824 282 3877 ordinarii
298 3826 319 3876 ii
338 3832 402 3877 sunt
412 3831 556 3889 quotquot,
567 3841 600 3876 ex
614 3841 641 3876 n.
652 3835 665 3875 8
676 3828 707 3877 C.
720 3828 810 3888 Nuper,
821 3832 955 3887 perpetua
965 3839 1048 3875 onera
1062 3826 1173 3887 permit·

107 3891 153 3937 lere
166 3891 268 3950 debent.
287 3894 420 3945 Definitio
443 3894 516 3944 enim
534 3893 586 3945 ista
605 3894 713 3944 videtur
737 3894 808 3943 inter
827 3892 958 3943 adiuncta
982 3892 1173 3943 concedendae

107 3952 242 4018 facultatist
259 3965 344 4023 atque
354 3961 421 4022 ipsis
430 3962 458 4012 S.
471 3962 570 4022 congr.
585 3960 722 4021 responsis
732 3959 935 4009 confirmamur.
949 3961 981 4008 In
991 3957 1125 4017 hisenim,
1136 3960 1172 4008 ad

108 4019 180 4078 llic,
188 4023 271 4088 Nuper,
284 4042 312 4078 n.
322 4032 369 4088 39),
386 4040 529 4076 numerum
539 4025 683 4077 missarum
693 4025 881 4086 praescribere
900 4025 1000 4077 dicitur
1017 4024 1171 4084 ordinarius,

109 4090 240 4141 secundum
254 4107 357 4144 morem
373 4093 493 4143 civitatis
507 4095 550 4145 vel
564 4094 739 4154 provinciae:
752 4093 819 4143 dum
832 4092 869 4143 ad
886 4094 910 4142 V
926 4094 969 4153 (C.
980 4093 1068 4154 Nuper,
1080 4105 1107 4141 n.
1124 4097 1171 4150 42l·

110 4152 261 4217 eleemosyna
275 4160 378 4210 dicitur
394 4160 606 4222 praescribenda
615 4159 652 4209 ab
662 4162 778 4222 Episcopo
793 4159 904 4221 quando
919 4158 1013 4220 legatis
1021 4157 1111 4207 missis
1121 4165 1171 4209 tes·

112 4223 171 4267 tator
187 4226 284 4275 nullam
295 4227 480 4288 praescripsit.
494 4228 597 4277 Notum
607 4232 647 4277 est
658 4228 740 4277 etiam
752 4241 769 4277 a
779 4225 962 4289 Regularibus
977 4225 1105 4275 standum
1114 4239 1173 4275 esse

113 4287 262 4407 mmigrat
270 4293 294 4343 si
305 4306 388 4355 quam
399 4294 516 4343 voluerit
528 4294 681 4355 Episcopus
698 4295 847 4355 imponere.
858 4292 915 4343 Cir.
926 4293 1021 4352 Manu,
1033 4292 1071 4341 Dr
1080 4294 1171 4352 Missa,

132 4383 137 4396 .
172 4373 221 4413 .4,
899 4381 902 4385 -
