2959 4900
338 347 375 382 DE
391 345 530 382 CANONICA
545 344 714 381 MONASTERH
731 343 904 381 POSSESSIONE
956 314 958 319 Ι

215 559 699 686 SUPPLEMENTUM
733 601 1025 726 octauum

194 837 248 901 DE
276 835 485 901 cruorum
510 834 761 902 MONASI'ERII
785 829 1052 899 POSSESSIONE

129 1061 372 1145 quaestionis
384 1065 538 1129 occasio
553 1065 595 1128 et
609 1064 887 1146 argumentum.
903 1096 945 1106 —
961 1078 989 1122 1.
1008 1052 1116 1139 Cum,
1134 1050 1172 1119 in

93 1142 189 1213 altero
205 1145 386 1212 volumine
410 1147 519 1213 nostri
536 1159 701 1213 tractatus
727 1145 782 1212 De
798 1143 984 1233 religiosis,
1002 1143 1046 1210 de
1069 1141 1172 1209 variis

91 1230 339 1320 disputaremus
362 1235 481 1302 dubiis
503 1235 659 1302 iuridicis
682 1256 773 1323 quae
801 1232 1002 1322 religiosam
1024 1251 1173 1321 pauper·

91 1337 187 1389 tatem
203 1323 445 1412 respiciebant,
464 1324 502 1391 in
518 1325 762 1413 quaestionem
779 1322 980 1408 incidimus,
998 1342 1072 1388 non
1087 1319 1174 1388 levis

90 1411 235 1497 profecto
251 1414 437 1500 momenti,
455 1414 499 1481 de
514 1413 682 1481 canonica
694 1412 829 1480 ratione
844 1432 914 1500 qua
930 1409 1174 1499 possideantur

91 1517 286 1570 conventus,
315 1503 452 1570 Placuit
467 1519 551 1570 tunc
567 1502 656 1569 nihil
672 1502 715 1568 de
731 1502 796 1569 ista
812 1501 1016 1588 quaestione
1033 1498 1174 1568 definite

90 1591 320 1674 pronuntiare.
350 1591 481 1679 Quare,
512 1614 546 1679 p.
566 1593 621 1677 33,
651 1591 688 1657 in
705 1611 865 1679 parergo,
894 1587 1127 1675 conscriptam
1154 1608 1175 1652 a

93 1675 128 1747 P.
139 1679 183 1748 V.
205 1681 262 1748 DE
277 1681 381 1748 BUCK
393 1682 436 1748 de
449 1683 513 1748 hac
525 1702 562 1747 re
574 1680 854 1749 lucubrationem
866 1678 1052 1746 doctorum
1064 1675 1175 1744 oculis

93 1786 176 1836 mere
194 1769 353 1836 subicere
369 1769 450 1838 satis
467 1769 668 1837 habuimus.

127 1881 178 1948 Ad
197 1881 265 1949 hoc
279 1883 467 1951 consilium
478 1884 740 1952 adducebamur
752 1905 825 1950 non
836 1876 973 1950 tantum
991 1880 1175 1947 intrinseca

93 1967 135 2034 rei
149 1971 329 2060 gravitate,
344 1973 404 2040 sed
421 1976 475 2041 vel
490 1975 641 2042 maxime
658 1974 740 2062 quia
756 1972 947 2039 deserenda
963 1969 1067 2037 nobis
1082 1967 1176 2035 vide·

93 2055 185 2126 batur
202 2062 453 2149 plerorumque
477 2062 731 2131 hodiernorum
747 2061 956 2151 scriptorum
976 2058 1175 2157 auctoritas,

94 2148 181 2247 quod
199 2170 283 2306 spne
300 2172 373 2218 non
390 2151 429 2218 fit
444 2152 635 2242 prudenter
647 2151 713 2220 nisi
731 2165 830 2219 caute
842 2164 875 2218 et
890 2150 980 2216 bene
996 2165 1177 2237 perpensis
1232 2182 1238 2191 -

91 2250 210 2305 ratrom
237 2260 291 2307 us.

133 2372 162 2418 2.
181 2353 258 2441 Age
282 2375 378 2440 vero,
397 2354 611 2442 quaestionis
627 2354 763 2422 nodum
780 2352 835 2421 his
850 2351 1060 2443 arbitramur
1084 2368 1178 2415 com·

94 2440 305 2524 prehendere
321 2465 423 2532 posse
441 2445 577 2513 verbis:
595 2445 717 2531 Estne,
735 2443 773 2511 in
789 2444 866 2511 iure
881 2441 1064 2526 canonico,
1090 2438 1180 2505 inter

92 2549 254 2628 personas
276 2532 445 2621 physicas
461 2553 494 2601 et
521 2534 670 2602 morales
693 2554 756 2601 seu
777 2532 941 2600 iuridicas
965 2527 1180 2599 admittenda

93 2616 265 2688 distinctio
300 2623 346 2689 ita
382 2623 565 2712 intellecta,
603 2639 642 2690 ut
676 2644 825 2710 persona
864 2620 1007 2688 morahs
1044 2618 1088 2685 sit
1118 2636 1181 2683 ens

93 2709 267 2792 quoddam
284 2709 463 2797 ficticium,
482 2734 544 2780 seu
561 2729 632 2780 arte
655 2713 799 2798 factum,
817 2733 837 2779 a
853 2709 1013 2800 personis
1027 2705 1181 2796 physicis

93 2796 191 2865 etiam
231 2800 410 2869 collective
445 2804 594 2891 sumptis
622 2801 906 2879 discernendum,
937 2798 975 2865 in
1002 2818 1075 2885 quo
1100 2815 1182 2861 vera

94 2888 261 2970 quaedam
288 2888 378 2976 iura,
396 2906 520 2978 utputa
543 2890 706 2975 dominii,
725 2908 763 2956 ut
790 2889 828 2957 in
858 2909 940 2956 vero
971 2907 1010 2954 ac
1037 2886 1181 2974 propri0

94 2975 245 3044 subiecto
273 2977 388 3045 inesse
416 2981 572 3069 possint3
599 3000 644 3046 an
667 2996 801 3065 contra,
820 2978 887 3046 hoc
914 2974 1060 3044 nomine
1087 2991 1182 3039 mere

96 3064 319 3161 designentur
345 3089 516 3156 personae
547 3059 709 3157 physicae
736 3067 802 3136 sub
834 3078 927 3135 certo
960 3075 1118 3152 respectu
1149 3076 1183 3127 et

96 3156 195 3221 simul
210 3155 477 3224 consideratae?
1250 3155 1253 3164 ¹

136 3264 298 3363 Moderni
328 3288 433 3357 porro
457 3271 543 3339 iuris
569 3270 756 3357 civilis.vel
781 3266 939 3337 canonici
963 3266 1182 3353 interpretes,

96 3367 172 3421 satis
197 3356 272 3443 diu,
302 3380 322 3425 a
337 3380 426 3427 saec.
445 3360 573 3429 XVIII
593 3358 751 3447 exeunte,
768 3358 939 3426 inhaere
956 3355 1011 3423 vix
1026 3353 1185 3421 visisunt

99 3440 245 3538 haerere,
265 3465 298 3514 et
316 3470 482 3536 personas
498 3470 670 3540 agnovere
687 3450 838 3517 morales
854 3468 916 3515 seu
932 3444 1064 3530 civiIes,
1083 3441 1184 3509 itaut

99 3550 165 3599 tam
190 3540 292 3625 plura
320 3540 498 3627 coeperint
536 3560 657 3607 earum
684 3538 900 3626 distinguere
931 3553 1073 3625 genera,
1102 3549 1185 3597 cum

98 3640 224 3694 verosa
252 3626 342 3693 fictis
358 3628 607 3715 diScernerent,
633 3627 851 3715 aliarumque
867 3624 1040 3713 originem
1056 3631 1186 3717 repete3

100 3726 174 3779 rent
187 3736 204 3781 a
216 3732 353 3803 natura,
373 3718 521 3785 aliarum
533 3738 613 3785 vere
626 3739 645 3784 a
657 3716 807 3803 positiva
818 3712 1026 3804 legislatoris
1039 3710 1185 3776 humani

100 3800 283 3871 voluntate.
302 3806 511 3874 Naturalem
524 3807 620 3874 enim
636 3806 758 3873 dicunt
772 3801 1054 3894 personalitatem
1069 3796 1186 3896 Status

102 3900 133 3985 et
150 3889 357 3988 'Ecclesiaez
383 3895 471 3963 dum
494 3896 720 3984 personalitas
749 3893 885 3982 collegii
913 3890 958 3960 sit
981 3888 1066 3956 iuris
1093 3904 1184 3974 posi·

103 3988 172 4045 tivi.
1062 4019 1065 4023 ι
1160 3993 1162 3996 ·

146 4092 239 4165 Huic
262 4114 382 4166 tamen
404 4098 594 4167 sententiae
621 4098 850 4187 repugnabat,
869 4096 905 4163 in
929 4090 1066 4161 laudata
1089 4089 1187 4188 Iucu·

102 4178 267 4274 bradone,
289 4188 331 4256 P.
361 4186 405 4257 V.
426 4189 485 4257 DE
518 4189 646 4269 BUCK3
664 4185 870 4276 repugnavit
896 4183 1001 4252 etiam
1033 4192 1188 4266 optimus

107 4268 213 4363 Belgii
239 4276 521 4367 iurisconsultus,
550 4276 707 4345 minister
734 4275 897 4361 iustitiae,
930 4273 975 4340 D.
1000 4268 1082 4336 VAN
1109 4279 1186 4348 DEN
