2959 4900
138 1088 261 1138 oratrices

139 1216 257 1275 Exposita

108 1279 183 1324 mari
198 1276 218 1321 a·
238 1277 269 1319 to·

110 1349 167 1385 aare
213 1330 269 1391 Offi-

108 1398 146 1444 cia
156 1390 206 1441 div.

137 2376 242 2418 Pontu-

111 2429 181 2472 lant.

138 2554 176 2620 .D‘
184 2559 234 2603 ritu

109 2623 204 2662 musae.

138 2754 177 2801 De
195 2756 271 2803 missa

778 352 954 388 MONUMENTA

464 539 534 626 97.
555 591 597 602 -
618 553 654 623 8.
679 553 826 623 situum
851 552 995 624 cotun.
1018 555 1054 639 (ΙΙ
1078 571 1153 639 auu.
1179 554 1279 638 19⁰5)

511 737 689 792 INDULTA
707 737 763 791 nt:
779 737 901 792 mssa
919 737 1010 793 IMM.
1032 738 1226 793 GONGHPT.

573 899 782 957 Martialium
802 900 1170 972 concepuonrstarum

361 1071 530 1127 Abbatissae
550 1072 798 1128 Monasteriorum
815 1072 989 1128 Monialium
1003 1072 1091 1144 vulgo
1106 1070 1403 1144 Conceptionistarum

325 1144 356 1199 in
381 1143 478 1215 regnis
502 1143 662 1215 Hispaniae
688 1155 716 1199 et
744 1144 836 1215 Belgii
865 1144 1076 1209 exsistentium,
1109 1144 1268 1199 Sacrorum
1296 1142 1402 1197 Rituuru

326 1215 392 1271 Con
412 1214 554 1285 regationi
569 1231 603 1268 ea
615 1232 691 1287 quae
704 1229 868 1288 sequuntur
879 1215 1046 1271 humillime
1062 1227 1261 1288 exposuerunt
1277 1234 1283 1268 :
1302 1213 1403 1269 Monia·

326 1288 368 1342 les
406 1285 636 1356 onceptionistae
648 1286 756 1342 cotidie
777 1303 827 1358 per
845 1304 958 1343 annum
976 1286 1077 1359 legunt
1102 1285 1244 1342 Officium
1272 1287 1403 1340 Immacu-

325 1360 401 1414 latae
427 1356 634 1428 conceptionis
660 1360 693 1412 B.
721 1358 763 1413 M.
790 1359 825 1413 V.
849 1374 925 1415 asa.
950 1374 1007 1415 mc.
1031 1358 1084 1413 Pio
1105 1360 1183 1429 Papa
1198 1358 1334 1412 lXanno
1350 1354 1402 1411 1863

326 1430 531 1502 approbatum,
546 1428 671 1501 exceptis
693 1428 871 1498 quibusdam
892 1429 1004 1497 diebus,
1027 1428 1059 1484 iu
1080 1429 1189 1502 quibus
1204 1426 1344 1484 Officium
1358 1424 1403 1481 diei

326 1501 447 1558 recitant
470 1499 634 1555 secundum
655 1500 837 1555 Breviarium
861 1503 1029 1557 Romanum
1048 1502 1085 1555 ad
1099 1517 1187 1556 usum
1201 1501 1339 1555 Fratrum
1359 1496 1403 1553 Mi-

326 1589 444 1629 norum.
459 1570 598 1627 Officium
610 1588 679 1627 vero
703 1572 911 1629 Immaculatae
931 1572 1149 1641 Conceptionis,
1165 1570 1268 1626 diebus
1283 1568 1401 1631 indultis,

325 1643 380 1699 sub
394 1643 499 1698 eodem
510 1643 569 1698 ritu
582 1642 755 1716 persolvunt
775 1660 836 1715 quo
861 1644 940 1716 apud
955 1645 1069 1702 Fratres
1083 1644 1214 1699 Minores
1231 1642 1351 1699 Festum
1362 1656 1403 1695 seu

326 1714 466 1771 Officium
479 1714 527 1769 cui
539 1713 614 1768 illud
628 1714 813 1785 subrogatur.
837 1732 898 1771 non
913 1728 1012 1771 tamen
1026 1713 1085 1771 ritu
1098 1714 1213 1769 minore
1226 1731 1319 1785 quam
1332 1710 1402 1767 semi·

325 1785 444 1858 duplici,
458 1789 520 1840 non
534 1784 642 1840 omissa
651 1787 932 1843 commemoratione
941 1786 998 1843 diei
1012 1786 1155 1842 currentis
1169 1785 1295 1856 aliisque
1307 1784 1342 1839 de
1351 1783 1401 1838 iure

325 1857 464 1913 faciendis
477 1857 558 1911 iuxta
571 1855 723 1916 Rubricas.
750 1858 831 1914 Haec
849 1858 950 1913 omnia
961 1858 1112 1913 enucleate
1126 1869 1154 1912 et
1167 1855 1303 1911 distincte
1317 1864 1401 1927 patent

325 1946 360 1985 ex
382 1927 533 2001 Rescripta
556 1929 660 1983 Sacrae
674 1929 918 2001 congregationis
941 1928 1157 2003 Episcoporum
1178 1937 1207 1983 et
1223 1926 1402 1999 Regularium

325 2002 354 2056 d.
370 2000 399 2055 d.
418 2001 446 2055 13
458 1998 555 2054 martii
570 1999 708 2055 vertentis
722 2000 807 2056 annis
825 2001 904 2073 1905.

360 2084 499 2138 Attamen
512 2082 611 2153 quoad
625 2082 732 2137 Missae
754 2083 791 2138 de
812 2082 1004 2139 Immaculata
1024 2080 1225 2167 Conceptione
1238 2078 1344 2136 Officio
1357 2093 1402 2133 res-

324 2153 481 2226 pondentis
506 2152 733 2208 celebrationem
757 2166 786 2210 et
807 2154 927 2210 relativa
945 2154 1102 2227 postulata,
1120 2156 1208 2208 bacra
1223 2153 1327 2209 eadem
1340 2151 1401 2205 Cou-

325 2224 455 2296 gregatio
475 2224 595 2279 rescribi
618 2224 769 2280 mandavit
793 2226 1040 2281 «recurrendum
1063 2239 1124 2279 esse
1145 2224 1183 2279 ad
1206 2225 1326 2279 Sacram
1340 2222 1401 2277 Con·

325 2296 524 2368 gregationem
545 2294 668 2349 Rituum
689 2317 717 2351 ».
739 2297 819 2352 Hinc
840 2297 1010 2353 Abbatissae
1032 2294 1178 2351 Oratrices
1198 2296 1235 2351 ab
1259 2295 1316 2349 hac
1330 2294 1401 2348 Sacra

325 2366 561 2494 gangregatione
580 2365 749 2439 suppliciter
768 2368 989 2441 expostularunt
1001 2380 1035 2423 ut
1053 2367 1200 2427 declarare
1214 2379 1243 2424 et
1255 2364 1400 2421 concedere

345 2452 515 2511 ignaretur:

363 2525 385 2578 1.
401 2524 442 2579 Ut
456 2521 546 2578 Missa
562 2523 772 2578 Immaculatae
791 2521 1008 2595 Conceptionis,
1030 2520 1136 2579 Officio
1154 2522 1325 2589 conformis,
1339 2519 1399 2596 dica-

325 2604 460 2650 turcum
485 2593 593 2649 Gloria
620 2606 648 2648 et
675 2594 789 2663 Credo;
817 2606 847 2650 et
868 2595 899 2648 in
924 2595 1040 2650 Secreta
1066 2595 1196 2650 dicatur:
1223 2614 1240 2644 «
1266 2594 1360 2662 Quam
1377 2603 1400 2642 tn

325 2665 607 2722 commemoratione
622 2665 831 2721 Immaculatae
846 2665 1065 2738 Conceptionis.
1083 2687 1099 2717 »

363 2751 401 2804 ll.
424 2749 465 2804 Ut
477 2748 523 2803 die
540 2767 571 2817 14
588 2749 703 2820 augusti
724 2761 752 2803 et
777 2749 823 2804 die
841 2767 858 2820 7
875 2748 1046 2818 decembris,
1069 2747 1093 2804 si
1107 2749 1187 2804 iuxta
1200 2747 1348 2803 indultum
1361 2742 1399 2797 fiat

326 2819 465 2876 Officium
488 2821 524 2876 de
547 2819 747 2887 Immaculata,
776 2820 865 2875 Missa
889 2833 988 2876 tamen
1014 2820 1127 2892 legatur
1151 2818 1187 2874 de
1213 2817 1321 2887 Vigilia
1346 2829 1398 2871 curu

325 2891 658 2948 commemorationibus
671 2891 904 2947 occurrentibus.

257 3023 267 3034 .
362 2977 450 3030 Sacra
461 2993 550 3048 porro
575 2974 695 3030 Rituum
710 2975 917 3053 Congregatio,
934 2976 1047 3030 utendo
1069 2973 1258 3030 facultatibus
1277 2971 1328 3029 sibi
1349 2983 1397 3046 spe·

137 3850 197 3897 Dies
227 3851 268 3907 (rr

108 3920 162 3967 aug.
172 3910 253 3966 1905.)

325 3047 436 3102 cialiter
454 3065 470 3099 a
485 3045 672 3102 sanctissimo
686 3048 816 3101 Domino
833 3047 943 3102 Nostro
960 3045 1013 3101 Pio
1029 3048 1109 3119 Papa
1124 3045 1151 3099 X
1169 3044 1297 3112 tributis,
1316 3057 1397 3118 exqu-

326 3118 382 3174 sito
405 3118 492 3173 etiam
514 3131 584 3173 voto
599 3117 823 3172 Commissionis
840 3117 1015 3190 Liturgicae‚
1036 3116 1193 3190 propositis
1207 3114 1356 3190 postulatis
1368 3122 1397 3163 na

325 3189 501 3262 respondere
514 3188 628 3244 censuit
640 3208 647 3242 :

360 3272 407 3328 Ad
434 3275 456 3327 l.
486 3272 591 3340 Quoad
616 3271 743 3344 primam
767 3284 890 3346 partem,
913 3271 1094 3328 Affirmative
1116 3289 1170 3344 pro
1190 3271 1291 3343 gratia,
1313 3280 1396 3324 verum

325 3344 424 3417 quoad
448 3343 582 3415 Symboli
596 3343 787 3412 additionem,
808 3344 972 3399 dummodo
992 3342 1131 3398 Officium
1153 3344 1208 3398 sub
1230 3342 1288 3397 ritu
1310 3338 1396 3395 saltem

324 3414 434 3488 duplici
448 3414 612 3471 celebretur
623 3436 630 3483 ;
642 3416 743 3486 quoad
755 3415 916 3471 secundam
930 3426 1053 3487 partem,
1069 3412 1262 3469 Affirmative.

359 3500 406 3553 Ad
419 3500 459 3554 11.
476 3497 627 3570 Negative,
651 3497 697 3552 die
720 3517 752 3564 14
766 3499 892 3566 augusti,
919 3497 1028 3570 inqua
1051 3495 1192 3553 Officium
1215 3509 1244 3552 et
1266 3494 1349 3551 Missa
1368 3489 1395 3541 de

323 3569 431 3642 Vigilia
440 3568 669 3641 Assumptionis,
683 3569 752 3624 loco
765 3568 862 3625 Officii
872 3581 900 3625 et
915 3569 1021 3624 Missae
1031 3569 1067 3624 de
1080 3568 1271 3624 Immaculata
1283 3567 1394 3643 Concep·

322 3641 405 3698 tione
432 3641 574 3714 Deiparae
599 3654 763 3711 peragatur,
790 3641 894 3696 iisdem
918 3640 1041 3703 iuribus,
1069 3653 1098 3695 at
1126 3639 1180 3695 sub
1206 3639 1264 3694 ritu
1289 3634 1393 3712 feriali:

325 3711 515 3780 affirmative,
532 3712 578 3766 die
592 3729 609 3783 7
623 3711 794 3782 decembris,
811 3714 861 3768 sed
876 3711 966 3768 Missa
981 3710 1105 3784 Vigiliae
1125 3711 1179 3766 sub
1200 3711 1258 3766 ritu
1278 3705 1363 3763 feriali
1374 3711 1394 3755 et

323 3786 424 3842 colore
435 3783 567 3839 violaceo
580 3783 756 3839 celebretur.

359 3870 457 3939 Atque
469 3866 509 3920 ita
521 3864 676 3937 rescripsit,
692 3865 850 3921 declaravit
863 3877 891 3921 et
903 3865 1034 3932 indulsit,
1050 3865 1096 3920 die
1112 3883 1140 3920 ιι
1157 3863 1272 3937 augusti
1287 3860 1357 3934 1905.

853 3951 888 4004 A.
904 3948 991 4005 Card.
1006 3951 1140 4018 Tmen,
1156 3946 1334 4015 Pro-Praef.

774 4032 814 4088 D.
831 4033 947 4101 Punici,
964 4033 1107 4106 Archiep.
1123 4032 1282 4088 Laodicen.
1296 4029 1390 4084 Secret-

716 4287 1034 4295 ...ψ-...-
