2959 4900
99 626 248 694 Moneantur

85 697 199 732 concnsto

86 739 221 802 officiorum,

85 895 211 1000 nte...

109 1033 148 1081 De
157 1033 235 1092 obliga

86 1092 147 1139 riom
171 1092 247 1150 Regu-

85 1147 183 1198 larium.

113 1475 238 1525 adeantur

86 1533 183 1582 decreta.

114 1745 174 1793 Dies
184 1748 225 1804 (ao

86 1807 158 1851 marl.
167 1806 246 1863 1904).

300 311 358 377 θ’
390 324 412 364 -’
752 335 932 372 uouuururn
998 367 1001 374 .

302 470 461 539 Generalis,
475 487 600 543 sequens
612 469 737 526 dubium
750 470 926 526 solvendum
945 471 998 527 SS.
1014 471 1137 526 Rituum
1158 472 1389 544 Congregationi

301 542 467 598 humillime
480 543 650 616 proposuit;
666 541 809 598 nimirum
823 562 830 598 ε
1040 571 1045 580 ·

336 626 425 680 Anno
453 641 528 698 1900,
557 624 594 679 ab
615 623 787 697 Apostolica
811 624 885 679 Sede
913 636 1031 681 extensa
1053 626 1134 681 luere
1157 626 1194 680 ad
1220 627 1389 683 universam

301 697 468 754 Americam
484 695 618 751 Latinam
631 695 701 751 festa
714 711 782 751 cum
797 693 901 750 officiis
913 708 942 751 et
954 696 1049 752 missis
1067 697 1193 770 propriis
1205 711 1234 755 et
1247 717 1263 754 a
1286 700 1390 772 proba-

301 769 338 825 tis
353 771 386 824 B.
402 769 443 824 M.
460 769 495 824 V.
515 767 552 824 de
567 767 738 840 Guadelupe
762 767 817 822 sub
835 766 894 822 ritu
908 767 948 822 du
972 810 978 823 .
997 787 1006 823 1
1029 767 1138 838 classis,
1154 782 1183 824 et
1196 771 1226 828 S.
1241 717 1389 839 Tburibii,

300 839 519 915 Archiepiscopi
537 839 662 908 Limam,
678 839 732 894 sub
747 837 807 893 ritu
819 839 890 912 dup.
906 857 921 894 2
934 785 1045 897 ciassis

312 957 321 976 .
339 927 427 980 Nunc
440 922 609 997 quaeritur:

338 1011 385 1064 An
406 1022 509 1063 omnes
532 1006 690 1077 Regulares
713 1005 743 1059 in
765 1005 902 1061 America
925 1005 1030 1061 Latina
1051 1007 1141 1063 vitam
1163 1022 1281 1081 agentes
1299 1024 1390 1085 atque

302 1079 422 1155 proprio
438 1077 612 1134 Calendario
625 1089 740 1133 utentes
758 1077 794 1131 ad
808 1078 955 1148 praedicta
971 1078 1053 1136 festa.
1073 1077 1170 1134 officia
1189 1093 1218 1136 et
1231 1082 1337 1138 Missas
1353 1085 1388 1138 B.

303 1154 346 1209 M.
359 1153 395 1207 V.
411 1148 644 1222 Guadalupensis
657 1161 686 1203 et
699 1149 728 1204 S.
743 1149 878 1204 Thuribii
894 1149 1086 1222 persolvenda
1100 1162 1256 1209 teneantur
1271 1155 1282 1208 l

339 1239 377 1292 Et
389 1236 418 1291 S.
435 1235 557 1289 Rituum
570 1234 634 1287 Con
670 1232 775 1304 egatio,
801 1233 838 1288 ad
858 1233 1031 1290 relationem
1054 1235 1210 1309 subscripti
1229 1237 1389 1305 secretarii,

302 1308 444 1380 exquisita
463 1303 605 1360 sententia
652 1303 851 1360 ommissionis
872 1305 1034 1378 liturgicae‚
1058 1323 1149 1378 reque
1171 1321 1306 1365 accurate
1326 1327 1391 1382 per-

302 1397 401 1453 pensa,
416 1377 573 1434 rescribere
584 1388 647 1432 rata
660 1387 712 1432 est.

338 1463 531 1518 «Serventur
552 1460 582 1516 S.
608 1461 643 1517 R.
672 1460 706 1515 C.
733 1461 865 1530 Decreta,
888 1461 1059 1532 praesertim
1082 1479 1111 1515 n.
1136 1463 1206 1534 3147
1236 1464 1388 1532 Patavina,

303 1534 336 1590 28
349 1533 447 1606 aprilis
463 1534 546 1601 1866;
561 1550 591 1588 n.
608 1533 677 1605 3727
688 1532 808 1588 Ordinis
819 1532 849 1588 S.
866 1532 1024 1601 Benedicti,
1044 1551 1075 1590 ro
1087 1533 1156 1588 maii
1173 1535 1250 1606 0890,
1263 1548 1293 1591 et
1306 1536 1391 1591 detur

301 1606 390 1662 etiam
408 1606 559 1661 decretum
577 1621 677 1660 recens
700 1603 944 1676 congregationis
966 1602 1223 1661 Missionariorum
1244 1607 1391 1663 Filiorum

303 1677 488 1733 Immaculati
501 1676 605 1733 Cordis
621 1678 654 1732 B.
671 1676 712 1731 M.
727 1676 764 1731 V.
779 1675 971 1731 fidecembris
988 1694 1066 1749 1902.

337 1762 434 1834 Atque
448 1760 487 1815 ita
501 1759 655 1833 rescripsit,
672 1759 720 1814 die
733 1761 768 1814 26
781 1759 877 1814 martii
896 1777 972 1833 ¹904·

765 1842 794 1897 S.
809 1841 896 1897 Card.
912 1842 1053 1910 Caurout,
1069 1843 1102 1898 S.
1117 1844 1154 1898 R.
1173 1846 1207 1900 C.
1221 1845 1329 1917 Praes.

712 1927 753 1980 D.
766 1926 887 1996 Paniai,
901 1927 1044 1999 Archiep.
1060 1928 1224 1984 Laodicen.
1240 1929 1353 1985 Secret.

756 2085 932 2139 Auuorarro

337 2224 404 2278 Hoc
423 2238 476 2276 suo
499 2218 587 2274 modo
611 2217 816 2289 respondendi,
842 2218 956 2273 videtur
981 2220 1011 2274 S.
1042 2221 1164 2275 Rituum
1190 2222 1391 2294 congregatio

298 2294 423 2349 voluisse
435 2290 520 2347 tacite
531 2291 680 2345 decretum
692 2290 708 2344 6
721 2288 882 2344 decembris
896 2307 972 2361 1902,
985 2291 1021 2346 de
1031 2309 1092 2364 quo
1103 2309 1201 2418 supra,
1215 2311 1244 2348 n.
1258 2312 1284 2360 2,
1301 2312 1331 2367 p.
1348 2313 1388 2361 12,

299 2365 399 2437 aliquo
421 2363 510 2418 modo
531 2360 677 2416 declarare
701 2359 823 2434 eiusque
845 2363 1000 2417 ostendere
1022 2379 1132 2418 concor
1153 2363 1213 2418 iam
1235 2381 1306 2420 curn
1325 2365 1391 2420 aliis
1468 2377 1471 2394 ¹

299 2436 430 2493 decretis.
454 2435 532 2490 Dum
545 2432 623 2489 enim
636 2432 724 2488 simul
739 2431 851 2489 distulit
862 2444 1009 2490 oratorem
1028 2433 1065 2490 ad
1085 2435 1200 2491 decreta
1219 2454 1249 2492 n.
1275 2437 1349 2509 3147
1362 2454 1391 2493 et
1468 2444 1471 2486 l

300 2509 368 2581 3727
379 2521 407 2564 et
416 2507 453 2562 ad
466 2507 616 2561 decretum
628 2506 645 2561 ὁ
663 2505 726 2560 dec.
751 2523 828 2577 1902,
849 2504 920 2560 haec
933 2505 1089 2562 affirmavit
1103 2524 1165 2562 esse
1179 2508 1255 2563 inter
1269 2526 1301 2563 se
1319 2526 1391 2565 con·
1468 2501 1471 2516 '

300 2597 382 2649 sona,
407 2591 436 2635 et
459 2578 579 2633 tertium
605 2576 720 2632 duobus
745 2575 891 2647 prioribus
916 2578 1056 2633 declarari
1082 2579 1197 2635 debere.
1227 2579 1273 2634 Ad
1297 2598 1390 2653 quam
1471 2627 1472 2630 ,

299 2650 567 2725 interpretationem
582 2648 636 2722 ipsi
650 2648 825 2704 accessimus
837 2649 868 2703 in
881 2661 980 2704 nostra
992 2650 1193 2718 conclusione,
1205 2669 1235 2723 p.
1254 2652 1284 2707 13
1299 2665 1328 2707 et
1348 2672 1389 2723 14.

336 2736 370 2791 R.
387 2736 419 2790 P.
433 2734 558 2797 Tunisa,
576 2734 646 2788 Rev.
667 2733 781 2787 Titios..
805 2750 911 2807 annuc.
930 2750 1008 2805 1904,
1047 2776 1053 2787 .
1069 2734 1131 2806 567,
1152 2734 1212 2789 iam
1229 2735 1388 2791 arbitratur

299 2823 472 2877 responsum
497 2806 514 2859 6
539 2805 600 2859 dec.
626 2821 692 2877 1902
714 2805 755 2858 ita
775 2821 837 2859 esse
856 2751 1095 2875 intellegentibm,
1121 2817 1154 2859 ut
1166 2806 1316 2877 regulares
1336 2808 1388 2880 qui
1471 2823 1472 2826 ¹

299 2878 472 2933 dioecesano
502 2887 626 2930 utuntur
651 2874 828 2943 calendario,
863 2892 975 2930 novum
1002 2875 1137 2931 officium
1165 2878 1296 2951 recipere
1323 2896 1385 2933 non
1471 2935 1472 2940 .

299 2950 432 3017 debeant,
445 2947 500 3003 nisi
515 2946 647 3003 clausula
659 2948 784 3001 addatur
793 2947 975 3020 praeceptiva
991 2964 1044 3019 pro
1056 2961 1185 3021 utroque
1198 2950 1288 3004 clero,

335 3035 432 3101 Quam
445 3030 619 3087 sententiam
632 3021 799 3103 improbare
814 3030 964 3086 nolumus.
986 3031 1046 3085 Cur
1058 3043 1157 3087 tamen
1172 3033 1323 3104 regulares
1337 3034 1390 3113 qui
1472 3055 1473 3058 ¹

299 3103 467 3184 simpliciter
479 3102 796 3183 utunturndioecesano
811 3102 975 3158 calendario
989 3102 1155 3184 eximantur
1170 3104 1256 3159 novis
1269 3104 1387 3184 officiis,

300 3188 328 3230 et
342 3193 382 3231 stc
395 3192 453 3229 tam
472 3174 670 3229 calendarium
689 3191 843 3246 proprium
863 3173 971 3229 habere
989 3188 1140 3253 incipiant,
1160 3194 1223 3231 non
1243 3193 1387 3248 capimus,

300 3247 442 3318 nobisque
464 3246 532 3301 satis
556 3244 664 3299 mirum
688 3246 814 3301 videtur.
841 3246 939 3313 Quare
961 3259 1059 3317 potius
1081 3248 1221 3302 standum
1247 3260 1391 3321 putamus
1474 3243 1475 3258 ³

300 3317 482 3374 conclusioni
493 3316 658 3389 propositae
673 3334 701 3388 p.
721 3336 763 3386 14.

302 3620 371 3707 18.
393 3673 434 3679 -
455 3633 490 3703 s.
515 3633 661 3702 niruun
687 3627 1030 3702 commoturus
1059 3633 1110 3714 (u
1139 3632 1256 3719 aperus
1285 3631 1391 3716 0004)

396 3804 650 3864 RESCRIPTUM
665 3805 720 3859 DE
738 3805 1000 3861 GALENDARIO
1017 3806 1292 3862 SACERDOTUM
1315 3847 1323 3864 .

692 3884 1000 3941 TERTIARIORUM

566 4039 709 4097 Ordinis
728 4038 893 4096 Fratrum
912 4040 1089 4096 minorum

340 4201 509 4259 Hodiernus
520 4200 593 4254 Rmus
602 4200 778 4253 Procurator
791 4198 938 4255 Generalis
946 4199 1065 4254 Ordinis
1076 4200 1213 4255 Fratrum
1224 4200 1386 4270 Minorum,

303 4284 450 4329 annuente
459 4287 595 4344 supremo
608 4269 738 4326 eiusdem
752 4269 871 4325 Ordinis
881 4270 1076 4340 Moderatore,
1090 4283 1124 4326 ut
1134 4272 1231 4329 omnis
1241 4289 1389 4329 removea-
