<?xml version="1.0" encoding="UTF-8"?>
<!DOCTYPE html PUBLIC "-//W3C//DTD XHTML 1.0 Transitional//EN"
    "http://www.w3.org/TR/xhtml1/DTD/xhtml1-transitional.dtd">
<html xmlns="http://www.w3.org/1999/xhtml" xml:lang="en" lang="en">
 <head>
  <title>
</title>
<meta http-equiv="Content-Type" content="text/html;charset=utf-8" />
  <meta name='ocr-system' content='tesseract 3.04.00' />
  <meta name='ocr-capabilities' content='ocr_page ocr_carea ocr_par ocr_line ocrx_word'/>
</head>
<body>
  <div class='ocr_page' id='page_1' title='image "./dereligiosisins01vermgoog_0284.png"; bbox 0 0 2959 4900; ppageno 0'>
   <div class='ocr_carea' id='block_1_1' title="bbox 311 302 968 372">
    <p class='ocr_par' dir='ltr' id='par_1_1' title="bbox 311 302 968 372">
     <span class='ocr_line' id='line_1_1' title="bbox 311 302 968 372; baseline -0.003 -8"><span class='ocrx_word' id='word_1_1' title='bbox 311 302 351 364; x_wconf 89' lang='grc'>90</span> <span class='ocrx_word' id='word_1_2' title='bbox 732 325 869 372; x_wconf 74' lang='lat' dir='ltr'>quartam</span> <span class='ocrx_word' id='word_1_3' title='bbox 884 327 968 362; x_wconf 73' lang='lat' dir='ltr'>varra</span> 
     </span>
    </p>
   </div>
   <div class='ocr_carea' id='block_1_2' title="bbox 305 454 1384 2161">
    <p class='ocr_par' dir='ltr' id='par_1_2' title="bbox 306 454 1384 1345">
     <span class='ocr_line' id='line_1_2' title="bbox 358 454 1382 560; baseline 0.007 -43"><span class='ocrx_word' id='word_1_4' title='bbox 358 454 476 541; x_wconf 86' lang='lat' dir='ltr'>»Quo</span> <span class='ocrx_word' id='word_1_5' title='bbox 493 457 617 524; x_wconf 89' lang='lat' dir='ltr'>melius</span> <span class='ocrx_word' id='word_1_6' title='bbox 639 457 719 546; x_wconf 91' lang='lat' dir='ltr'>quis</span> <span class='ocrx_word' id='word_1_7' title='bbox 741 458 916 560; x_wconf 83' lang='lat' dir='ltr'>intellegat</span> <span class='ocrx_word' id='word_1_8' title='bbox 942 473 1133 560; x_wconf 87' lang='lat' dir='ltr'>quantum</span> <span class='ocrx_word' id='word_1_9' title='bbox 1138 458 1174 525; x_wconf 92' lang='lat' dir='ltr'>id</span> <span class='ocrx_word' id='word_1_10' title='bbox 1197 455 1243 524; x_wconf 89' lang='lat' dir='ltr'>sit</span> <span class='ocrx_word' id='word_1_11' title='bbox 1265 457 1382 545; x_wconf 91' lang='lat' dir='ltr'>impos·</span> 
     </span>
     <span class='ocr_line' id='line_1_3' title="bbox 308 544 1384 631; baseline -0.002 -18"><span class='ocrx_word' id='word_1_12' title='bbox 308 544 420 631; x_wconf 87' lang='lat' dir='ltr'><strong>sibile,</strong></span> <span class='ocrx_word' id='word_1_13' title='bbox 446 544 540 613; x_wconf 88' lang='lat' dir='ltr'>iuvat</span> <span class='ocrx_word' id='word_1_14' title='bbox 562 559 682 614; x_wconf 87' lang='lat' dir='ltr'>notare</span> <span class='ocrx_word' id='word_1_15' title='bbox 710 545 1047 616; x_wconf 85' lang='lat' dir='ltr'>administrationem</span> <span class='ocrx_word' id='word_1_16' title='bbox 1071 547 1186 615; x_wconf 91' lang='lat' dir='ltr'>scrinii</span> <span class='ocrx_word' id='word_1_17' title='bbox 1213 567 1275 613; x_wconf 93' lang='lat' dir='ltr'>seu</span> <span class='ocrx_word' id='word_1_18' title='bbox 1299 565 1384 612; x_wconf 88' lang='lat' dir='ltr'>arcae</span> 
     </span>
     <span class='ocr_line' id='line_1_4' title="bbox 307 634 1381 738; baseline -0.001 -37"><span class='ocrx_word' id='word_1_19' title='bbox 307 634 522 720; x_wconf 90' lang='lat' dir='ltr'>titulorum(</span> <span class='ocrx_word' id='word_1_20' title='bbox 504 634 759 723; x_wconf 81' lang='lat' dir='ltr'>(porteseut&#39;lle),</span> <span class='ocrx_word' id='word_1_21' title='bbox 778 651 912 737; x_wconf 82' lang='lat' dir='ltr'>praeter</span> <span class='ocrx_word' id='word_1_22' title='bbox 928 636 1186 738; x_wconf 81' lang='lat' dir='ltr'>perceptionem</span> <span class='ocrx_word' id='word_1_23' title='bbox 1203 635 1381 712; x_wconf 89' lang='lat' dir='ltr'>redituum,</span> 
     </span>
     <span class='ocr_line' id='line_1_5' title="bbox 307 724 1384 825; baseline -0.002 -35"><span class='ocrx_word' id='word_1_24' title='bbox 307 724 492 791; x_wconf 84' lang='lat' dir='ltr'>consistere</span> <span class='ocrx_word' id='word_1_25' title='bbox 508 737 617 790; x_wconf 90' lang='lat' dir='ltr'>totam</span> <span class='ocrx_word' id='word_1_26' title='bbox 633 741 798 811; x_wconf 90' lang='lat' dir='ltr'>quantam</span> <span class='ocrx_word' id='word_1_27' title='bbox 824 726 860 792; x_wconf 90' lang='lat' dir='ltr'>in</span> <span class='ocrx_word' id='word_1_28' title='bbox 885 726 1046 814; x_wconf 89' lang='lat' dir='ltr'>prudenti</span> <span class='ocrx_word' id='word_1_29' title='bbox 1070 741 1173 814; x_wconf 89' lang='lat' dir='ltr'>atque</span> <span class='ocrx_word' id='word_1_30' title='bbox 1197 739 1384 825; x_wconf 87' lang='lat' dir='ltr'>opportuna</span> 
     </span>
     <span class='ocr_line' id='line_1_6' title="bbox 306 811 1383 883; baseline -0.003 -3"><span class='ocrx_word' id='word_1_31' title='bbox 306 812 580 880; x_wconf 90' lang='lat' dir='ltr'>commutatione</span> <span class='ocrx_word' id='word_1_32' title='bbox 595 813 786 880; x_wconf 92' lang='lat' dir='ltr'>eorundem</span> <span class='ocrx_word' id='word_1_33' title='bbox 804 814 998 882; x_wconf 91' lang='lat' dir='ltr'>titulorum</span> <span class='ocrx_word' id='word_1_34' title='bbox 1021 815 1142 883; x_wconf 88' lang='lat' dir='ltr'>Bonus</span> <span class='ocrx_word' id='word_1_35' title='bbox 1166 814 1262 880; x_wconf 90' lang='lat' dir='ltr'>enim</span> <span class='ocrx_word' id='word_1_36' title='bbox 1286 811 1383 879; x_wconf 90' lang='lat' dir='ltr'>admi-</span> 
     </span>
     <span class='ocr_line' id='line_1_7' title="bbox 307 901 1382 1002; baseline -0.002 -33"><span class='ocrx_word' id='word_1_37' title='bbox 307 902 480 986; x_wconf 86' lang='lat' dir='ltr'>nistrator,</span> <span class='ocrx_word' id='word_1_38' title='bbox 495 903 717 969; x_wconf 88' lang='lat' dir='ltr'>commutatis</span> <span class='ocrx_word' id='word_1_39' title='bbox 733 904 890 972; x_wconf 91' lang='lat' dir='ltr'>nummis</span> <span class='ocrx_word' id='word_1_40' title='bbox 907 924 990 971; x_wconf 92' lang='lat' dir='ltr'>cum</span> <span class='ocrx_word' id='word_1_41' title='bbox 1008 904 1115 972; x_wconf 89' lang='lat' dir='ltr'>titulis</span> <span class='ocrx_word' id='word_1_42' title='bbox 1127 902 1211 970; x_wconf 90' lang='lat' dir='ltr'>varii</span> <span class='ocrx_word' id='word_1_43' title='bbox 1225 901 1382 1002; x_wconf 86' lang='lat' dir='ltr'>nominis,</span> 
     </span>
     <span class='ocr_line' id='line_1_8' title="bbox 308 989 1383 1088; baseline -0.002 -31"><span class='ocrx_word' id='word_1_44' title='bbox 308 1011 364 1076; x_wconf 92' lang='lat' dir='ltr'>ne,</span> <span class='ocrx_word' id='word_1_45' title='bbox 397 1004 436 1057; x_wconf 92' lang='lat' dir='ltr'>ut</span> <span class='ocrx_word' id='word_1_46' title='bbox 465 989 575 1071; x_wconf 89' lang='lat' dir='ltr'>aiunt,</span> <span class='ocrx_word' id='word_1_47' title='bbox 608 990 727 1058; x_wconf 92' lang='lat' dir='ltr'>omnia</span> <span class='ocrx_word' id='word_1_48' title='bbox 765 1013 830 1059; x_wconf 92' lang='lat' dir='ltr'>ova</span> <span class='ocrx_word' id='word_1_49' title='bbox 862 993 898 1059; x_wconf 91' lang='lat' dir='ltr'>in</span> <span class='ocrx_word' id='word_1_50' title='bbox 932 994 1054 1060; x_wconf 91' lang='lat' dir='ltr'>eadem</span> <span class='ocrx_word' id='word_1_51' title='bbox 1089 1006 1196 1081; x_wconf 91' lang='lat' dir='ltr'>ponat</span> <span class='ocrx_word' id='word_1_52' title='bbox 1232 990 1383 1088; x_wconf 76' lang='lat' dir='ltr'>canistra,</span> 
     </span>
     <span class='ocr_line' id='line_1_9' title="bbox 308 1077 1382 1165; baseline -0.003 -18"><span class='ocrx_word' id='word_1_53' title='bbox 308 1093 503 1147; x_wconf 86' lang='lat' dir='ltr'>constanter</span> <span class='ocrx_word' id='word_1_54' title='bbox 530 1099 648 1146; x_wconf 86' lang='lat' dir='ltr'>curare</span> <span class='ocrx_word' id='word_1_55' title='bbox 676 1079 779 1148; x_wconf 91' lang='lat' dir='ltr'>debet</span> <span class='ocrx_word' id='word_1_56' title='bbox 806 1098 843 1149; x_wconf 92' lang='lat' dir='ltr'>ut</span> <span class='ocrx_word' id='word_1_57' title='bbox 874 1081 898 1149; x_wconf 93' lang='lat' dir='ltr'>ii</span> <span class='ocrx_word' id='word_1_58' title='bbox 927 1083 1016 1149; x_wconf 91' lang='lat' dir='ltr'>tituli</span> <span class='ocrx_word' id='word_1_59' title='bbox 1044 1094 1306 1149; x_wconf 90' lang='lat' dir='ltr'>commutentur</span> <span class='ocrx_word' id='word_1_60' title='bbox 1332 1077 1382 1165; x_wconf 89' lang='lat' dir='ltr'>qui</span> 
     </span>
     <span class='ocr_line' id='line_1_10' title="bbox 307 1166 1383 1269; baseline -0.004 -33"><span class='ocrx_word' id='word_1_61' title='bbox 307 1167 554 1269; x_wconf 82' lang='lat' dir='ltr'>periclitantur,</span> <span class='ocrx_word' id='word_1_62' title='bbox 571 1169 623 1234; x_wconf 92' lang='lat' dir='ltr'>vel</span> <span class='ocrx_word' id='word_1_63' title='bbox 640 1190 722 1236; x_wconf 90' lang='lat' dir='ltr'>cum</span> <span class='ocrx_word' id='word_1_64' title='bbox 733 1171 886 1239; x_wconf 92' lang='lat' dir='ltr'>multum</span> <span class='ocrx_word' id='word_1_65' title='bbox 903 1170 1074 1258; x_wconf 89' lang='lat' dir='ltr'>probabili</span> <span class='ocrx_word' id='word_1_66' title='bbox 1087 1171 1186 1241; x_wconf 88' lang='lat' dir='ltr'>lucro</span> <span class='ocrx_word' id='word_1_67' title='bbox 1198 1184 1232 1237; x_wconf 90' lang='lat' dir='ltr'>et</span> <span class='ocrx_word' id='word_1_68' title='bbox 1246 1166 1383 1235; x_wconf 89' lang='lat' dir='ltr'>utilitate</span> 
     </span>
     <span class='ocr_line' id='line_1_11' title="bbox 307 1257 688 1345; baseline -0.003 -21"><span class='ocrx_word' id='word_1_69' title='bbox 307 1257 513 1324; x_wconf 90' lang='lat' dir='ltr'>commutari</span> <span class='ocrx_word' id='word_1_70' title='bbox 531 1270 688 1345; x_wconf 89' lang='lat' dir='ltr'>possunt.</span> 
     </span>
    </p>

    <p class='ocr_par' dir='ltr' id='par_1_3' title="bbox 305 1343 1384 1769">
     <span class='ocr_line' id='line_1_12' title="bbox 355 1343 1382 1438; baseline 0.002 -31"><span class='ocrx_word' id='word_1_71' title='bbox 355 1344 519 1413; x_wconf 83' lang='lat' dir='ltr'>»Procul</span> <span class='ocrx_word' id='word_1_72' title='bbox 543 1346 713 1432; x_wconf 86' lang='lat' dir='ltr'>dubi0,&#39;&#39;</span> <span class='ocrx_word' id='word_1_73' title='bbox 691 1370 714 1414; x_wconf 82' lang='grc' dir='ltr'>ιι</span> <span class='ocrx_word' id='word_1_74' title='bbox 739 1347 816 1414; x_wconf 88' lang='lat' dir='ltr'>ab</span> <span class='ocrx_word' id='word_1_75' title='bbox 808 1348 910 1415; x_wconf 88' lang='lat' dir='ltr'>mitio</span> <span class='ocrx_word' id='word_1_76' title='bbox 933 1349 1083 1438; x_wconf 89' lang='lat' dir='ltr'>eligendi</span> <span class='ocrx_word' id='word_1_77' title='bbox 1108 1361 1189 1415; x_wconf 93' lang='lat' dir='ltr'>sunt</span> <span class='ocrx_word' id='word_1_78' title='bbox 1211 1346 1312 1425; x_wconf 86' lang='lat' dir='ltr'>tituli,</span> <span class='ocrx_word' id='word_1_79' title='bbox 1332 1343 1382 1432; x_wconf 88' lang='lat' dir='ltr'>qui</span> 
     </span>
     <span class='ocr_line' id='line_1_13' title="bbox 307 1434 1383 1533; baseline -0.004 -31"><span class='ocrx_word' id='word_1_80' title='bbox 307 1434 434 1502; x_wconf 91' lang='lat' dir='ltr'>minori</span> <span class='ocrx_word' id='word_1_81' title='bbox 451 1436 544 1502; x_wconf 90' lang='lat' dir='ltr'>aleae</span> <span class='ocrx_word' id='word_1_82' title='bbox 568 1448 601 1501; x_wconf 93' lang='lat' dir='ltr'>et</span> <span class='ocrx_word' id='word_1_83' title='bbox 624 1436 807 1503; x_wconf 86' lang='lat' dir='ltr'>variationi</span> <span class='ocrx_word' id='word_1_84' title='bbox 824 1455 1071 1526; x_wconf 85' lang='lat' dir='ltr'>exponuntur:</span> <span class='ocrx_word' id='word_1_85' title='bbox 1101 1437 1160 1504; x_wconf 89' lang='lat' dir='ltr'>sed</span> <span class='ocrx_word' id='word_1_86' title='bbox 1179 1435 1383 1533; x_wconf 84' lang='lat' dir='ltr'>quicumque</span> 
     </span>
     <span class='ocr_line' id='line_1_14' title="bbox 306 1524 1381 1628; baseline -0.003 -38"><span class='ocrx_word' id='word_1_87' title='bbox 306 1524 491 1611; x_wconf 85' lang='lat' dir='ltr'>eligantur,</span> <span class='ocrx_word' id='word_1_88' title='bbox 524 1538 563 1591; x_wconf 91' lang='lat' dir='ltr'>ut</span> <span class='ocrx_word' id='word_1_89' title='bbox 598 1542 859 1593; x_wconf 91' lang='lat' dir='ltr'>commutentur</span> <span class='ocrx_word' id='word_1_90' title='bbox 897 1527 1111 1628; x_wconf 89' lang='lat' dir='ltr'>quandoque</span> <span class='ocrx_word' id='word_1_91' title='bbox 1143 1544 1282 1591; x_wconf 90' lang='lat' dir='ltr'>necesse</span> <span class='ocrx_word' id='word_1_92' title='bbox 1315 1524 1381 1603; x_wconf 87' lang='lat' dir='ltr'>erit,</span> 
     </span>
     <span class='ocr_line' id='line_1_15' title="bbox 305 1611 1384 1704; baseline -0.004 -24"><span class='ocrx_word' id='word_1_93' title='bbox 305 1613 411 1701; x_wconf 88' lang='lat' dir='ltr'>idque</span> <span class='ocrx_word' id='word_1_94' title='bbox 424 1632 466 1679; x_wconf 91' lang='lat' dir='ltr'>eo</span> <span class='ocrx_word' id='word_1_95' title='bbox 482 1612 637 1679; x_wconf 91' lang='lat' dir='ltr'>crebrius</span> <span class='ocrx_word' id='word_1_96' title='bbox 654 1615 750 1701; x_wconf 93' lang='lat' dir='ltr'>quod</span> <span class='ocrx_word' id='word_1_97' title='bbox 767 1636 844 1683; x_wconf 87' lang='lat' dir='ltr'>arca</span> <span class='ocrx_word' id='word_1_98' title='bbox 861 1615 973 1704; x_wconf 88' lang='lat' dir='ltr'>magis</span> <span class='ocrx_word' id='word_1_99' title='bbox 989 1616 1104 1703; x_wconf 85' lang='lat' dir='ltr'>ampla</span> <span class='ocrx_word' id='word_1_100' title='bbox 1120 1630 1154 1681; x_wconf 87' lang='lat' dir='ltr'>et</span> <span class='ocrx_word' id='word_1_101' title='bbox 1169 1613 1272 1680; x_wconf 89' lang='lat' dir='ltr'>variis</span> <span class='ocrx_word' id='word_1_102' title='bbox 1287 1611 1384 1678; x_wconf 91' lang='lat' dir='ltr'>titulis</span> 
     </span>
     <span class='ocr_line' id='line_1_16' title="bbox 306 1701 505 1769; baseline -0.005 0"><span class='ocrx_word' id='word_1_103' title='bbox 306 1717 356 1769; x_wconf 93' lang='lat' dir='ltr'>est</span> <span class='ocrx_word' id='word_1_104' title='bbox 372 1701 505 1769; x_wconf 85' lang='lat' dir='ltr'>referta.</span> 
     </span>
    </p>

    <p class='ocr_par' dir='ltr' id='par_1_4' title="bbox 305 1789 1382 2147">
     <span class='ocr_line' id='line_1_17' title="bbox 353 1789 1382 1879; baseline -0.002 -21.914"><span class='ocrx_word' id='word_1_105' title='bbox 353 1789 430 1858; x_wconf 76' lang='lat' dir='ltr'>»si</span> <span class='ocrx_word' id='word_1_106' title='bbox 447 1811 531 1878; x_wconf 95' lang='lat' dir='ltr'>ergo</span> <span class='ocrx_word' id='word_1_107' title='bbox 552 1792 779 1859; x_wconf 84' lang='lat' dir='ltr'>commutatio</span> <span class='ocrx_word' id='word_1_108' title='bbox 800 1793 983 1860; x_wconf 92' lang='lat' dir='ltr'>titulorum</span> <span class='ocrx_word' id='word_1_109' title='bbox 1004 1792 1157 1861; x_wconf 89' lang='lat' dir='ltr'>subiacet</span> <span class='ocrx_word' id='word_1_110' title='bbox 1177 1789 1382 1879; x_wconf 89' lang='lat' dir='ltr'>beneplacito</span> 
     </span>
     <span class='ocr_line' id='line_1_18' title="bbox 306 1879 1380 1981; baseline -0.004 -34"><span class='ocrx_word' id='word_1_111' title='bbox 306 1879 509 1981; x_wconf 78' lang='lat' dir='ltr'>apostolico,</span> <span class='ocrx_word' id='word_1_112' title='bbox 536 1879 834 1948; x_wconf 85' lang='lat' dir='ltr'>administratores</span> <span class='ocrx_word' id='word_1_113' title='bbox 857 1884 1036 1949; x_wconf 92' lang='lat' dir='ltr'>bonorum</span> <span class='ocrx_word' id='word_1_114' title='bbox 1067 1880 1380 1949; x_wconf 88' lang='lat' dir='ltr'>ecclesiasticorum</span> 
     </span>
     <span class='ocr_line' id='line_1_19' title="bbox 306 1968 1381 2064; baseline -0.006 -28"><span class='ocrx_word' id='word_1_115' title='bbox 306 1970 376 2037; x_wconf 91' lang='lat' dir='ltr'>iam</span> <span class='ocrx_word' id='word_1_116' title='bbox 399 1990 471 2036; x_wconf 92' lang='lat' dir='ltr'>non</span> <span class='ocrx_word' id='word_1_117' title='bbox 497 1990 589 2050; x_wconf 90' lang='lat' dir='ltr'>raro,</span> <span class='ocrx_word' id='word_1_118' title='bbox 623 1984 661 2034; x_wconf 86' lang='lat' dir='ltr'>ut</span> <span class='ocrx_word' id='word_1_119' title='bbox 688 1968 867 2055; x_wconf 89' lang='lat' dir='ltr'>hactenus,</span> <span class='ocrx_word' id='word_1_120' title='bbox 902 1974 961 2038; x_wconf 91' lang='lat' dir='ltr'>sed</span> <span class='ocrx_word' id='word_1_121' title='bbox 990 1970 1191 2059; x_wconf 90' lang='lat' dir='ltr'>saepissime</span> <span class='ocrx_word' id='word_1_122' title='bbox 1218 1986 1381 2064; x_wconf 78' lang='lat' dir='ltr'>recurrere</span> 
     </span>
     <span class='ocr_line' id='line_1_20' title="bbox 305 2021 1380 2161; baseline -0.005 -36"><span class='ocrx_word' id='word_1_123' title='bbox 305 2057 482 2125; x_wconf 90' lang='lat' dir='ltr'>debebunt</span> <span class='ocrx_word' id='word_1_124' title='bbox 504 2057 547 2125; x_wconf 88' lang='lat' dir='ltr'>ad</span> <span class='ocrx_word' id='word_1_125' title='bbox 577 2021 614 2126; x_wconf 93' lang='lat' dir='ltr'>S.</span> <span class='ocrx_word' id='word_1_126' title='bbox 643 2055 817 2139; x_wconf 49' lang='lat' dir='ltr'>Sedems</span> <span class='ocrx_word' id='word_1_127' title='bbox 809 2081 920 2127; x_wconf 87' lang='lat' dir='ltr'>tmmo</span> <span class='ocrx_word' id='word_1_128' title='bbox 948 2059 1179 2139; x_wconf 89' lang='lat' dir='ltr'>habitualiter,</span> <span class='ocrx_word' id='word_1_129' title='bbox 1207 2079 1271 2161; x_wconf 91' lang='lat' dir='ltr'>pro</span> <span class='ocrx_word' id='word_1_130' title='bbox 1295 2055 1380 2124; x_wconf 91' lang='lat' dir='ltr'>omni</span> 
     </span>
    </p>
   </div>
   <div class='ocr_carea' id='block_1_3' title="bbox 303 2147 1447 2303">
    <p class='ocr_par' dir='ltr' id='par_1_5' title="bbox 303 2147 1447 2303">
     <span class='ocr_line' id='line_1_21' title="bbox 303 2147 1447 2303; baseline -0.003 -89"><span class='ocrx_word' id='word_1_131' title='bbox 303 2147 467 2303; x_wconf 70' lang='lat' dir='ltr'>gestione</span> <span class='ocrx_word' id='word_1_132' title='bbox 491 2148 662 2215; x_wconf 86' lang='lat' dir='ltr'>maximae</span> <span class='ocrx_word' id='word_1_133' title='bbox 693 2148 800 2235; x_wconf 90' lang='lat' dir='ltr'>partis</span> <span class='ocrx_word' id='word_1_134' title='bbox 832 2149 1009 2217; x_wconf 92' lang='lat' dir='ltr'>bonorum</span> <span class='ocrx_word' id='word_1_135' title='bbox 1041 2148 1378 2216; x_wconf 89' lang='lat' dir='ltr'>ecclesiasticorum:</span> <span class='ocrx_word' id='word_1_136' title='bbox 1446 2164 1447 2175; x_wconf 57' lang='lat'>¹</span> 
     </span>
    </p>
   </div>
   <div class='ocr_carea' id='block_1_4' title="bbox 302 2234 1446 2749">
    <p class='ocr_par' dir='ltr' id='par_1_6' title="bbox 302 2234 1381 2749">
     <span class='ocr_line' id='line_1_22' title="bbox 329 2234 1381 2326; baseline -0.006 -24"><span class='ocrx_word' id='word_1_137' title='bbox 329 2257 397 2303; x_wconf 90' lang='lat' dir='ltr'>ona</span> <span class='ocrx_word' id='word_1_138' title='bbox 413 2257 509 2303; x_wconf 87' lang='lat' dir='ltr'>entm</span> <span class='ocrx_word' id='word_1_139' title='bbox 533 2235 758 2303; x_wconf 88' lang='lat' dir='ltr'>ecclesiastica</span> <span class='ocrx_word' id='word_1_140' title='bbox 783 2239 894 2326; x_wconf 88' lang='lat' dir='ltr'>magis</span> <span class='ocrx_word' id='word_1_141' title='bbox 917 2238 953 2304; x_wconf 91' lang='lat' dir='ltr'>in</span> <span class='ocrx_word' id='word_1_142' title='bbox 978 2239 1051 2304; x_wconf 90' lang='lat' dir='ltr'>dies</span> <span class='ocrx_word' id='word_1_143' title='bbox 1067 2237 1217 2304; x_wconf 88' lang='lat' dir='ltr'>formam</span> <span class='ocrx_word' id='word_1_144' title='bbox 1241 2234 1381 2302; x_wconf 90' lang='lat' dir='ltr'>induunt</span> 
     </span>
     <span class='ocr_line' id='line_1_23' title="bbox 302 2327 775 2411; baseline 0 -19"><span class='ocrx_word' id='word_1_145' title='bbox 302 2327 484 2393; x_wconf 89' lang='lat' dir='ltr'>titulorum</span> <span class='ocrx_word' id='word_1_146' title='bbox 501 2345 775 2411; x_wconf 89' lang='lat' dir='ltr'>anonymorum</span> 
     </span>
     <span class='ocr_line' id='line_1_24' title="bbox 350 2409 1446 2504; baseline -0.001 -27"><span class='ocrx_word' id='word_1_147' title='bbox 350 2439 364 2476; x_wconf 76' lang='lat' dir='ltr'>a</span> <span class='ocrx_word' id='word_1_148' title='bbox 396 2413 503 2500; x_wconf 91' lang='lat' dir='ltr'>Quod</span> <span class='ocrx_word' id='word_1_149' title='bbox 532 2428 649 2481; x_wconf 92' lang='lat' dir='ltr'>autem</span> <span class='ocrx_word' id='word_1_150' title='bbox 677 2415 838 2483; x_wconf 89' lang='lat' dir='ltr'>centralis</span> <span class='ocrx_word' id='word_1_151' title='bbox 869 2428 1021 2504; x_wconf 87' lang='lat' dir='ltr'>potestas</span> <span class='ocrx_word' id='word_1_152' title='bbox 1053 2415 1102 2484; x_wconf 87' lang='lat' dir='ltr'>sic</span> <span class='ocrx_word' id='word_1_153' title='bbox 1129 2409 1446 2503; x_wconf 87' lang='lat' dir='ltr'>quodammodo</span> 
     </span>
     <span class='ocr_line' id='line_1_25' title="bbox 302 2503 1377 2594; baseline -0.007 -23"><span class='ocrx_word' id='word_1_154' title='bbox 302 2523 421 2594; x_wconf 85' lang='lat' dir='ltr'>gerere</span> <span class='ocrx_word' id='word_1_155' title='bbox 437 2519 581 2570; x_wconf 89' lang='lat' dir='ltr'>conetur</span> <span class='ocrx_word' id='word_1_156' title='bbox 598 2504 690 2570; x_wconf 92' lang='lat' dir='ltr'>bona</span> <span class='ocrx_word' id='word_1_157' title='bbox 707 2517 782 2571; x_wconf 89' lang='lat' dir='ltr'>toto</span> <span class='ocrx_word' id='word_1_158' title='bbox 798 2506 883 2572; x_wconf 88' lang='lat' dir='ltr'>orbe</span> <span class='ocrx_word' id='word_1_159' title='bbox 898 2523 1068 2572; x_wconf 88' lang='lat' dir='ltr'>terrarum</span> <span class='ocrx_word' id='word_1_160' title='bbox 1085 2503 1223 2587; x_wconf 86' lang='lat' dir='ltr'>diffusa,</span> <span class='ocrx_word' id='word_1_161' title='bbox 1249 2503 1284 2570; x_wconf 92' lang='lat' dir='ltr'>id</span> <span class='ocrx_word' id='word_1_162' title='bbox 1307 2519 1377 2568; x_wconf 90' lang='lat' dir='ltr'>sane</span> 
     </span>
     <span class='ocr_line' id='line_1_26' title="bbox 303 2591 1377 2747; baseline -0.006 -87"><span class='ocrx_word' id='word_1_163' title='bbox 303 2613 427 2680; x_wconf 90' lang='lat' dir='ltr'>parum</span> <span class='ocrx_word' id='word_1_164' title='bbox 440 2606 572 2747; x_wconf 70' lang='lat' dir='ltr'>ratioqti</span> <span class='ocrx_word' id='word_1_165' title='bbox 578 2608 854 2661; x_wconf 88' lang='lat' dir='ltr'>consentaneum</span> <span class='ocrx_word' id='word_1_166' title='bbox 867 2615 942 2662; x_wconf 90' lang='lat' dir='ltr'>esse</span> <span class='ocrx_word' id='word_1_167' title='bbox 954 2606 986 2661; x_wconf 89' lang='lat' dir='ltr'>et</span> <span class='ocrx_word' id='word_1_168' title='bbox 998 2591 1235 2662; x_wconf 89' lang='lat' dir='ltr'>incommodis</span> <span class='ocrx_word' id='word_1_169' title='bbox 1247 2593 1377 2680; x_wconf 89' lang='lat' dir='ltr'>plenum</span> 
     </span>
     <span class='ocr_line' id='line_1_27' title="bbox 303 2694 619 2749; baseline -0.01 0"><span class='ocrx_word' id='word_1_170' title='bbox 303 2703 409 2749; x_wconf 91' lang='lat' dir='ltr'>nemo</span> <span class='ocrx_word' id='word_1_171' title='bbox 426 2703 498 2748; x_wconf 94' lang='lat' dir='ltr'>non</span> <span class='ocrx_word' id='word_1_172' title='bbox 515 2703 548 2747; x_wconf 89' lang='lat' dir='ltr'>vt</span> <span class='ocrx_word' id='word_1_173' title='bbox 575 2694 619 2747; x_wconf 92' lang='lat' dir='ltr'>et.</span> 
     </span>
    </p>
   </div>
   <div class='ocr_carea' id='block_1_5' title="bbox 351 2769 1377 2861">
    <p class='ocr_par' dir='ltr' id='par_1_7' title="bbox 351 2769 1377 2861">
     <span class='ocr_line' id='line_1_28' title="bbox 351 2769 1377 2861; baseline -0.003 -28"><span class='ocrx_word' id='word_1_174' title='bbox 351 2771 505 2838; x_wconf 76' lang='lat' dir='ltr'>»Prima</span> <span class='ocrx_word' id='word_1_175' title='bbox 528 2769 714 2838; x_wconf 87' lang='lat' dir='ltr'>difficultas</span> <span class='ocrx_word' id='word_1_176' title='bbox 739 2771 820 2838; x_wconf 89' lang='lat' dir='ltr'>inde</span> <span class='ocrx_word' id='word_1_177' title='bbox 844 2789 1054 2861; x_wconf 85' lang='lat' dir='ltr'>exsurgeret,</span> <span class='ocrx_word' id='word_1_178' title='bbox 1078 2770 1206 2860; x_wconf 85' lang='lat' dir='ltr'>quod&#39;</span> <span class='ocrx_word' id='word_1_179' title='bbox 1198 2785 1377 2836; x_wconf 82' lang='lat' dir='ltr'>immensus</span> 
     </span>
    </p>
   </div>
   <div class='ocr_carea' id='block_1_6' title="bbox 302 2859 1375 2961">
    <p class='ocr_par' dir='ltr' id='par_1_8' title="bbox 302 2859 1375 2961">
     <span class='ocr_line' id='line_1_29' title="bbox 302 2859 1375 2961; baseline -0.008 -33"><span class='ocrx_word' id='word_1_180' title='bbox 302 2878 390 2928; x_wconf 90' lang='lat' dir='ltr'>esset</span> <span class='ocrx_word' id='word_1_181' title='bbox 413 2880 582 2926; x_wconf 87' lang='lat' dir='ltr'>numerus</span> <span class='ocrx_word' id='word_1_182' title='bbox 606 2880 729 2927; x_wconf 90' lang='lat' dir='ltr'>eorum</span> <span class='ocrx_word' id='word_1_183' title='bbox 755 2860 828 2961; x_wconf 90' lang='lat' dir='ltr'>qui,</span> <span class='ocrx_word' id='word_1_184' title='bbox 862 2862 981 2928; x_wconf 92' lang='lat' dir='ltr'>titulos</span> <span class='ocrx_word' id='word_1_185' title='bbox 1004 2859 1243 2928; x_wconf 89' lang='lat' dir='ltr'>commutandi</span> <span class='ocrx_word' id='word_1_186' title='bbox 1275 2875 1375 2933; x_wconf 84' lang='lat' dir='ltr'>causa,</span> 
     </span>
    </p>
   </div>
   <div class='ocr_carea' id='block_1_7' title="bbox 301 2947 1444 3049">
    <p class='ocr_par' dir='ltr' id='par_1_9' title="bbox 301 2947 1444 3049">
     <span class='ocr_line' id='line_1_30' title="bbox 301 2947 1444 3049; baseline -0.009 -32"><span class='ocrx_word' id='word_1_187' title='bbox 301 2948 550 3049; x_wconf 87' lang='lat' dir='ltr'>postulationes</span> <span class='ocrx_word' id='word_1_188' title='bbox 581 2965 695 3016; x_wconf 88' lang='lat' dir='ltr'>essent</span> <span class='ocrx_word' id='word_1_189' title='bbox 722 2950 889 3017; x_wconf 90' lang='lat' dir='ltr'>missuri.</span> <span class='ocrx_word' id='word_1_190' title='bbox 913 2949 1031 3018; x_wconf 93' lang='lat' dir='ltr'>Hodie</span> <span class='ocrx_word' id='word_1_191' title='bbox 1064 2950 1171 3034; x_wconf 91' lang='lat' dir='ltr'>enim,</span> <span class='ocrx_word' id='word_1_192' title='bbox 1205 2947 1376 3014; x_wconf 89' lang='lat' dir='ltr'>innumera</span> <span class='ocrx_word' id='word_1_193' title='bbox 1443 2997 1444 3000; x_wconf 63' lang='lat'>,</span> 
     </span>
    </p>
   </div>
   <div class='ocr_carea' id='block_1_8' title="bbox 297 3037 1378 4370">
    <p class='ocr_par' dir='ltr' id='par_1_10' title="bbox 299 3037 1376 3483">
     <span class='ocr_line' id='line_1_31' title="bbox 301 3037 1376 3126; baseline -0.009 -21"><span class='ocrx_word' id='word_1_194' title='bbox 301 3053 381 3105; x_wconf 91' lang='lat' dir='ltr'>sunt</span> <span class='ocrx_word' id='word_1_195' title='bbox 398 3037 624 3105; x_wconf 90' lang='lat' dir='ltr'>ecclesiastica</span> <span class='ocrx_word' id='word_1_196' title='bbox 650 3037 862 3126; x_wconf 89' lang='lat' dir='ltr'>patrimonia</span> <span class='ocrx_word' id='word_1_197' title='bbox 879 3059 968 3126; x_wconf 90' lang='lat' dir='ltr'>quae</span> <span class='ocrx_word' id='word_1_198' title='bbox 993 3059 1033 3105; x_wconf 86' lang='lat' dir='ltr'>ex</span> <span class='ocrx_word' id='word_1_199' title='bbox 1056 3055 1130 3106; x_wconf 91' lang='lat' dir='ltr'>toto</span> <span class='ocrx_word' id='word_1_200' title='bbox 1154 3039 1208 3104; x_wconf 88' lang='lat' dir='ltr'>vel</span> <span class='ocrx_word' id='word_1_201' title='bbox 1232 3057 1271 3104; x_wconf 90' lang='lat' dir='ltr'>ex</span> <span class='ocrx_word' id='word_1_202' title='bbox 1295 3049 1376 3122; x_wconf 89' lang='lat' dir='ltr'>parte</span> 
     </span>
     <span class='ocr_line' id='line_1_32' title="bbox 300 3125 1376 3226; baseline -0.008 -32"><span class='ocrx_word' id='word_1_203' title='bbox 300 3127 495 3194; x_wconf 89' lang='lat' dir='ltr'>conflantur</span> <span class='ocrx_word' id='word_1_204' title='bbox 525 3127 634 3192; x_wconf 89' lang='lat' dir='ltr'>titulis</span> <span class='ocrx_word' id='word_1_205' title='bbox 665 3128 862 3226; x_wconf 85' lang='lat' dir='ltr'>anonymis.</span> <span class='ocrx_word' id='word_1_206' title='bbox 898 3126 935 3195; x_wconf 91' lang='lat' dir='ltr'>Si</span> <span class='ocrx_word' id='word_1_207' title='bbox 964 3128 1006 3195; x_wconf 90' lang='lat' dir='ltr'>ad</span> <span class='ocrx_word' id='word_1_208' title='bbox 1038 3126 1232 3216; x_wconf 91' lang='lat' dir='ltr'>quamlibet</span> <span class='ocrx_word' id='word_1_209' title='bbox 1263 3125 1376 3191; x_wconf 93' lang='lat' dir='ltr'>horum</span> 
     </span>
     <span class='ocr_line' id='line_1_33' title="bbox 300 3213 1375 3304; baseline -0.008 -21"><span class='ocrx_word' id='word_1_210' title='bbox 300 3217 461 3284; x_wconf 92' lang='lat' dir='ltr'>omnium</span> <span class='ocrx_word' id='word_1_211' title='bbox 477 3217 793 3284; x_wconf 87' lang='lat' dir='ltr'>commutationem</span> <span class='ocrx_word' id='word_1_212' title='bbox 812 3215 1008 3284; x_wconf 86' lang='lat' dir='ltr'>faciendam</span> <span class='ocrx_word' id='word_1_213' title='bbox 1032 3217 1264 3304; x_wconf 90' lang='lat' dir='ltr'>apostolicum</span> <span class='ocrx_word' id='word_1_214' title='bbox 1285 3213 1375 3280; x_wconf 89' lang='lat' dir='ltr'>bene·</span> 
     </span>
     <span class='ocr_line' id='line_1_34' title="bbox 299 3296 1376 3398; baseline -0.008 -27"><span class='ocrx_word' id='word_1_215' title='bbox 299 3304 466 3394; x_wconf 89' lang='lat' dir='ltr'>placitum</span> <span class='ocrx_word' id='word_1_216' title='bbox 482 3318 532 3371; x_wconf 90' lang='lat' dir='ltr'>est</span> <span class='ocrx_word' id='word_1_217' title='bbox 548 3305 816 3391; x_wconf 83' lang='lat' dir='ltr'>exquirendum,</span> <span class='ocrx_word' id='word_1_218' title='bbox 834 3321 951 3372; x_wconf 89' lang='lat' dir='ltr'>tantus</span> <span class='ocrx_word' id='word_1_219' title='bbox 964 3306 1028 3372; x_wconf 89' lang='lat' dir='ltr'>erit</span> <span class='ocrx_word' id='word_1_220' title='bbox 1015 3304 1243 3373; x_wconf 91' lang='lat' dir='ltr'>tlibellorum</span> <span class='ocrx_word' id='word_1_221' title='bbox 1259 3296 1376 3398; x_wconf 92' lang='lat' dir='ltr'>suppli·</span> 
     </span>
     <span class='ocr_line' id='line_1_35' title="bbox 300 3387 1374 3488; baseline -0.008 -27"><span class='ocrx_word' id='word_1_222' title='bbox 300 3415 381 3462; x_wconf 92' lang='lat' dir='ltr'>cum</span> <span class='ocrx_word' id='word_1_223' title='bbox 392 3413 544 3472; x_wconf 69' lang='lat' dir='ltr'>acervus</span> <span class='ocrx_word' id='word_1_224' title='bbox 561 3407 599 3458; x_wconf 93' lang='lat' dir='ltr'>ut</span> <span class='ocrx_word' id='word_1_225' title='bbox 612 3414 656 3460; x_wconf 92' lang='lat' dir='ltr'>ne</span> <span class='ocrx_word' id='word_1_226' title='bbox 670 3395 845 3482; x_wconf 89' lang='lat' dir='ltr'>perlegere</span> <span class='ocrx_word' id='word_1_227' title='bbox 858 3394 1001 3483; x_wconf 90' lang='lat' dir='ltr'>quidem</span> <span class='ocrx_word' id='word_1_228' title='bbox 1014 3415 1075 3460; x_wconf 90' lang='lat' dir='ltr'>eos</span> <span class='ocrx_word' id='word_1_229' title='bbox 1089 3392 1126 3460; x_wconf 92' lang='lat' dir='ltr'>S.</span> <span class='ocrx_word' id='word_1_230' title='bbox 1144 3391 1252 3460; x_wconf 91' lang='lat' dir='ltr'>Sedes</span> <span class='ocrx_word' id='word_1_231' title='bbox 1265 3387 1374 3488; x_wconf 90' lang='lat' dir='ltr'>possit</span> 
     </span>
    </p>

    <p class='ocr_par' dir='ltr' id='par_1_11' title="bbox 297 3476 1378 4370">
     <span class='ocr_line' id='line_1_36' title="bbox 349 3476 1375 3576; baseline -0.003 -32"><span class='ocrx_word' id='word_1_232' title='bbox 349 3508 362 3544; x_wconf 75' lang='lat' dir='ltr'>i</span> <span class='ocrx_word' id='word_1_233' title='bbox 385 3483 579 3567; x_wconf 87' lang='lat' dir='ltr'>Praeterea,</span> <span class='ocrx_word' id='word_1_234' title='bbox 606 3481 671 3549; x_wconf 89' lang='lat' dir='ltr'>nisi</span> <span class='ocrx_word' id='word_1_235' title='bbox 697 3484 857 3550; x_wconf 91' lang='lat' dir='ltr'>inutilem</span> <span class='ocrx_word' id='word_1_236' title='bbox 873 3483 995 3551; x_wconf 87' lang='lat' dir='ltr'>afferre</span> <span class='ocrx_word' id='word_1_237' title='bbox 1011 3482 1209 3550; x_wconf 90' lang='lat' dir='ltr'>molestiam</span> <span class='ocrx_word' id='word_1_238' title='bbox 1225 3476 1375 3576; x_wconf 80' lang='lat' dir='ltr'>volueris</span> 
     </span>
     <span class='ocr_line' id='line_1_37' title="bbox 301 3565 1376 3672; baseline -0.008 -32"><span class='ocrx_word' id='word_1_239' title='bbox 301 3587 474 3672; x_wconf 88' lang='lat' dir='ltr'>oporteret</span> <span class='ocrx_word' id='word_1_240' title='bbox 501 3585 539 3636; x_wconf 91' lang='lat' dir='ltr'>ut</span> <span class='ocrx_word' id='word_1_241' title='bbox 566 3571 759 3671; x_wconf 83' lang='lat' dir='ltr'>peritorum</span> <span class='ocrx_word' id='word_1_242' title='bbox 786 3571 917 3639; x_wconf 90' lang='lat' dir='ltr'>iudicio</span> <span class='ocrx_word' id='word_1_243' title='bbox 943 3572 1217 3639; x_wconf 90' lang='lat' dir='ltr'>committeretur</span> <span class='ocrx_word' id='word_1_244' title='bbox 1245 3565 1376 3670; x_wconf 89' lang='lat' dir='ltr'>quaevis</span> 
     </span>
     <span class='ocr_line' id='line_1_38' title="bbox 301 3658 1377 3762; baseline -0.008 -33"><span class='ocrx_word' id='word_1_245' title='bbox 301 3660 499 3762; x_wconf 85' lang='lat' dir='ltr'>postulatio.</span> <span class='ocrx_word' id='word_1_246' title='bbox 535 3658 651 3727; x_wconf 86' lang='lat' dir='ltr'>Sed</span> <span class='ocrx_word' id='word_1_247' title='bbox 643 3661 819 3728; x_wconf 88' lang='lat' dir='ltr'>mnumeri</span> <span class='ocrx_word' id='word_1_248' title='bbox 856 3677 938 3728; x_wconf 89' lang='lat' dir='ltr'>sunt</span> <span class='ocrx_word' id='word_1_249' title='bbox 967 3661 1057 3727; x_wconf 88' lang='lat' dir='ltr'>tituli</span> <span class='ocrx_word' id='word_1_250' title='bbox 1094 3681 1262 3748; x_wconf 80' lang='lat' dir='ltr'>anonymi</span> <span class='ocrx_word' id='word_1_251' title='bbox 1300 3673 1377 3755; x_wconf 82' lang='lat' dir='ltr'>quos</span> 
     </span>
     <span class='ocr_line' id='line_1_39' title="bbox 300 3743 1377 3841; baseline -0.008 -25"><span class='ocrx_word' id='word_1_252' title='bbox 300 3750 476 3838; x_wconf 89' lang='lat' dir='ltr'>acquirere</span> <span class='ocrx_word' id='word_1_253' title='bbox 500 3763 647 3836; x_wconf 91' lang='lat' dir='ltr'>possunt</span> <span class='ocrx_word' id='word_1_254' title='bbox 670 3769 837 3836; x_wconf 87' lang='lat' dir='ltr'>personae</span> <span class='ocrx_word' id='word_1_255' title='bbox 862 3749 1120 3817; x_wconf 89' lang='lat' dir='ltr'>ecclesiasticae</span> <span class='ocrx_word' id='word_1_256' title='bbox 1147 3749 1190 3816; x_wconf 89' lang='lat' dir='ltr'>In</span> <span class='ocrx_word' id='word_1_257' title='bbox 1212 3743 1377 3841; x_wconf 88' lang='lat' dir='ltr'>periodico</span> 
     </span>
     <span class='ocr_line' id='line_1_40' title="bbox 302 3830 1378 3930; baseline -0.006 -24"><span class='ocrx_word' id='word_1_258' title='bbox 302 3840 356 3906; x_wconf 79' lang='lat' dir='ltr'>La</span> <span class='ocrx_word' id='word_1_259' title='bbox 374 3840 582 3906; x_wconf 78' lang='lat' dir='ltr'>Moutrauu</span> <span class='ocrx_word' id='word_1_260' title='bbox 598 3855 666 3905; x_wconf 80' lang='lat' dir='ltr'>uss</span> <span class='ocrx_word' id='word_1_261' title='bbox 683 3841 868 3906; x_wconf 70' lang='lat' dir='ltr'>turnasrs</span> <span class='ocrx_word' id='word_1_262' title='bbox 885 3841 1107 3923; x_wconf 69' lang='lat' dir='ltr'>miramars,</span> <span class='ocrx_word' id='word_1_263' title='bbox 1136 3837 1197 3926; x_wconf 93' lang='lat' dir='ltr'>qui</span> <span class='ocrx_word' id='word_1_264' title='bbox 1219 3858 1292 3905; x_wconf 93' lang='lat' dir='ltr'>non</span> <span class='ocrx_word' id='word_1_265' title='bbox 1318 3830 1378 3930; x_wconf 84' lang='lat' dir='ltr'>agit</span> 
     </span>
     <span class='ocr_line' id='line_1_41' title="bbox 298 3919 1376 4022; baseline -0.008 -28"><span class='ocrx_word' id='word_1_266' title='bbox 298 3929 363 3995; x_wconf 89' lang='lat' dir='ltr'>nisi</span> <span class='ocrx_word' id='word_1_267' title='bbox 392 3928 435 3995; x_wconf 95' lang='lat' dir='ltr'>de</span> <span class='ocrx_word' id='word_1_268' title='bbox 460 3927 653 4016; x_wconf 91' lang='lat' dir='ltr'>praecipuis</span> <span class='ocrx_word' id='word_1_269' title='bbox 679 3926 842 4016; x_wconf 92' lang='lat' dir='ltr'>Europae</span> <span class='ocrx_word' id='word_1_270' title='bbox 866 3928 988 4016; x_wconf 92' lang='lat' dir='ltr'>titulis,</span> <span class='ocrx_word' id='word_1_271' title='bbox 1016 3941 1245 3994; x_wconf 91' lang='lat' dir='ltr'>numerantur</span> <span class='ocrx_word' id='word_1_272' title='bbox 1267 3919 1376 4022; x_wconf 88' lang='lat' dir='ltr'>quavis</span> 
     </span>
     <span class='ocr_line' id='line_1_42' title="bbox 298 3981 1373 4104; baseline -0.009 -21"><span class='ocrx_word' id='word_1_273' title='bbox 298 4017 532 4091; x_wconf 87' lang='lat' dir='ltr'>hebdomoda,</span> <span class='ocrx_word' id='word_1_274' title='bbox 565 4015 673 4104; x_wconf 82' lang='lat' dir='ltr'>plura</span> <span class='ocrx_word' id='word_1_275' title='bbox 705 4016 810 4083; x_wconf 83' lang='lat' dir='ltr'>millia</span> <span class='ocrx_word' id='word_1_276' title='bbox 842 3981 1026 4084; x_wconf 80' lang='lat' dir='ltr'>titulortim</span> <span class='ocrx_word' id='word_1_277' title='bbox 1058 4016 1213 4083; x_wconf 86' lang='lat' dir='ltr'>diversae</span> <span class='ocrx_word' id='word_1_278' title='bbox 1249 4010 1373 4102; x_wconf 79' lang='lat' dir='ltr'>speciei.</span> 
     </span>
     <span class='ocr_line' id='line_1_43' title="bbox 298 4104 1375 4206; baseline -0.008 -33"><span class='ocrx_word' id='word_1_279' title='bbox 298 4107 522 4194; x_wconf 89' lang='lat' dir='ltr'>Argentarius</span> <span class='ocrx_word' id='word_1_280' title='bbox 548 4126 656 4194; x_wconf 89' lang='lat' dir='ltr'>quam</span> <span class='ocrx_word' id='word_1_281' title='bbox 679 4105 830 4172; x_wconf 90' lang='lat' dir='ltr'>maxime</span> <span class='ocrx_word' id='word_1_282' title='bbox 854 4107 998 4206; x_wconf 88' lang='lat' dir='ltr'>peritus,</span> <span class='ocrx_word' id='word_1_283' title='bbox 1021 4104 1109 4172; x_wconf 90' lang='lat' dir='ltr'>circa</span> <span class='ocrx_word' id='word_1_284' title='bbox 1126 4105 1295 4171; x_wconf 89' lang='lat' dir='ltr'>maiorem</span> <span class='ocrx_word' id='word_1_285' title='bbox 1310 4117 1375 4198; x_wconf 80' lang='lat' dir='ltr'>par·</span> 
     </span>
     <span class='ocr_line' id='line_1_44' title="bbox 297 4186 1373 4283; baseline -0.009 -22"><span class='ocrx_word' id='word_1_286' title='bbox 297 4212 369 4261; x_wconf 91' lang='lat' dir='ltr'>tem</span> <span class='ocrx_word' id='word_1_287' title='bbox 381 4215 505 4262; x_wconf 91' lang='lat' dir='ltr'>eorum</span> <span class='ocrx_word' id='word_1_288' title='bbox 520 4193 702 4261; x_wconf 91' lang='lat' dir='ltr'>titulorum</span> <span class='ocrx_word' id='word_1_289' title='bbox 718 4197 927 4262; x_wconf 90' lang='lat' dir='ltr'>sententiam</span> <span class='ocrx_word' id='word_1_290' title='bbox 944 4195 1239 4283; x_wconf 90' lang='lat' dir='ltr'>qualemcumque</span> <span class='ocrx_word' id='word_1_291' title='bbox 1255 4186 1373 4279; x_wconf 89' lang='lat' dir='ltr'>aperire</span> 
     </span>
     <span class='ocr_line' id='line_1_45' title="bbox 299 4298 514 4370; baseline 0.01 -21"><span class='ocrx_word' id='word_1_292' title='bbox 299 4304 371 4349; x_wconf 92' lang='lat' dir='ltr'>non</span> <span class='ocrx_word' id='word_1_293' title='bbox 389 4298 514 4370; x_wconf 89' lang='lat' dir='ltr'>posset.</span> 
     </span>
    </p>
   </div>
   <div class='ocr_carea' id='block_1_9' title="bbox 0 0 1484 4900">
    <p class='ocr_par' dir='ltr' id='par_1_12' title="bbox 0 0 1484 4900">
     <span class='ocr_line' id='line_1_46' title="bbox 0 0 1484 4900; baseline 0 3"><span class='ocrx_word' id='word_1_294' title='bbox 0 0 1484 4900; x_wconf 95' lang='lat' dir='ltr'> </span> 
     </span>
    </p>
   </div>
  </div>
 </body>
</html>
