2959 4900
315 316 356 379 96
741 339 877 385 QUAEstTA
892 340 976 376 vatus

315 472 408 540 dam.
428 471 539 539 Casus
566 470 621 538 his
644 472 759 541 verbis
786 487 837 540 est
860 474 1084 562 propositus:
1116 499 1129 535 a
1149 471 1244 540 Cum
1261 470 1388 556 quidam

314 560 484 644 novicius,
517 577 596 647 post
622 560 751 628 dictam
768 563 978 652 encyclicam
994 560 1191 649 (Neminem
1215 560 1324 643 latet),
1340 558 1388 624 sed

315 665 392 716 ante
424 663 633 717 memoratas
663 651 792 717 litteras
824 652 1030 740 apostolicas
1061 650 1139 737 (Ad
1169 646 1385 731 universalis),

314 754 392 806 vota
409 737 592 805 sollemnia
609 741 874 827 nuncupaverit,
893 762 965 807 non
982 741 1170 829 praemissa
1189 737 1388 825 professione

313 841 477 895 votorum
504 827 729 914 simplicium,
748 829 973 921 quaestio,de
991 828 1161 895 validitate
1177 824 1388 915 professionis

313 932 475 983 votorum
501 917 728 984 sollemnium
755 933 871 985 exorta
900 932 963 999 est,
988 918 1149 1006 quamvis
1172 933 1288 982 actum
1306 914 1386 981 illici-

312 1021 387 1071 tum
416 1005 521 1073 fuisse
538 1026 644 1072 nemo
668 1005 854 1074 dubitaret.
877 1008 1033 1093 Ideoque
1061 1005 1098 1073 in
1123 1004 1388 1093 Congregatione

313 1093 379 1160 diei
400 1095 437 1161 16
450 1094 587 1183 augusti
610 1094 705 1179 1866,
726 1096 946 1183 propositum
965 1094 1029 1162 fuit
1044 1094 1211 1161 dubium:
1236 1120 1249 1156 r
1271 1092 1388 1161 Utrum

312 1184 425 1250 dictus
439 1183 638 1271 Religiosus
654 1184 908 1275 professionem
925 1185 1132 1252 sollemnem
1150 1182 1300 1249 validam
1318 1180 1386 1249 enri-

312 1271 418 1338 serit?
435 1271 502 1339 Cui
522 1271 585 1339 Emi
612 1272 731 1339 Patres
748 1274 1018 1361 rescripserunt:
1037 1272 1267 1360 Affirmative.
1292 1297 1305 1332 n

359 1360 465 1427 Unde
492 1360 540 1428 sic
568 1361 827 1430 ratiocinamur.
852 1364 893 1430 ln
916 1384 997 1429 casu
1022 1362 1216 1449 proposito,
1242 1360 1313 1427 fine
1335 1379 1386 1426 suo

311 1464 362 1516 est
388 1449 543 1517 fraudata
569 1451 623 1517 lex
649 1472 739 1538 quae
764 1451 980 1520 severissime
996 1451 1147 1536 volebat,
1176 1447 1387 1535 professionis

312 1537 479 1625 simplicis
494 1538 723 1610 institutione.
743 1541 930 1607 immature
946 1541 1050 1606 factas
1078 1536 1309 1628 professiones
1332 1538 1385 1603 sol·

311 1627 443 1694 lemnes
481 1626 662 1716 impedire.
703 1629 879 1697 Professio
912 1647 1028 1696 autem
1059 1631 1150 1695 ultra
1186 1628 1251 1695 25¹¹¹
1282 1626 1386 1695 aetatis

310 1736 444 1783 annum
461 1716 598 1783 differre
626 1718 820 1805 prohibuit,
850 1740 894 1785 ne
911 1717 1012 1787 Ordo
1039 1717 1146 1784 nimis
1163 1717 1222 1783 diu
1252 1728 1386 1783 servaret

310 1805 495 1872 arbitrium
521 1806 717 1873 dimittendi
746 1810 921 1881 alumnos,
953 1810 1028 1897 qui,
1053 1827 1133 1894 quo
1154 1805 1265 1894 magis
1291 1819 1386 1873 aetate

309 1911 390 1961 sunt
406 1896 569 1980 provecti,
585 1915 626 1963 eo
639 1897 778 1984 gravius
791 1916 830 1962 ex
843 1896 1047 1963 dimissione
1061 1894 1260 1961 timendum
1272 1894 1385 1961 habent

308 1983 489 2049 damnum.
505 1984 729 2060 Admissione
741 2000 858 2052 autem
871 1986 913 2051 ad
927 1986 1134 2061 sollemnem
1147 1983 1385 2073 professionem

308 2072 435 2138 desinit
452 2074 646 2159 periculum
673 2074 902 2159 dimissionis
934 2090 967 2141 et
982 2072 1045 2139 fini
1070 2072 1156 2161 legis
1184 2086 1234 2139 est
1251 2071 1383 2139 satisfac·

307 2174 395 2226 turn.
418 2162 552 2251 ltaque,
571 2162 599 2229 si
627 2177 723 2230 actus
747 2185 819 2253 quo
843 2162 925 2230 finis
951 2163 1135 2229 frustratur
1158 2160 1322 2228 dicendus
1342 2174 1384 2225 est

308 2251 434 2330 valere,
468 2251 631 2339 quamvis
661 2252 729 2341 legi
761 2252 864 2320 fuerit
896 2251 1102 2335 contrarius,
1135 2252 1248 2317 multo
1286 2248 1383 2337 magis

308 2338 434 2405 valebit
450 2355 558 2427 actus,
576 2355 654 2408 utut
681 2343 898 2431 illegitimus,
928 2362 999 2430 quo
1016 2339 1097 2407 finis
1121 2340 1184 2405 iste
1208 2338 1380 2408 obtinetur.

338 2488 394 2556 'C.
426 2488 572 2558 Sorores
593 2491 773 2578 ‘quaedam
807 2491 959 2558 Instituti
991 2505 1154 2558 votorum
1184 2487 1387 2577 simplicium

307 2593 385 2644 vota
398 2599 488 2667 quae
499 2579 542 2646 ad
556 2595 688 2648 certum
700 2580 795 2648 diem
807 2581 958 2648 fecerant
971 2601 1043 2647 non
1056 2579 1183 2666 statim,
1194 2577 1380 2645 adveniente
1395 2581 1398 2587 “

307 2667 376 2748 die,
400 2684 624 2756 renovarunt,
650 2670 709 2737 sed
738 2683 817 2759 post
842 2671 976 2758 aliquot
998 2668 1136 2737 diemm
1162 2667 1378 2748 intervallum,

306 2771 356 2841 ut,
375 2758 498 2824 selecta
514 2756 570 2825 die
583 2754 770 2826 dominica
786 2759 839 2824 vel
863 2758 995 2842 festiva,
1015 2758 1186 2825 maiorem
1203 2757 1377 2846 experiren-

305 2859 362 2911 tur
378 2846 603 2913 devotionem
615 2861 648 2914 et
660 2847 937 2915 consolationem
962 2847 1139 2914 sentirent.
1162 2844 1377 2913 Postmodum

305 2952 433 3020 autem,
452 2937 658 3024 nescioquo
682 2940 847 3024 scrupulo
864 2954 991 3019 motae,
1010 2936 1054 3002 de
1081 2938 1197 3002 valore
1221 2951 1376 3000 novorum

305 3040 466 3090 votorum
483 3025 780 3114 interrogaverunt
805 3023 841 3093 S.
863 3024 1183 3113 Congregationem
1200 3044 1287 3111 quae
1302 3022 1375 3088 hanc

304 3112 399 3178 dedit
411 3115 628 3199 responsioni
646 3113 796 3182 formam
808 3114 907 3203 quasi
925 3114 1057 3182 sanatio
1069 3113 1172 3180 fuerit
1188 3111 1372 3179 necessaria.

304 3199 401 3283 Quid
418 3200 465 3266 ad
479 3205 643 3268 casum?
782 3209 789 3223 ⁸
1062 3279 1065 3282 ,

347 3291 461 3374 Resp.
482 3295 558 3359 Nec
574 3294 618 3360 de
646 3294 793 3360 istorum
810 3307 975 3360 votorum
996 3293 1112 3361 valore
1130 3291 1219 3359 serio
1243 3284 1373 3358 dubitari

303 3398 426 3469 potest.
448 3382 638 3470 Namque:

205 3550 208 3555 ,
352 3501 380 3546 ι.
401 3479 480 3546 Nisi
509 3478 703 3547 recentibus
732 3480 879 3548 Normis
908 3493 1046 3568 regatur
1078 3479 1291 3564 [nstitutum
1309 3474 1375 3564 quia

302 3582 382 3656 post
407 3569 514 3635 editas
541 3567 622 3636 istas
647 3569 803 3636 Normas
830 3569 932 3636 fuerit
960 3568 1204 3656 approbatum,
1227 3588 1272 3634 ne
1294 3583 1374 3653 prae·

302 3676 441 3746 ceptum
473 3657 617 3744 quidem
647 3657 783 3724 ostendi
815 3659 942 3747 poterit
973 3679 1045 3744 quo
1072 3677 1210 3724 sorores
1236 3657 1317 3722 istae
1342 3650 1374 3719 ad

302 3745 501 3814 immediate
517 3747 715 3814 renovanda
732 3761 810 3814 vota
826 3746 1022 3835 adigantur.

347 3867 377 3910 2.
400 3842 543 3910 Etiamsi
568 3857 791 3931 praeceptum
807 3845 965 3924 violetur,
982 3864 1045 3910 nec
1061 3842 1131 3909 ulla
1147 3842 1272 3930 legitur
1287 3835 1373 3908 nulli·

301 3934 378 4000 tatis
394 3934 538 4017 sanctio,
556 3953 621 3998 nec
636 3933 707 3999 ulla
723 3932 890 4000 nullitatis
907 3949 1048 4020 apparet
1064 3932 1162 3999 ratio.

346 4029 585 4117 Quinimmo,
613 4049 731 4096 nonne
748 4028 833 4096 illud
866 4029 1067 4096 doctoribus
1093 4041 1144 4095 est
1160 4028 1371 4120 exploratum,

301 4141 320 4186 a
336 4120 473 4186 novicio
489 4119 564 4207 qui,
578 4118 738 4186 absoluto
750 4119 924 4185 noviciatu
941 4118 999 4185 sed
1017 4119 1177 4185 nondum
1190 4115 1284 4184 factis
1299 4127 1373 4179 votis

300 4208 504 4294 discesserit,
533 4207 659 4274 deinde
676 4224 804 4292 autem,
834 4207 911 4274 facti
931 4207 1107 4292 paenitens
1139 4201 1372 4272 monasterium

300 4296 483 4384 repetierit,
502 4295 631 4380 statim,
648 4297 723 4362 sine
739 4317 829 4362 nova
853 4296 1069 4382 probatione,
1087 4313 1168 4362 vota
1183 4293 1256 4362 fieri
1273 4306 1369 4380 posse,
