2959 4900
273 334 312 397 62
715 358 918 395 suencuurnra

319 513 350 568 a.
376 490 586 580 Szffclentes
601 506 721 561 autern
737 513 862 561 causae
879 490 1025 560 indicari
1043 502 1213 581 possunt:

318 596 351 676 a)
376 589 630 682 Quaecumque
653 609 792 682 peccata
815 593 1013 682 periculum
1041 592 1172 659 faciunt
1199 587 1363 675 scandali,

275 678 451 768 infamiae,
469 684 523 750 vel
546 705 619 750 non
643 685 852 770 permittunt
873 696 913 750 ut
928 702 989 750 reo
1012 696 1088 748 tuto
1104 681 1366 747 committantur

277 766 431 836 instituti
449 771 643 872 ministeria
670 773 823 873 propria.
852 772 936 839 Huc
952 783 1108 860 spectant
1130 768 1234 835 verba
1251 768 1365 834 decre·

274 870 420 1013 torlrlrm:
455 861 547 928 rNe
579 883 658 950 qurs
685 863 887 929 admlttatur
914 860 976 950 qui
1003 857 1131 927 saeculi
1159 856 1365 945 contagione

275 967 321 1034 po
349 962 430 1014 utus
450 973 479 1017 n.

321 1045 357 1130 b)
381 1048 533 1118 Animus
549 1051 735 1139 impatiens
751 1051 1016 1119 oboedientiae:
1042 1049 1125 1117 hinc
1148 1047 1242 1116 enim
1269 1066 1367 1136 regu·

275 1133 356 1202 laris
369 1135 553 1226 disciplina
569 1140 605 1206 in
621 1140 812 1208 discrimen
828 1140 1023 1209 adducitur.

302 1238 351 1334 ¹c)
377 1238 450 1324 Qui
467 1241 576 1309 modo
592 1242 730 1310 dicendi
755 1242 811 1310 vel
837 1240 963 1332 agendi
980 1240 1142 1307 videntur
1164 1236 1368 1304 seminaturi

276 1324 465 1396 discordias
489 1331 542 1398 vel
566 1332 743 1400 caritatem
766 1331 949 1399 turbaturi.
991 1357 1005 1394 r
1038 1330 1191 1396 Necesse
1220 1340 1284 1413 est,
1321 1327 1368 1392 sic

276 1412 455 1484 decretum
471 1419 653 1488 Neminem
665 1421 761 1509 latet,
776 1421 959 1512 religiosos
972 1420 1068 1509 ipsos
1084 1419 1177 1484 viros
1193 1414 1367 1483 artissimo

276 1505 426 1572 caritatis
439 1509 580 1578 vinculo
597 1512 685 1578 inter
701 1532 738 1579 se
755 1532 829 1578 esse
845 1510 1064 1578 coniunctos.
1083 1532 1097 1569 i

321 1603 358 1690 d)
384 1606 481 1675 Talis
497 1609 630 1678 desidia
646 1632 708 1678 seu
725 1610 865 1699 pigritia
881 1631 952 1699 qua
968 1609 1048 1699 quis
1064 1609 1225 1697 ineptum
1240 1627 1279 1674 se
1294 1604 1369 1673 red·

277 1689 334 1759 dat
348 1695 388 1764 ad
411 1696 564 1765 instituti
582 1720 688 1788 opera
704 1701 906 1780 exercenda.

321 1797 435 1886 Atque
452 1800 535 1869 haec
552 1801 696 1890 quidem
713 1803 833 1869 sinunt
856 1800 1062 1890 religiosum
1089 1799 1264 1866 dimittere
1288 1797 1370 1865 invi·

278 1893 363 1954 tum.
385 1889 532 1957 Nihilne
548 1905 666 1958 autem
683 1907 797 1980 potest
812 1891 924 1978 ipsius
940 1889 1094 1980 religiosi
1110 1886 1329 1956 consensus?

322 1987 538 2076 ConsensuS,
557 1992 617 2080 qui
630 2014 692 2079 per
704 2013 741 2060 se
755 1992 932 2060 sufficiens
947 2013 1052 2059 causa
1071 2010 1147 2058 esse
1162 1988 1299 2077 nequit,
1314 1987 1371 2054 ali-

278 2080 421 2165 quando
433 2080 670 2167 imperfectam
684 2102 825 2149 causam
838 2082 1014 2170 complere
1028 2095 1150 2168 potest,
1166 2079 1273 2167 idque
1286 2076 1342 2144 bif
1359 2112 1371 2128 ·

278 2166 382 2237 riam:
403 2175 444 2258 a)
462 2169 646 2255 Quatenus
661 2170 805 2238 facilitas
822 2169 1062 2259 cqnsentiendi
1079 2169 1238 2235 animum
1254 2165 1372 2254 prodit

278 2276 403 2343 parum
416 2259 459 2326 ad
472 2258 673 2347 religiosam
689 2260 796 2327 vitam
809 2281 1025 2348 propensum
1040 2284 1048 2326 :
1063 2257 1164 2325 cuius
1179 2256 1288 2324 animi
1302 2256 1370 2322 dis·

260 2347 463 2431 positionis
486 2343 568 2414 sane
585 2348 622 2414 in
638 2350 853 2416 aestimanda
870 2369 972 2416 causa
995 2347 1083 2415 ratio
1106 2344 1226 2414 haberi
1243 2358 1370 2432 potest.

277 2439 320 2523 b)
338 2436 521 2523 Quatenus
537 2437 627 2505 tollit
643 2438 864 2507 obstaculum
880 2439 966 2507 iuris
982 2435 1140 2526 acquisiti
1158 2458 1177 2503 a
1193 2434 1371 2524 religioso.

283 2526 375 2593 Fieri
392 2527 489 2593 enim
504 2541 616 2615 potest
632 2543 671 2594 ut
686 2548 749 2615 per
765 2548 801 2595 se
818 2530 944 2596 melius
960 2528 1060 2609 foret,
1076 2539 1109 2592 et
1128 2526 1205 2593 Deo
1218 2539 1372 2613 gratum,

279 2616 484 2705 quempiam
499 2616 640 2705 dimitti,
670 2616 737 2684 nisi
761 2617 921 2685 dimissio
945 2616 1096 2684 iustitiae
1120 2614 1372 2681 adversaretur.

283 2703 359 2770 lam
375 2726 470 2791 vero,
488 2705 684 2772 voluntaria
696 2707 782 2773 iuris
795 2707 951 2774 cessione
965 2704 1134 2793 Superior
1146 2701 1372 2791 permittitur,

280 2794 437 2879 neglecto
446 2794 599 2883 religiosi
608 2812 778 2883 respectu,
787 2796 890 2862 unice
901 2794 1054 2863 instituti
1067 2794 1250 2861 consulere
1262 2791 1372 2858 bon0.

281 2881 393 2951 Casus
417 2884 493 2970 erit,
518 2907 551 2951 v.
571 2906 622 2972 gr.
649 2883 863 2952 infirmitatis
886 2897 1080 2951 contractae
1103 2895 1182 2970 post
1208 2894 1302 2966 vota,
1322 2879 1375 2946 vel

280 2992 381 3059 quae,
412 2994 493 3039 cum
519 2993 600 3041 vota
626 2972 769 3059 fiebant,
795 2990 867 3041 erat
891 2987 1082 3062 perspecta.
1110 2970 1229 3056 Quem
1252 2989 1376 3036 casum

280 3080 353 3126 non
373 3077 539 3149 putamus
563 3063 696 3129 excludi
720 3062 837 3129 verbis
852 3062 1096 3129 declarationis
1111 3058 1374 3144 Sanctissimus,
1461 3075 1462 3144 ζ

281 3148 409 3236 quibus
425 3150 551 3218 dicitur
567 3172 673 3218 nemo
689 3151 817 3218 dimitti
834 3172 936 3239 posse
953 3151 1000 3218 ob
1016 3149 1256 3217 infirmitatem
1285 3167 1376 3235 quae
1461 3157 1462 3184 l

280 3237 369 3305 votis
386 3238 430 3305 sit
445 3241 629 3327 posterior.
651 3239 799 3327 Saepius
814 3242 919 3308 etiam
935 3239 974 3306 fit
990 3252 1029 3306 ut
1046 3239 1220 3327 quamvis,
1239 3236 1276 3302 in
1290 3235 1377 3303 iuris

280 3325 408 3415 rigore,
427 3329 556 3395 dimitti
573 3331 683 3417 possit
695 3329 879 3417 religiosus
895 3351 927 3397 v.
947 3351 998 3417 gr.
1020 3330 1081 3416 qui
1098 3328 1213 3394 bonae
1228 3324 1377 3413 quidem

280 3417 481 3502 voluntatis,
496 3419 635 3508 ineptus
647 3434 765 3485 tamen
777 3418 1038 3486 demonstratur
1049 3414 1253 3483 ministeriis
1272 3413 1376 3482 Insti-

280 3505 358 3590 tuti,
388 3506 543 3594 aequitas
570 3507 776 3574 huiusmodi
801 3507 972 3574 severitati
996 3518 1182 3594 repugnet,
1208 3502 1275 3570 nisi
1302 3503 1376 3592 ipse

282 3594 466 3683 religiosus
483 3598 688 3663 consentiat.
710 3595 783 3664 Cfr.
802 3595 896 3664 dcvi
913 3615 1119 3682 consensus,
1138 3593 1180 3662 C.
1200 3609 1249 3659 us
1268 3592 1376 3661 Luco

281 3683 386 3773 Resp.
406 3705 496 3752 mor.
512 3686 534 3751 l.
554 3686 637 3771 4,d.
658 3685 691 3771 3,
705 3685 791 3753 n.5.

325 3807 359 3871 4.
389 3786 565 3874 Denique,
583 3787 626 3853 ad
642 3786 817 3854 sedandos
840 3787 1036 3876 scrupulos,
1063 3784 1155 3852 iuvat
1185 3805 1204 3851 a
1229 3781 1376 3852 SUAREz

281 3874 372 3942 hanc
388 3875 541 3942 mutuari
558 3897 721 3943 normam
738 3876 750 3911 ²
771 3901 778 3943 ε
799 3874 835 3945 Si
864 3876 1045 3943 Praelatus
1060 3874 1154 3941 bona
1169 3872 1240 3940 fide
1254 3893 1376 3959 proce-

282 3963 353 4048 dat,
379 3979 424 4050 et,
442 3964 530 4031 facta
557 3966 681 4031 morali
706 3964 885 4054 diligentia
909 3986 947 4032 ac
971 3963 1089 4031 debita
1104 3961 1374 4048 consultatione,

282 4052 411 4120 iudicet
427 4052 587 4144 expedire
599 4054 704 4121 talem
720 4075 909 4143 personam
924 4053 1071 4121 liberam
1083 4052 1269 4137 dimittere,
1289 4066 1323 4118 et
1339 4051 1377 4118 in

289 4226 332 4234 ---.

312 4326 940 4388 lfflmmmpmmbaqbncffinxffl.
