<?xml version="1.0" encoding="UTF-8"?>
<!DOCTYPE html PUBLIC "-//W3C//DTD XHTML 1.0 Transitional//EN"
    "http://www.w3.org/TR/xhtml1/DTD/xhtml1-transitional.dtd">
<html xmlns="http://www.w3.org/1999/xhtml" xml:lang="en" lang="en">
 <head>
  <title>
</title>
<meta http-equiv="Content-Type" content="text/html;charset=utf-8" />
  <meta name='ocr-system' content='tesseract 3.04.00' />
  <meta name='ocr-capabilities' content='ocr_page ocr_carea ocr_par ocr_line ocrx_word'/>
</head>
<body>
  <div class='ocr_page' id='page_1' title='image "./dereligiosisins01vermgoog_0370.png"; bbox 0 0 2959 4900; ppageno 0'>
   <div class='ocr_carea' id='block_1_1' title="bbox 65 912 226 1250">
    <p class='ocr_par' dir='ltr' id='par_1_1' title="bbox 65 912 226 1250">
     <span class='ocr_line' id='line_1_1' title="bbox 88 912 226 958; baseline -0.014 0"><span class='ocrx_word' id='word_1_1' title='bbox 88 912 226 958; x_wconf 78' lang='lat' dir='ltr'>Memoran-</span> 
     </span>
     <span class='ocr_line' id='line_1_2' title="bbox 67 969 186 1016; baseline -0.034 -1"><span class='ocrx_word' id='word_1_2' title='bbox 67 977 105 1016; x_wconf 83' lang='lat' dir='ltr'>tur</span> <span class='ocrx_word' id='word_1_3' title='bbox 115 969 186 1015; x_wconf 81' lang='lat' dir='ltr'>varia</span> 
     </span>
     <span class='ocr_line' id='line_1_3' title="bbox 66 1028 175 1085; baseline -0.055 -9"><span class='ocrx_word' id='word_1_4' title='bbox 66 1032 119 1075; x_wconf 82' lang='lat' dir='ltr'>acta</span> <span class='ocrx_word' id='word_1_5' title='bbox 130 1028 175 1085; x_wconf 77' lang='lat' dir='ltr'>pro</span> 
     </span>
     <span class='ocr_line' id='line_1_4' title="bbox 65 1084 184 1134; baseline -0.059 0"><span class='ocrx_word' id='word_1_6' title='bbox 65 1084 184 1134; x_wconf 83' lang='lat' dir='ltr'>cotidiano</span> 
     </span>
     <span class='ocr_line' id='line_1_5' title="bbox 65 1138 197 1192; baseline -0.053 0"><span class='ocrx_word' id='word_1_7' title='bbox 65 1156 154 1192; x_wconf 82' lang='lat' dir='ltr'>accessu</span> <span class='ocrx_word' id='word_1_8' title='bbox 166 1138 197 1187; x_wconf 81' lang='lat' dir='ltr'>ad</span> 
     </span>
     <span class='ocr_line' id='line_1_6' title="bbox 65 1204 223 1250; baseline -0.057 0"><span class='ocrx_word' id='word_1_9' title='bbox 65 1204 93 1250; x_wconf 89' lang='lat' dir='ltr'><strong>S.</strong></span> <span class='ocrx_word' id='word_1_10' title='bbox 112 1210 223 1249; x_wconf 84' lang='lat' dir='ltr'>mensam.</span> 
     </span>
    </p>
   </div>
   <div class='ocr_carea' id='block_1_2' title="bbox 63 1493 223 1663">
    <p class='ocr_par' dir='ltr' id='par_1_2' title="bbox 63 1493 223 1663">
     <span class='ocr_line' id='line_1_7' title="bbox 82 1493 223 1559; baseline -0.05 -14"><span class='ocrx_word' id='word_1_11' title='bbox 82 1493 223 1559; x_wconf 76' lang='lat' dir='ltr'>spiritualis</span> 
     </span>
     <span class='ocr_line' id='line_1_8' title="bbox 64 1556 223 1611; baseline -0.063 -6"><span class='ocrx_word' id='word_1_12' title='bbox 64 1560 117 1605; x_wconf 78' lang='lat' dir='ltr'>irino</span> <span class='ocrx_word' id='word_1_13' title='bbox 133 1556 223 1611; x_wconf 79' lang='lat' dir='ltr'>sumpta</span> 
     </span>
     <span class='ocr_line' id='line_1_9' title="bbox 63 1616 163 1663; baseline -0.04 0"><span class='ocrx_word' id='word_1_14' title='bbox 63 1616 163 1663; x_wconf 79' lang='lat' dir='ltr'>laetitia.</span> 
     </span>
    </p>
   </div>
   <div class='ocr_carea' id='block_1_3' title="bbox 62 1706 213 1871">
    <p class='ocr_par' dir='ltr' id='par_1_3' title="bbox 62 1706 213 1871">
     <span class='ocr_line' id='line_1_10' title="bbox 93 1706 203 1767; baseline -0.045 -15"><span class='ocrx_word' id='word_1_15' title='bbox 93 1706 203 1767; x_wconf 77' lang='lat' dir='ltr'>Quaestio</span> 
     </span>
     <span class='ocr_line' id='line_1_11' title="bbox 63 1762 203 1831; baseline -0.014 -19"><span class='ocrx_word' id='word_1_16' title='bbox 63 1766 89 1812; x_wconf 80' lang='lat' dir='ltr'>de</span> <span class='ocrx_word' id='word_1_17' title='bbox 99 1762 203 1831; x_wconf 71' lang='lat' dir='ltr'>infimis</span> 
     </span>
     <span class='ocr_line' id='line_1_12' title="bbox 62 1832 213 1871; baseline -0.053 0"><span class='ocrx_word' id='word_1_18' title='bbox 62 1838 109 1871; x_wconf 82' lang='lat' dir='ltr'>non</span> <span class='ocrx_word' id='word_1_19' title='bbox 120 1832 213 1869; x_wconf 74' lang='lat' dir='ltr'>satanas.</span> 
     </span>
    </p>
   </div>
   <div class='ocr_carea' id='block_1_4' title="bbox 56 1994 222 2504">
    <p class='ocr_par' dir='ltr' id='par_1_4' title="bbox 56 1994 222 2504">
     <span class='ocr_line' id='line_1_13' title="bbox 89 1994 222 2041; baseline -0.023 -1"><span class='ocrx_word' id='word_1_20' title='bbox 89 1996 118 2041; x_wconf 88' lang='lat' dir='ltr'>S.</span> <span class='ocrx_word' id='word_1_21' title='bbox 135 1994 222 2040; x_wconf 83' lang='lat' dir='ltr'>Ponti-</span> 
     </span>
     <span class='ocr_line' id='line_1_14' title="bbox 56 2050 202 2111; baseline -0.014 -14"><span class='ocrx_word' id='word_1_22' title='bbox 56 2052 107 2111; x_wconf 74' lang='lat' dir='ltr'>jan,</span> <span class='ocrx_word' id='word_1_23' title='bbox 119 2050 202 2098; x_wconf 82' lang='lat' dir='ltr'>audita</span> 
     </span>
     <span class='ocr_line' id='line_1_15' title="bbox 60 2110 190 2167; baseline -0.008 -11"><span class='ocrx_word' id='word_1_24' title='bbox 60 2112 88 2157; x_wconf 86' lang='lat' dir='ltr'><strong>S.</strong></span> <span class='ocrx_word' id='word_1_25' title='bbox 102 2110 190 2167; x_wconf 82' lang='lat' dir='ltr'>Congr.</span> 
     </span>
     <span class='ocr_line' id='line_1_16' title="bbox 61 2168 202 2223; baseline -0.043 -8"><span class='ocrx_word' id='word_1_26' title='bbox 61 2169 131 2215; x_wconf 79' lang='lat' dir='ltr'>Cotta.</span> <span class='ocrx_word' id='word_1_27' title='bbox 145 2168 202 2223; x_wconf 72' lang='lat' dir='ltr'>ipsis</span> 
     </span>
     <span class='ocr_line' id='line_1_17' title="bbox 60 2224 199 2273; baseline -0.007 -2"><span class='ocrx_word' id='word_1_28' title='bbox 60 2224 161 2273; x_wconf 82' lang='lat' dir='ltr'>concedit</span> <span class='ocrx_word' id='word_1_29' title='bbox 171 2224 199 2270; x_wconf 88' lang='lat' dir='ltr'>S.</span> 
     </span>
     <span class='ocr_line' id='line_1_18' title="bbox 59 2284 199 2329; baseline -0.021 0"><span class='ocrx_word' id='word_1_30' title='bbox 59 2284 199 2329; x_wconf 77' lang='lat' dir='ltr'>caramanic-</span> 
     </span>
     <span class='ocr_line' id='line_1_19' title="bbox 60 2340 212 2397; baseline -0.013 -10"><span class='ocrx_word' id='word_1_31' title='bbox 60 2355 109 2387; x_wconf 82' lang='lat' dir='ltr'>nem</span> <span class='ocrx_word' id='word_1_32' title='bbox 120 2340 212 2397; x_wconf 81' lang='lat' dir='ltr'>aliquo-</span> 
     </span>
     <span class='ocr_line' id='line_1_20' title="bbox 61 2401 205 2445; baseline -0.007 -2"><span class='ocrx_word' id='word_1_33' title='bbox 61 2402 118 2445; x_wconf 83' lang='lat' dir='ltr'>tiens</span> <span class='ocrx_word' id='word_1_34' title='bbox 128 2401 149 2442; x_wconf 76' lang='lat' dir='ltr'>a</span> <span class='ocrx_word' id='word_1_35' title='bbox 159 2410 205 2443; x_wconf 77' lang='lat' dir='ltr'>aar·</span> 
     </span>
     <span class='ocr_line' id='line_1_21' title="bbox 60 2457 187 2504; baseline 0 -2"><span class='ocrx_word' id='word_1_36' title='bbox 60 2460 90 2504; x_wconf 84' lang='lat' dir='ltr'>tis</span> <span class='ocrx_word' id='word_1_37' title='bbox 100 2457 187 2504; x_wconf 80' lang='lat' dir='ltr'>diebus.</span> 
     </span>
    </p>
   </div>
   <div class='ocr_carea' id='block_1_5' title="bbox 56 2658 220 2962">
    <p class='ocr_par' dir='ltr' id='par_1_5' title="bbox 57 2658 220 2819">
     <span class='ocr_line' id='line_1_22' title="bbox 87 2658 220 2724; baseline 0 -21"><span class='ocrx_word' id='word_1_38' title='bbox 87 2658 220 2724; x_wconf 81' lang='lat' dir='ltr'>Derogotio</span> 
     </span>
     <span class='ocr_line' id='line_1_23' title="bbox 58 2721 190 2760; baseline -0.008 0"><span class='ocrx_word' id='word_1_39' title='bbox 58 2721 190 2760; x_wconf 74' lang='lat' dir='ltr'>contrario-</span> 
     </span>
     <span class='ocr_line' id='line_1_24' title="bbox 57 2787 117 2819; baseline 0.033 -2"><span class='ocrx_word' id='word_1_40' title='bbox 57 2787 117 2819; x_wconf 85' lang='lat' dir='ltr'>rum.</span> 
     </span>
    </p>

    <p class='ocr_par' dir='ltr' id='par_1_6' title="bbox 56 2847 189 2962">
     <span class='ocr_line' id='line_1_25' title="bbox 89 2847 180 2902; baseline -0.022 -11"><span class='ocrx_word' id='word_1_41' title='bbox 89 2847 145 2892; x_wconf 73' lang='lat' dir='ltr'>Dies</span> <span class='ocrx_word' id='word_1_42' title='bbox 155 2849 180 2902; x_wconf 86' lang='lat'>(7</span> 
     </span>
     <span class='ocr_line' id='line_1_26' title="bbox 56 2902 189 2962; baseline 0.015 -14"><span class='ocrx_word' id='word_1_43' title='bbox 56 2902 101 2950; x_wconf 80' lang='lat' dir='ltr'>dec.</span> <span class='ocrx_word' id='word_1_44' title='bbox 114 2907 189 2962; x_wconf 77' lang='lat'><strong>1906).</strong></span> 
     </span>
    </p>
   </div>
   <div class='ocr_carea' id='block_1_6' title="bbox 171 3969 354 4042">
    <p class='ocr_par' dir='ltr' id='par_1_7' title="bbox 171 3969 354 4042">
     <span class='ocr_line' id='line_1_27' title="bbox 171 3969 354 4042; baseline -0.027 -15"><span class='ocrx_word' id='word_1_45' title='bbox 171 4019 174 4027; x_wconf 91' lang='lat'><strong>.</strong></span> <span class='ocrx_word' id='word_1_46' title='bbox 265 3985 294 4042; x_wconf 93' lang='lat' dir='ltr'>p.</span> <span class='ocrx_word' id='word_1_47' title='bbox 309 3969 354 4042; x_wconf 75' lang='lat'><strong>69.</strong></span> 
     </span>
    </p>
   </div>
   <div class='ocr_carea' id='block_1_7' title="bbox 734 296 915 336">
    <p class='ocr_par' dir='ltr' id='par_1_8' title="bbox 734 296 915 336">
     <span class='ocr_line' id='line_1_28' title="bbox 734 296 915 336; baseline 0.011 -5"><span class='ocrx_word' id='word_1_48' title='bbox 734 296 915 336; x_wconf 69' lang='lat' dir='ltr'>utortmtuun</span> 
     </span>
    </p>
   </div>
   <div class='ocr_carea' id='block_1_8' title="bbox 385 451 1265 684">
    <p class='ocr_par' dir='ltr' id='par_1_9' title="bbox 385 451 1265 684">
     <span class='ocr_line' id='line_1_29' title="bbox 591 451 1061 547; baseline -0.002 -8"><span class='ocrx_word' id='word_1_49' title='bbox 591 454 688 539; x_wconf 88' lang='lat'>161.</span> <span class='ocrx_word' id='word_1_50' title='bbox 713 451 754 516; x_wconf 68' lang='lat'>-4</span> <span class='ocrx_word' id='word_1_51' title='bbox 774 470 811 539; x_wconf 89' lang='lat' dir='ltr'>s.</span> <span class='ocrx_word' id='word_1_52' title='bbox 836 470 872 539; x_wconf 84' lang='lat' dir='ltr'>o.</span> <span class='ocrx_word' id='word_1_53' title='bbox 897 470 1061 547; x_wconf 83' lang='lat' dir='ltr'>oouottu</span> 
     </span>
     <span class='ocr_line' id='line_1_30' title="bbox 385 600 1265 684; baseline 0.007 -6"><span class='ocrx_word' id='word_1_54' title='bbox 385 624 443 679; x_wconf 77' lang='lat' dir='ltr'>atr</span> <span class='ocrx_word' id='word_1_55' title='bbox 458 625 684 681; x_wconf 75' lang='lat' dir='ltr'>nunrntvrnt</span> <span class='ocrx_word' id='word_1_56' title='bbox 700 627 778 681; x_wconf 80' lang='lat' dir='ltr'>ssmi</span> <span class='ocrx_word' id='word_1_57' title='bbox 796 600 1019 683; x_wconf 71' lang='lat' dir='ltr'>nocuerunt</span> <span class='ocrx_word' id='word_1_58' title='bbox 1037 630 1056 683; x_wconf 89' lang='lat'><strong>7</strong></span> <span class='ocrx_word' id='word_1_59' title='bbox 1074 612 1163 683; x_wconf 81' lang='lat' dir='ltr'>nac.</span> <span class='ocrx_word' id='word_1_60' title='bbox 1185 629 1265 684; x_wconf 76' lang='lat' dir='ltr'>loos</span> 
     </span>
    </p>
   </div>
   <div class='ocr_carea' id='block_1_9' title="bbox 442 766 1208 827">
    <p class='ocr_par' dir='ltr' id='par_1_10' title="bbox 442 766 1208 827">
     <span class='ocr_line' id='line_1_31' title="bbox 442 766 1208 827; baseline 0.004 -6"><span class='ocrx_word' id='word_1_61' title='bbox 442 766 495 823; x_wconf 84' lang='lat' dir='ltr'>De</span> <span class='ocrx_word' id='word_1_62' title='bbox 513 767 549 825; x_wconf 79' lang='lat' dir='ltr'><strong>S.</strong></span> <span class='ocrx_word' id='word_1_63' title='bbox 568 768 823 827; x_wconf 80' lang='lat' dir='ltr'>communione</span> <span class='ocrx_word' id='word_1_64' title='bbox 842 769 981 825; x_wconf 77' lang='lat' dir='ltr'>Infirmi</span> <span class='ocrx_word' id='word_1_65' title='bbox 1003 783 1076 827; x_wconf 87' lang='lat' dir='ltr'>non</span> <span class='ocrx_word' id='word_1_66' title='bbox 1096 769 1208 825; x_wconf 81' lang='lat' dir='ltr'>ieiuni</span> 
     </span>
    </p>
   </div>
   <div class='ocr_carea' id='block_1_10' title="bbox 274 912 1370 2777">
    <p class='ocr_par' dir='ltr' id='par_1_11' title="bbox 274 912 1370 2777">
     <span class='ocr_line' id='line_1_32' title="bbox 303 912 1370 992; baseline 0.005 -24"><span class='ocrx_word' id='word_1_67' title='bbox 303 912 401 982; x_wconf 32' lang='lat' dir='ltr'>,Post</span> <span class='ocrx_word' id='word_1_68' title='bbox 414 916 548 973; x_wconf 81' lang='lat' dir='ltr'>editum</span> <span class='ocrx_word' id='word_1_69' title='bbox 567 919 604 973; x_wconf 91' lang='lat' dir='ltr'>de</span> <span class='ocrx_word' id='word_1_70' title='bbox 622 918 768 992; x_wconf 87' lang='lat' dir='ltr'>frequenti</span> <span class='ocrx_word' id='word_1_71' title='bbox 785 932 814 974; x_wconf 90' lang='lat' dir='ltr'>et</span> <span class='ocrx_word' id='word_1_72' title='bbox 832 919 980 975; x_wconf 89' lang='lat' dir='ltr'>cotidiana</span> <span class='ocrx_word' id='word_1_73' title='bbox 999 920 1051 975; x_wconf 86' lang='lat' dir='ltr'><strong>SS.</strong></span> <span class='ocrx_word' id='word_1_74' title='bbox 1073 918 1273 975; x_wconf 86' lang='lat' dir='ltr'>Eucharistiae</span> <span class='ocrx_word' id='word_1_75' title='bbox 1291 935 1370 973; x_wconf 88' lang='lat' dir='ltr'>sum-</span> 
     </span>
     <span class='ocr_line' id='line_1_33' title="bbox 278 985 1370 1065; baseline 0.005 -26"><span class='ocrx_word' id='word_1_76' title='bbox 278 985 379 1056; x_wconf 92' lang='lat' dir='ltr'>ptione</span> <span class='ocrx_word' id='word_1_77' title='bbox 400 986 549 1044; x_wconf 90' lang='lat' dir='ltr'>decretum</span> <span class='ocrx_word' id='word_1_78' title='bbox 573 991 621 1046; x_wconf 93' lang='lat' dir='ltr'>die</span> <span class='ocrx_word' id='word_1_79' title='bbox 641 1008 677 1045; x_wconf 88' lang='lat'>20</span> <span class='ocrx_word' id='word_1_80' title='bbox 700 990 809 1045; x_wconf 90' lang='lat' dir='ltr'>mensis</span> <span class='ocrx_word' id='word_1_81' title='bbox 832 992 994 1052; x_wconf 85' lang='lat' dir='ltr'>decembris</span> <span class='ocrx_word' id='word_1_82' title='bbox 1021 992 1100 1065; x_wconf 83' lang='lat'>1905,</span> <span class='ocrx_word' id='word_1_83' title='bbox 1123 1006 1370 1060; x_wconf 89' lang='lat' dir='ltr'>concessasquea</span> 
     </span>
     <span class='ocr_line' id='line_1_34' title="bbox 280 1056 1369 1137; baseline 0.003 -25"><span class='ocrx_word' id='word_1_84' title='bbox 280 1056 357 1137; x_wconf 56' lang='grc' dir='ltr'>5ιὸωο</span> <span class='ocrx_word' id='word_1_85' title='bbox 372 1059 407 1113; x_wconf 92' lang='lat' dir='ltr'>D.</span> <span class='ocrx_word' id='word_1_86' title='bbox 424 1060 462 1116; x_wconf 90' lang='lat' dir='ltr'>N.</span> <span class='ocrx_word' id='word_1_87' title='bbox 479 1060 532 1115; x_wconf 90' lang='lat' dir='ltr'>Pio</span> <span class='ocrx_word' id='word_1_88' title='bbox 550 1061 609 1117; x_wconf 89' lang='lat' dir='ltr'><strong>PP.</strong></span> <span class='ocrx_word' id='word_1_89' title='bbox 623 1062 650 1115; x_wconf 89' lang='lat' dir='ltr'>X</span> <span class='ocrx_word' id='word_1_90' title='bbox 662 1061 710 1117; x_wconf 88' lang='lat' dir='ltr'>die</span> <span class='ocrx_word' id='word_1_91' title='bbox 723 1062 758 1118; x_wconf 83' lang='lat'>30</span> <span class='ocrx_word' id='word_1_92' title='bbox 770 1062 879 1118; x_wconf 87' lang='lat' dir='ltr'>mensis</span> <span class='ocrx_word' id='word_1_93' title='bbox 892 1062 963 1118; x_wconf 91' lang='lat' dir='ltr'>maii</span> <span class='ocrx_word' id='word_1_94' title='bbox 977 1062 1109 1118; x_wconf 88' lang='lat' dir='ltr'>eiusdem</span> <span class='ocrx_word' id='word_1_95' title='bbox 1127 1061 1197 1127; x_wconf 86' lang='lat' dir='ltr'>anni</span> <span class='ocrx_word' id='word_1_96' title='bbox 1216 1060 1369 1133; x_wconf 90' lang='lat' dir='ltr'>indulgen-</span> 
     </span>
     <span class='ocr_line' id='line_1_35' title="bbox 279 1130 1370 1209; baseline 0.004 -26"><span class='ocrx_word' id='word_1_97' title='bbox 279 1137 333 1183; x_wconf 82' lang='lat' dir='ltr'>tias</span> <span class='ocrx_word' id='word_1_98' title='bbox 348 1130 486 1209; x_wconf 85' lang='lat' dir='ltr'>omnibus</span> <span class='ocrx_word' id='word_1_99' title='bbox 499 1130 606 1188; x_wconf 82' lang='lat' dir='ltr'>Christi</span> <span class='ocrx_word' id='word_1_100' title='bbox 621 1132 758 1188; x_wconf 87' lang='lat' dir='ltr'>fidelibus</span> <span class='ocrx_word' id='word_1_101' title='bbox 777 1133 827 1206; x_wconf 93' lang='lat' dir='ltr'>qui</span> <span class='ocrx_word' id='word_1_102' title='bbox 848 1146 941 1190; x_wconf 89' lang='lat' dir='ltr'>certas</span> <span class='ocrx_word' id='word_1_103' title='bbox 960 1150 1059 1207; x_wconf 87' lang='lat' dir='ltr'>preces</span> <span class='ocrx_word' id='word_1_104' title='bbox 1072 1134 1175 1189; x_wconf 91' lang='lat' dir='ltr'>devote</span> <span class='ocrx_word' id='word_1_105' title='bbox 1188 1130 1370 1189; x_wconf 89' lang='lat' dir='ltr'>recitaverint</span> 
     </span>
     <span class='ocr_line' id='line_1_36' title="bbox 278 1201 1370 1279; baseline 0.004 -25"><span class='ocrx_word' id='word_1_106' title='bbox 278 1216 333 1273; x_wconf 93' lang='lat' dir='ltr'>pro</span> <span class='ocrx_word' id='word_1_107' title='bbox 343 1201 506 1259; x_wconf 79' lang='lat' dir='ltr'>cotidianae</span> <span class='ocrx_word' id='word_1_108' title='bbox 520 1204 748 1260; x_wconf 89' lang='lat' dir='ltr'>Communionis</span> <span class='ocrx_word' id='word_1_109' title='bbox 758 1206 969 1279; x_wconf 86' lang='lat' dir='ltr'>propagatione</span> <span class='ocrx_word' id='word_1_110' title='bbox 981 1226 988 1274; x_wconf 90' lang='lat'>;</span> <span class='ocrx_word' id='word_1_111' title='bbox 999 1217 1066 1275; x_wconf 88' lang='lat' dir='ltr'>post</span> <span class='ocrx_word' id='word_1_112' title='bbox 1075 1204 1208 1259; x_wconf 89' lang='lat' dir='ltr'>additum</span> <span class='ocrx_word' id='word_1_113' title='bbox 1221 1214 1370 1275; x_wconf 88' lang='lat' dir='ltr'>praeterea</span> 
     </span>
     <span class='ocr_line' id='line_1_37' title="bbox 279 1272 1368 1348; baseline 0.005 -23"><span class='ocrx_word' id='word_1_114' title='bbox 279 1272 427 1331; x_wconf 88' lang='lat' dir='ltr'>decretum</span> <span class='ocrx_word' id='word_1_115' title='bbox 453 1274 543 1331; x_wconf 84' lang='lat' dir='ltr'>Urbis</span> <span class='ocrx_word' id='word_1_116' title='bbox 566 1288 594 1331; x_wconf 93' lang='lat' dir='ltr'>et</span> <span class='ocrx_word' id='word_1_117' title='bbox 621 1274 720 1345; x_wconf 87' lang='lat' dir='ltr'>Orbis,</span> <span class='ocrx_word' id='word_1_118' title='bbox 744 1276 791 1333; x_wconf 90' lang='lat' dir='ltr'>die</span> <span class='ocrx_word' id='word_1_119' title='bbox 819 1295 850 1346; x_wconf 88' lang='lat'>14</span> <span class='ocrx_word' id='word_1_120' title='bbox 870 1277 979 1333; x_wconf 86' lang='lat' dir='ltr'>mensis</span> <span class='ocrx_word' id='word_1_121' title='bbox 1001 1275 1139 1333; x_wconf 87' lang='lat' dir='ltr'>februarii</span> <span class='ocrx_word' id='word_1_122' title='bbox 1164 1280 1234 1348; x_wconf 79' lang='lat'>1906</span> <span class='ocrx_word' id='word_1_123' title='bbox 1252 1293 1269 1328; x_wconf 92' lang='lat' dir='ltr'>a</span> <span class='ocrx_word' id='word_1_124' title='bbox 1288 1275 1319 1329; x_wconf 87' lang='lat' dir='ltr'><strong>S.</strong></span> <span class='ocrx_word' id='word_1_125' title='bbox 1334 1275 1368 1330; x_wconf 90' lang='lat' dir='ltr'>C.</span> 
     </span>
     <span class='ocr_line' id='line_1_38' title="bbox 280 1342 1369 1420; baseline 0.002 -23"><span class='ocrx_word' id='word_1_126' title='bbox 280 1342 531 1415; x_wconf 78' lang='lat' dir='ltr'>indulgentiarum</span> <span class='ocrx_word' id='word_1_127' title='bbox 551 1357 579 1403; x_wconf 89' lang='lat' dir='ltr'>et</span> <span class='ocrx_word' id='word_1_128' title='bbox 602 1346 815 1420; x_wconf 89' lang='lat' dir='ltr'>Reliquiarum.</span> <span class='ocrx_word' id='word_1_129' title='bbox 835 1348 920 1403; x_wconf 91' lang='lat' dir='ltr'>cuius</span> <span class='ocrx_word' id='word_1_130' title='bbox 939 1347 1047 1404; x_wconf 89' lang='lat' dir='ltr'>decreti</span> <span class='ocrx_word' id='word_1_131' title='bbox 1066 1347 1094 1402; x_wconf 92' lang='lat' dir='ltr'>vi</span> <span class='ocrx_word' id='word_1_132' title='bbox 1117 1359 1236 1419; x_wconf 87' lang='lat' dir='ltr'>possent</span> <span class='ocrx_word' id='word_1_133' title='bbox 1259 1345 1369 1402; x_wconf 89' lang='lat' dir='ltr'>christi-</span> 
     </span>
     <span class='ocr_line' id='line_1_39' title="bbox 278 1413 1368 1490; baseline 0.004 -21"><span class='ocrx_word' id='word_1_134' title='bbox 278 1413 378 1471; x_wconf 88' lang='lat' dir='ltr'>fideles</span> <span class='ocrx_word' id='word_1_135' title='bbox 385 1431 442 1486; x_wconf 89' lang='lat' dir='ltr'>per</span> <span class='ocrx_word' id='word_1_136' title='bbox 454 1417 631 1473; x_wconf 89' lang='lat' dir='ltr'>cotidianam</span> <span class='ocrx_word' id='word_1_137' title='bbox 646 1419 897 1475; x_wconf 89' lang='lat' dir='ltr'>Communionem</span> <span class='ocrx_word' id='word_1_138' title='bbox 912 1419 1019 1475; x_wconf 87' lang='lat' dir='ltr'>lucrari</span> <span class='ocrx_word' id='word_1_139' title='bbox 1039 1435 1143 1474; x_wconf 92' lang='lat' dir='ltr'>omnes</span> <span class='ocrx_word' id='word_1_140' title='bbox 1161 1417 1368 1490; x_wconf 65' lang='lat' dir='ltr'>indulgentias</span> 
     </span>
     <span class='ocr_line' id='line_1_40' title="bbox 277 1487 1369 1567; baseline 0.001 -26"><span class='ocrx_word' id='word_1_141' title='bbox 277 1487 388 1567; x_wconf 87' lang='lat' dir='ltr'>absque</span> <span class='ocrx_word' id='word_1_142' title='bbox 400 1504 490 1543; x_wconf 88' lang='lat' dir='ltr'>onere</span> <span class='ocrx_word' id='word_1_143' title='bbox 504 1488 693 1546; x_wconf 89' lang='lat' dir='ltr'>confessionis</span> <span class='ocrx_word' id='word_1_144' title='bbox 712 1488 969 1555; x_wconf 86' lang='lat' dir='ltr'>hebdomadariae,</span> <span class='ocrx_word' id='word_1_145' title='bbox 993 1490 1040 1545; x_wconf 85' lang='lat' dir='ltr'>vix</span> <span class='ocrx_word' id='word_1_146' title='bbox 1064 1489 1160 1545; x_wconf 89' lang='lat' dir='ltr'>dicere</span> <span class='ocrx_word' id='word_1_147' title='bbox 1181 1500 1235 1559; x_wconf 91' lang='lat' dir='ltr'>est,</span> <span class='ocrx_word' id='word_1_148' title='bbox 1259 1501 1369 1559; x_wconf 89' lang='lat' dir='ltr'>quanta</span> 
     </span>
     <span class='ocr_line' id='line_1_41' title="bbox 277 1558 1367 1635; baseline 0 -22"><span class='ocrx_word' id='word_1_149' title='bbox 277 1558 386 1613; x_wconf 81' lang='lat' dir='ltr'>laetitia</span> <span class='ocrx_word' id='word_1_150' title='bbox 411 1558 555 1629; x_wconf 78' lang='lat' dir='ltr'>benignae</span> <span class='ocrx_word' id='word_1_151' title='bbox 576 1559 746 1617; x_wconf 90' lang='lat' dir='ltr'>huiusmodi</span> <span class='ocrx_word' id='word_1_152' title='bbox 767 1562 797 1617; x_wconf 86' lang='lat' dir='ltr'><strong>S.</strong></span> <span class='ocrx_word' id='word_1_153' title='bbox 814 1563 898 1618; x_wconf 85' lang='lat' dir='ltr'>Sedis</span> <span class='ocrx_word' id='word_1_154' title='bbox 920 1561 1125 1635; x_wconf 89' lang='lat' dir='ltr'>dispositiones</span> <span class='ocrx_word' id='word_1_155' title='bbox 1144 1577 1213 1617; x_wconf 86' lang='lat' dir='ltr'>exce</span> <span class='ocrx_word' id='word_1_156' title='bbox 1234 1575 1280 1615; x_wconf 88' lang='lat' dir='ltr'>tae</span> <span class='ocrx_word' id='word_1_157' title='bbox 1299 1560 1367 1628; x_wconf 90' lang='lat' dir='ltr'>sint,</span> 
     </span>
     <span class='ocr_line' id='line_1_42' title="bbox 277 1578 1367 1705; baseline 0.002 -21"><span class='ocrx_word' id='word_1_158' title='bbox 277 1630 447 1701; x_wconf 90' lang='lat' dir='ltr'>praesertim</span> <span class='ocrx_word' id='word_1_159' title='bbox 465 1632 503 1689; x_wconf 92' lang='lat' dir='ltr'>ab</span> <span class='ocrx_word' id='word_1_160' title='bbox 520 1631 671 1704; x_wconf 90' lang='lat' dir='ltr'>Episcopis</span> <span class='ocrx_word' id='word_1_161' title='bbox 690 1644 718 1687; x_wconf 90' lang='lat' dir='ltr'>et</span> <span class='ocrx_word' id='word_1_162' title='bbox 732 1633 968 1689; x_wconf 87' lang='lat' dir='ltr'>moderatoribus</span> <span class='ocrx_word' id='word_1_163' title='bbox 986 1633 1193 1705; x_wconf 91' lang='lat' dir='ltr'>religiosorum</span> <span class='ocrx_word' id='word_1_164' title='bbox 1208 1578 1367 1687; x_wconf 57' lang='lat' dir='ltr'>gedinam.</span> 
     </span>
     <span class='ocr_line' id='line_1_43' title="bbox 279 1700 1368 1777; baseline 0.001 -21"><span class='ocrx_word' id='word_1_165' title='bbox 279 1701 411 1758; x_wconf 84' lang='lat' dir='ltr'>Excitato</span> <span class='ocrx_word' id='word_1_166' title='bbox 424 1701 492 1757; x_wconf 90' lang='lat' dir='ltr'>inde</span> <span class='ocrx_word' id='word_1_167' title='bbox 506 1702 603 1758; x_wconf 93' lang='lat' dir='ltr'>studio</span> <span class='ocrx_word' id='word_1_168' title='bbox 618 1704 758 1759; x_wconf 88' lang='lat' dir='ltr'>fovendae</span> <span class='ocrx_word' id='word_1_169' title='bbox 777 1704 903 1777; x_wconf 87' lang='lat' dir='ltr'>pietatis,</span> <span class='ocrx_word' id='word_1_170' title='bbox 926 1705 1093 1777; x_wconf 91' lang='lat' dir='ltr'>quaesitum</span> <span class='ocrx_word' id='word_1_171' title='bbox 1113 1716 1165 1771; x_wconf 90' lang='lat' dir='ltr'>est,</span> <span class='ocrx_word' id='word_1_172' title='bbox 1180 1704 1204 1758; x_wconf 89' lang='lat' dir='ltr'>si</span> <span class='ocrx_word' id='word_1_173' title='bbox 1220 1718 1280 1775; x_wconf 93' lang='lat' dir='ltr'>quo</span> <span class='ocrx_word' id='word_1_174' title='bbox 1292 1700 1368 1757; x_wconf 86' lang='lat' dir='ltr'>forte</span> 
     </span>
     <span class='ocr_line' id='line_1_44' title="bbox 276 1773 1369 1847; baseline 0 -20"><span class='ocrx_word' id='word_1_175' title='bbox 276 1774 367 1830; x_wconf 90' lang='lat' dir='ltr'>modo</span> <span class='ocrx_word' id='word_1_176' title='bbox 391 1773 506 1830; x_wconf 89' lang='lat' dir='ltr'>consuli</span> <span class='ocrx_word' id='word_1_177' title='bbox 531 1786 629 1846; x_wconf 88' lang='lat' dir='ltr'>posset</span> <span class='ocrx_word' id='word_1_178' title='bbox 652 1775 777 1847; x_wconf 81' lang='lat' dir='ltr'>aegrotis</span> <span class='ocrx_word' id='word_1_179' title='bbox 807 1776 949 1831; x_wconf 91' lang='lat' dir='ltr'>diuturno</span> <span class='ocrx_word' id='word_1_180' title='bbox 975 1776 1080 1831; x_wconf 91' lang='lat' dir='ltr'>morbo</span> <span class='ocrx_word' id='word_1_181' title='bbox 1111 1773 1312 1831; x_wconf 89' lang='lat' dir='ltr'>laborantibus</span> <span class='ocrx_word' id='word_1_182' title='bbox 1338 1784 1369 1828; x_wconf 92' lang='lat' dir='ltr'>et</span> 
     </span>
     <span class='ocr_line' id='line_1_45' title="bbox 277 1844 1369 1920; baseline -0.001 -20"><span class='ocrx_word' id='word_1_183' title='bbox 277 1845 468 1901; x_wconf 87' lang='lat' dir='ltr'>eucharistico</span> <span class='ocrx_word' id='word_1_184' title='bbox 488 1846 566 1901; x_wconf 88' lang='lat' dir='ltr'>Pane</span> <span class='ocrx_word' id='word_1_185' title='bbox 585 1845 664 1902; x_wconf 91' lang='lat' dir='ltr'>haud</span> <span class='ocrx_word' id='word_1_186' title='bbox 684 1847 774 1901; x_wconf 89' lang='lat' dir='ltr'>semel</span> <span class='ocrx_word' id='word_1_187' title='bbox 788 1847 947 1903; x_wconf 87' lang='lat' dir='ltr'>confortari</span> <span class='ocrx_word' id='word_1_188' title='bbox 960 1846 1153 1920; x_wconf 88' lang='lat' dir='ltr'>cupientibus,</span> <span class='ocrx_word' id='word_1_189' title='bbox 1170 1846 1222 1918; x_wconf 90' lang='lat' dir='ltr'>qui</span> <span class='ocrx_word' id='word_1_190' title='bbox 1235 1844 1369 1911; x_wconf 82' lang='lat' dir='ltr'>naturale</span> 
     </span>
     <span class='ocr_line' id='line_1_46' title="bbox 277 1915 1368 1989; baseline -0.001 -20"><span class='ocrx_word' id='word_1_191' title='bbox 277 1915 419 1972; x_wconf 90' lang='lat' dir='ltr'>ieiunium</span> <span class='ocrx_word' id='word_1_192' title='bbox 439 1916 469 1970; x_wconf 94' lang='lat' dir='ltr'>in</span> <span class='ocrx_word' id='word_1_193' title='bbox 491 1934 543 1972; x_wconf 88' lang='lat' dir='ltr'>sua</span> <span class='ocrx_word' id='word_1_194' title='bbox 562 1917 736 1989; x_wconf 86' lang='lat' dir='ltr'>integritate·</span> <span class='ocrx_word' id='word_1_195' title='bbox 747 1935 861 1974; x_wconf 89' lang='lat' dir='ltr'>servare</span> <span class='ocrx_word' id='word_1_196' title='bbox 884 1931 1043 1989; x_wconf 87' lang='lat' dir='ltr'>nequeant.</span> <span class='ocrx_word' id='word_1_197' title='bbox 1060 1919 1159 1983; x_wconf 89' lang='lat' dir='ltr'>Quare</span> <span class='ocrx_word' id='word_1_198' title='bbox 1170 1916 1317 1989; x_wconf 91' lang='lat' dir='ltr'>supplices</span> <span class='ocrx_word' id='word_1_199' title='bbox 1329 1917 1368 1988; x_wconf 80' lang='lat' dir='ltr'>ad</span> 
     </span>
     <span class='ocr_line' id='line_1_47' title="bbox 276 1986 1370 2061; baseline -0.001 -19"><span class='ocrx_word' id='word_1_200' title='bbox 276 1986 332 2043; x_wconf 91' lang='lat' dir='ltr'>hoc</span> <span class='ocrx_word' id='word_1_201' title='bbox 353 2004 452 2061; x_wconf 87' lang='lat' dir='ltr'>preces</span> <span class='ocrx_word' id='word_1_202' title='bbox 471 1988 583 2044; x_wconf 90' lang='lat' dir='ltr'>delatae</span> <span class='ocrx_word' id='word_1_203' title='bbox 605 2001 673 2045; x_wconf 92' lang='lat' dir='ltr'>sunt</span> <span class='ocrx_word' id='word_1_204' title='bbox 688 1989 772 2045; x_wconf 82' lang='lat' dir='ltr'><strong>-SSm0</strong></span> <span class='ocrx_word' id='word_1_205' title='bbox 793 1992 828 2046; x_wconf 91' lang='lat' dir='ltr'>D.</span> <span class='ocrx_word' id='word_1_206' title='bbox 854 1992 892 2045; x_wconf 91' lang='lat' dir='ltr'>N.</span> <span class='ocrx_word' id='word_1_207' title='bbox 918 1990 972 2045; x_wconf 88' lang='lat' dir='ltr'>Pio</span> <span class='ocrx_word' id='word_1_208' title='bbox 993 1991 1051 2044; x_wconf 85' lang='lat' dir='ltr'><strong>PP.</strong></span> <span class='ocrx_word' id='word_1_209' title='bbox 1066 1990 1111 2056; x_wconf 90' lang='grc' dir='ltr'>Χ;</span> <span class='ocrx_word' id='word_1_210' title='bbox 1133 1988 1194 2061; x_wconf 91' lang='lat' dir='ltr'>qui,</span> <span class='ocrx_word' id='word_1_211' title='bbox 1208 2005 1240 2044; x_wconf 90' lang='lat' dir='ltr'>re</span> <span class='ocrx_word' id='word_1_212' title='bbox 1252 1999 1370 2042; x_wconf 89' lang='lat' dir='ltr'>mature</span> 
     </span>
     <span class='ocr_line' id='line_1_48' title="bbox 276 2058 1370 2134; baseline -0.002 -19"><span class='ocrx_word' id='word_1_213' title='bbox 276 2075 417 2133; x_wconf 88' lang='lat' dir='ltr'>perpensa</span> <span class='ocrx_word' id='word_1_214' title='bbox 440 2060 601 2132; x_wconf 91' lang='lat' dir='ltr'>auditoque</span> <span class='ocrx_word' id='word_1_215' title='bbox 626 2061 752 2117; x_wconf 89' lang='lat' dir='ltr'>consilio</span> <span class='ocrx_word' id='word_1_216' title='bbox 774 2062 804 2117; x_wconf 83' lang='lat' dir='ltr'><strong>S.</strong></span> <span class='ocrx_word' id='word_1_217' title='bbox 820 2061 1062 2134; x_wconf 85' lang='lat' dir='ltr'>Congregationis</span> <span class='ocrx_word' id='word_1_218' title='bbox 1082 2059 1217 2124; x_wconf 80' lang='lat' dir='ltr'>Consilii,</span> <span class='ocrx_word' id='word_1_219' title='bbox 1241 2058 1370 2128; x_wconf 89' lang='lat' dir='ltr'>benigne</span> 
     </span>
     <span class='ocr_line' id='line_1_49' title="bbox 275 2130 1370 2203; baseline -0.004 -16"><span class='ocrx_word' id='word_1_220' title='bbox 275 2132 417 2188; x_wconf 88' lang='lat' dir='ltr'>concessit</span> <span class='ocrx_word' id='word_1_221' title='bbox 437 2144 471 2188; x_wconf 93' lang='lat' dir='ltr'>ut</span> <span class='ocrx_word' id='word_1_222' title='bbox 492 2130 601 2186; x_wconf 90' lang='lat' dir='ltr'>infirmi</span> <span class='ocrx_word' id='word_1_223' title='bbox 623 2132 674 2203; x_wconf 91' lang='lat' dir='ltr'>qui</span> <span class='ocrx_word' id='word_1_224' title='bbox 695 2133 755 2187; x_wconf 89' lang='lat' dir='ltr'>iam</span> <span class='ocrx_word' id='word_1_225' title='bbox 777 2151 794 2187; x_wconf 91' lang='lat' dir='ltr'>a</span> <span class='ocrx_word' id='word_1_226' title='bbox 817 2149 918 2189; x_wconf 91' lang='lat' dir='ltr'>mense</span> <span class='ocrx_word' id='word_1_227' title='bbox 942 2132 1150 2188; x_wconf 89' lang='lat' dir='ltr'>decumberent</span> <span class='ocrx_word' id='word_1_228' title='bbox 1162 2132 1273 2203; x_wconf 91' lang='lat' dir='ltr'>absque</span> <span class='ocrx_word' id='word_1_229' title='bbox 1289 2141 1370 2184; x_wconf 89' lang='lat' dir='ltr'>certa</span> 
     </span>
     <span class='ocr_line' id='line_1_50' title="bbox 275 2201 1369 2275; baseline -0.004 -17"><span class='ocrx_word' id='word_1_230' title='bbox 275 2220 325 2275; x_wconf 92' lang='lat' dir='ltr'>spe</span> <span class='ocrx_word' id='word_1_231' title='bbox 339 2213 371 2258; x_wconf 92' lang='lat' dir='ltr'>ut</span> <span class='ocrx_word' id='word_1_232' title='bbox 380 2204 442 2259; x_wconf 89' lang='lat' dir='ltr'>cito</span> <span class='ocrx_word' id='word_1_233' title='bbox 453 2202 665 2273; x_wconf 84' lang='lat' dir='ltr'>convalescant,</span> <span class='ocrx_word' id='word_1_234' title='bbox 677 2205 712 2259; x_wconf 92' lang='lat' dir='ltr'>de</span> <span class='ocrx_word' id='word_1_235' title='bbox 722 2203 892 2260; x_wconf 85' lang='lat' dir='ltr'>confessarii</span> <span class='ocrx_word' id='word_1_236' title='bbox 904 2204 1026 2260; x_wconf 91' lang='lat' dir='ltr'>consilio</span> <span class='ocrx_word' id='word_1_237' title='bbox 1039 2203 1141 2257; x_wconf 70' lang='lat' dir='ltr'>SSm</span> <span class='ocrx_word' id='word_1_238' title='bbox 1151 2201 1369 2259; x_wconf 88' lang='lat' dir='ltr'>Eucharistiam</span> 
     </span>
     <span class='ocr_line' id='line_1_51' title="bbox 275 2270 1370 2348; baseline -0.004 -19"><span class='ocrx_word' id='word_1_239' title='bbox 275 2292 390 2330; x_wconf 91' lang='lat' dir='ltr'>sumere</span> <span class='ocrx_word' id='word_1_240' title='bbox 403 2276 516 2348; x_wconf 90' lang='lat' dir='ltr'>possint</span> <span class='ocrx_word' id='word_1_241' title='bbox 531 2274 620 2330; x_wconf 90' lang='lat' dir='ltr'>semel</span> <span class='ocrx_word' id='word_1_242' title='bbox 635 2288 685 2330; x_wconf 90' lang='lat' dir='ltr'>aut</span> <span class='ocrx_word' id='word_1_243' title='bbox 704 2276 749 2331; x_wconf 92' lang='lat' dir='ltr'>bis</span> <span class='ocrx_word' id='word_1_244' title='bbox 761 2274 792 2329; x_wconf 94' lang='lat' dir='ltr'>in</span> <span class='ocrx_word' id='word_1_245' title='bbox 805 2276 999 2343; x_wconf 91' lang='lat' dir='ltr'>hebdomada,</span> <span class='ocrx_word' id='word_1_246' title='bbox 1020 2273 1043 2329; x_wconf 92' lang='lat' dir='ltr'>si</span> <span class='ocrx_word' id='word_1_247' title='bbox 1065 2286 1168 2345; x_wconf 90' lang='lat' dir='ltr'>agatur</span> <span class='ocrx_word' id='word_1_248' title='bbox 1186 2274 1222 2328; x_wconf 93' lang='lat' dir='ltr'>de</span> <span class='ocrx_word' id='word_1_249' title='bbox 1240 2270 1370 2326; x_wconf 88' lang='lat' dir='ltr'>infirmis</span> 
     </span>
     <span class='ocr_line' id='line_1_52' title="bbox 275 2344 1367 2418; baseline -0.005 -17"><span class='ocrx_word' id='word_1_250' title='bbox 275 2346 324 2418; x_wconf 93' lang='lat' dir='ltr'>qui</span> <span class='ocrx_word' id='word_1_251' title='bbox 348 2346 458 2417; x_wconf 90' lang='lat' dir='ltr'>degunt</span> <span class='ocrx_word' id='word_1_252' title='bbox 480 2346 510 2400; x_wconf 89' lang='lat' dir='ltr'>in</span> <span class='ocrx_word' id='word_1_253' title='bbox 532 2344 587 2418; x_wconf 91' lang='lat' dir='ltr'>piis</span> <span class='ocrx_word' id='word_1_254' title='bbox 606 2346 753 2413; x_wconf 66' lang='lat' dir='ltr'>domibus</span> <span class='ocrx_word' id='word_1_255' title='bbox 769 2348 821 2403; x_wconf 91' lang='lat' dir='ltr'>ubi</span> <span class='ocrx_word' id='word_1_256' title='bbox 837 2348 939 2403; x_wconf 76' lang='lat' dir='ltr'>SSmum</span> <span class='ocrx_word' id='word_1_257' title='bbox 951 2347 1174 2402; x_wconf 86' lang='lat' dir='ltr'>Sacramentum</span> <span class='ocrx_word' id='word_1_258' title='bbox 1192 2355 1367 2403; x_wconf 87' lang='lat' dir='ltr'>asservatur,</span> 
     </span>
     <span class='ocr_line' id='line_1_53' title="bbox 275 2413 1367 2490; baseline -0.005 -17"><span class='ocrx_word' id='word_1_259' title='bbox 275 2427 326 2473; x_wconf 89' lang='lat' dir='ltr'>aut</span> <span class='ocrx_word' id='word_1_260' title='bbox 338 2416 490 2490; x_wconf 91' lang='lat' dir='ltr'>privilegio</span> <span class='ocrx_word' id='word_1_261' title='bbox 504 2417 642 2473; x_wconf 86' lang='lat' dir='ltr'>fruuntur</span> <span class='ocrx_word' id='word_1_262' title='bbox 652 2418 856 2475; x_wconf 90' lang='lat' dir='ltr'>celebrationis</span> <span class='ocrx_word' id='word_1_263' title='bbox 871 2419 980 2474; x_wconf 90' lang='lat' dir='ltr'>Missae</span> <span class='ocrx_word' id='word_1_264' title='bbox 992 2418 1022 2473; x_wconf 95' lang='lat' dir='ltr'>in</span> <span class='ocrx_word' id='word_1_265' title='bbox 1033 2416 1170 2474; x_wconf 89' lang='lat' dir='ltr'>Oratorio</span> <span class='ocrx_word' id='word_1_266' title='bbox 1183 2413 1348 2472; x_wconf 89' lang='lat' dir='ltr'>domestico</span> <span class='ocrx_word' id='word_1_267' title='bbox 1360 2435 1367 2481; x_wconf 89' lang='grc'>;</span> 
     </span>
     <span class='ocr_line' id='line_1_54' title="bbox 275 2486 1370 2562; baseline -0.006 -16"><span class='ocrx_word' id='word_1_268' title='bbox 275 2491 364 2546; x_wconf 87' lang='lat' dir='ltr'>semel</span> <span class='ocrx_word' id='word_1_269' title='bbox 384 2505 453 2544; x_wconf 91' lang='lat' dir='ltr'>vero</span> <span class='ocrx_word' id='word_1_270' title='bbox 473 2502 523 2544; x_wconf 90' lang='lat' dir='ltr'>aut</span> <span class='ocrx_word' id='word_1_271' title='bbox 536 2489 622 2544; x_wconf 90' lang='lat' dir='ltr'>bisin</span> <span class='ocrx_word' id='word_1_272' title='bbox 635 2505 735 2545; x_wconf 88' lang='lat' dir='ltr'>mense</span> <span class='ocrx_word' id='word_1_273' title='bbox 748 2504 803 2561; x_wconf 90' lang='lat' dir='ltr'>pro</span> <span class='ocrx_word' id='word_1_274' title='bbox 815 2489 946 2562; x_wconf 90' lang='lat' dir='ltr'>reliquis,</span> <span class='ocrx_word' id='word_1_275' title='bbox 967 2490 1020 2546; x_wconf 88' lang='lat' dir='ltr'>etsi</span> <span class='ocrx_word' id='word_1_276' title='bbox 1039 2489 1151 2560; x_wconf 90' lang='lat' dir='ltr'>aliquid</span> <span class='ocrx_word' id='word_1_277' title='bbox 1173 2502 1225 2558; x_wconf 91' lang='lat' dir='ltr'>per</span> <span class='ocrx_word' id='word_1_278' title='bbox 1240 2486 1370 2541; x_wconf 91' lang='lat' dir='ltr'>modum</span> 
     </span>
     <span class='ocr_line' id='line_1_55' title="bbox 274 2559 1369 2634; baseline -0.005 -17"><span class='ocrx_word' id='word_1_279' title='bbox 274 2572 361 2634; x_wconf 90' lang='lat' dir='ltr'>potus</span> <span class='ocrx_word' id='word_1_280' title='bbox 373 2573 459 2617; x_wconf 89' lang='lat' dir='ltr'>antea</span> <span class='ocrx_word' id='word_1_281' title='bbox 472 2561 658 2630; x_wconf 86' lang='lat' dir='ltr'>sumpserint,</span> <span class='ocrx_word' id='word_1_282' title='bbox 672 2563 791 2617; x_wconf 90' lang='lat' dir='ltr'>servatis</span> <span class='ocrx_word' id='word_1_283' title='bbox 803 2563 838 2618; x_wconf 92' lang='lat' dir='ltr'>de</span> <span class='ocrx_word' id='word_1_284' title='bbox 849 2576 946 2619; x_wconf 91' lang='lat' dir='ltr'>cetero</span> <span class='ocrx_word' id='word_1_285' title='bbox 959 2560 1067 2634; x_wconf 87' lang='lat' dir='ltr'>regulis</span> <span class='ocrx_word' id='word_1_286' title='bbox 1079 2578 1097 2615; x_wconf 91' lang='lat' dir='ltr'>a</span> <span class='ocrx_word' id='word_1_287' title='bbox 1109 2559 1217 2616; x_wconf 90' lang='lat' dir='ltr'>Rituali</span> <span class='ocrx_word' id='word_1_288' title='bbox 1228 2559 1369 2613; x_wconf 90' lang='lat' dir='ltr'>Romano</span> 
     </span>
     <span class='ocr_line' id='line_1_56' title="bbox 275 2629 1370 2706; baseline -0.005 -17"><span class='ocrx_word' id='word_1_289' title='bbox 275 2643 331 2689; x_wconf 91' lang='lat' dir='ltr'>eta</span> <span class='ocrx_word' id='word_1_290' title='bbox 346 2633 376 2688; x_wconf 84' lang='lat' dir='ltr'><strong>S.</strong></span> <span class='ocrx_word' id='word_1_291' title='bbox 400 2632 521 2688; x_wconf 89' lang='lat' dir='ltr'>Rituum</span> <span class='ocrx_word' id='word_1_292' title='bbox 539 2631 774 2705; x_wconf 89' lang='lat' dir='ltr'>Congregatione</span> <span class='ocrx_word' id='word_1_293' title='bbox 796 2636 832 2689; x_wconf 94' lang='lat' dir='ltr'>ad</span> <span class='ocrx_word' id='word_1_294' title='bbox 855 2651 919 2690; x_wconf 88' lang='lat' dir='ltr'>rem</span> <span class='ocrx_word' id='word_1_295' title='bbox 939 2633 1133 2706; x_wconf 87' lang='lat' dir='ltr'>praescriptis.</span> <span class='ocrx_word' id='word_1_296' title='bbox 1160 2629 1370 2685; x_wconf 87' lang='lat' dir='ltr'>Praesentibus</span> 
     </span>
     <span class='ocr_line' id='line_1_57' title="bbox 274 2703 1152 2777; baseline -0.005 -15"><span class='ocrx_word' id='word_1_297' title='bbox 274 2704 414 2772; x_wconf 89' lang='lat' dir='ltr'>valituris,</span> <span class='ocrx_word' id='word_1_298' title='bbox 431 2703 583 2760; x_wconf 91' lang='lat' dir='ltr'>contrariis</span> <span class='ocrx_word' id='word_1_299' title='bbox 597 2705 778 2777; x_wconf 87' lang='lat' dir='ltr'>quibuslibet</span> <span class='ocrx_word' id='word_1_300' title='bbox 790 2723 851 2760; x_wconf 92' lang='lat' dir='ltr'>non</span> <span class='ocrx_word' id='word_1_301' title='bbox 864 2704 1058 2762; x_wconf 86' lang='lat' dir='ltr'>obstantibus.</span> <span class='ocrx_word' id='word_1_302' title='bbox 1150 2718 1152 2722; x_wconf 78' lang='grc'>’</span> 
     </span>
    </p>
   </div>
   <div class='ocr_carea' id='block_1_11' title="bbox 482 2794 1331 2949">
    <p class='ocr_par' dir='ltr' id='par_1_12' title="bbox 482 2794 1331 2949">
     <span class='ocr_line' id='line_1_58' title="bbox 482 2794 1331 2872; baseline -0.008 -18"><span class='ocrx_word' id='word_1_303' title='bbox 482 2801 671 2870; x_wconf 79' lang='lat' dir='ltr'>Vtucaurrus,</span> <span class='ocrx_word' id='word_1_304' title='bbox 689 2801 775 2856; x_wconf 90' lang='lat' dir='ltr'>Card.</span> <span class='ocrx_word' id='word_1_305' title='bbox 793 2800 889 2872; x_wconf 88' lang='lat' dir='ltr'>Episc.</span> <span class='ocrx_word' id='word_1_306' title='bbox 909 2797 1124 2864; x_wconf 84' lang='lat' dir='ltr'>Praenestinus,</span> <span class='ocrx_word' id='word_1_307' title='bbox 1139 2794 1331 2865; x_wconf 77' lang='lat' dir='ltr'>Praefectus.</span> 
     </span>
     <span class='ocr_line' id='line_1_59' title="bbox 824 2878 1244 2949; baseline -0.017 -10"><span class='ocrx_word' id='word_1_308' title='bbox 824 2883 857 2939; x_wconf 88' lang='lat' dir='ltr'>C.</span> <span class='ocrx_word' id='word_1_309' title='bbox 874 2884 922 2938; x_wconf 89' lang='lat' dir='ltr'>De</span> <span class='ocrx_word' id='word_1_310' title='bbox 935 2883 1007 2949; x_wconf 84' lang='lat' dir='ltr'>Lai,</span> <span class='ocrx_word' id='word_1_311' title='bbox 1022 2878 1220 2936; x_wconf 85' lang='lat' dir='ltr'>Secretarius.</span> <span class='ocrx_word' id='word_1_312' title='bbox 1241 2923 1244 2926; x_wconf 89' lang='lat'><strong>.</strong></span> 
     </span>
    </p>
   </div>
   <div class='ocr_carea' id='block_1_12' title="bbox 705 3006 932 3058">
    <p class='ocr_par' dir='ltr' id='par_1_13' title="bbox 705 3006 932 3058">
     <span class='ocr_line' id='line_1_60' title="bbox 705 3006 932 3058; baseline -0.004 0"><span class='ocrx_word' id='word_1_313' title='bbox 705 3006 932 3058; x_wconf 75' lang='lat' dir='ltr'>Auuorarronas</span> 
     </span>
    </p>
   </div>
   <div class='ocr_carea' id='block_1_13' title="bbox 265 3103 1368 3967">
    <p class='ocr_par' dir='ltr' id='par_1_14' title="bbox 271 3103 1368 3257">
     <span class='ocr_line' id='line_1_61' title="bbox 311 3103 1368 3185; baseline -0.01 -18"><span class='ocrx_word' id='word_1_314' title='bbox 311 3131 333 3169; x_wconf 86' lang='lat'><strong>1.</strong></span> <span class='ocrx_word' id='word_1_315' title='bbox 358 3116 391 3168; x_wconf 92' lang='lat' dir='ltr'>ln</span> <span class='ocrx_word' id='word_1_316' title='bbox 413 3121 505 3169; x_wconf 87' lang='lat' dir='ltr'>novae</span> <span class='ocrx_word' id='word_1_317' title='bbox 525 3111 634 3184; x_wconf 90' lang='lat' dir='ltr'>gratiae</span> <span class='ocrx_word' id='word_1_318' title='bbox 656 3111 838 3185; x_wconf 85' lang='lat' dir='ltr'>praefatione</span> <span class='ocrx_word' id='word_1_319' title='bbox 859 3121 1062 3167; x_wconf 88' lang='lat' dir='ltr'>memorantur</span> <span class='ocrx_word' id='word_1_320' title='bbox 1083 3107 1170 3179; x_wconf 87' lang='lat' dir='ltr'>plura</span> <span class='ocrx_word' id='word_1_321' title='bbox 1193 3119 1269 3176; x_wconf 87' lang='lat' dir='ltr'>quae</span> <span class='ocrx_word' id='word_1_322' title='bbox 1293 3103 1368 3158; x_wconf 70' lang='lat'>85⁰⁸</span> 
     </span>
     <span class='ocr_line' id='line_1_62' title="bbox 271 3179 1253 3257; baseline -0.014 -15"><span class='ocrx_word' id='word_1_323' title='bbox 271 3189 340 3242; x_wconf 72' lang='lat' dir='ltr'>Dru·</span> <span class='ocrx_word' id='word_1_324' title='bbox 351 3185 418 3241; x_wconf 87' lang='lat' dir='ltr'>fecit</span> <span class='ocrx_word' id='word_1_325' title='bbox 430 3184 466 3239; x_wconf 92' lang='lat' dir='ltr'>ad</span> <span class='ocrx_word' id='word_1_326' title='bbox 481 3183 704 3257; x_wconf 91' lang='lat' dir='ltr'>propagandum</span> <span class='ocrx_word' id='word_1_327' title='bbox 722 3183 885 3239; x_wconf 88' lang='lat' dir='ltr'>cotidianae</span> <span class='ocrx_word' id='word_1_328' title='bbox 903 3179 1122 3238; x_wconf 90' lang='lat' dir='ltr'>communionis</span> <span class='ocrx_word' id='word_1_329' title='bbox 1143 3193 1231 3230; x_wconf 89' lang='lat' dir='ltr'>usum</span> <span class='ocrx_word' id='word_1_330' title='bbox 1246 3193 1253 3228; x_wconf 75' lang='grc' dir='ltr'>ε</span> 
     </span>
    </p>

    <p class='ocr_par' dir='ltr' id='par_1_15' title="bbox 268 3251 1365 3393">
     <span class='ocr_line' id='line_1_63' title="bbox 305 3251 1365 3327; baseline -0.014 -15"><span class='ocrx_word' id='word_1_331' title='bbox 305 3261 332 3326; x_wconf 77' lang='lat' dir='ltr'>a)</span> <span class='ocrx_word' id='word_1_332' title='bbox 354 3257 509 3312; x_wconf 89' lang='lat' dir='ltr'>Decretum</span> <span class='ocrx_word' id='word_1_333' title='bbox 524 3273 560 3310; x_wconf 88' lang='lat'>20</span> <span class='ocrx_word' id='word_1_334' title='bbox 575 3253 736 3311; x_wconf 88' lang='lat' dir='ltr'>decembris</span> <span class='ocrx_word' id='word_1_335' title='bbox 753 3256 829 3326; x_wconf 83' lang='lat'>1905,</span> <span class='ocrx_word' id='word_1_336' title='bbox 846 3255 926 3327; x_wconf 93' lang='lat' dir='ltr'>quod</span> <span class='ocrx_word' id='word_1_337' title='bbox 948 3252 1038 3307; x_wconf 90' lang='lat' dir='ltr'>habes</span> <span class='ocrx_word' id='word_1_338' title='bbox 1050 3251 1081 3305; x_wconf 91' lang='lat' dir='ltr'>in</span> <span class='ocrx_word' id='word_1_339' title='bbox 1099 3251 1275 3314; x_wconf 81' lang='lat' dir='ltr'>Pantourcrs,</span> <span class='ocrx_word' id='word_1_340' title='bbox 1296 3256 1319 3303; x_wconf 88' lang='lat' dir='ltr'>t.</span> <span class='ocrx_word' id='word_1_341' title='bbox 1335 3263 1365 3313; x_wconf 88' lang='lat'>2,</span> 
     </span>
     <span class='ocr_line' id='line_1_64' title="bbox 268 3328 1045 3393; baseline -0.012 -11"><span class='ocrx_word' id='word_1_342' title='bbox 268 3345 298 3383; x_wconf 91' lang='lat' dir='ltr'>n.</span> <span class='ocrx_word' id='word_1_343' title='bbox 314 3337 381 3393; x_wconf 91' lang='lat' dir='ltr'>11o,</span> <span class='ocrx_word' id='word_1_344' title='bbox 418 3328 484 3382; x_wconf 89' lang='lat'><strong>.66.</strong></span> <span class='ocrx_word' id='word_1_345' title='bbox 771 3339 775 3345; x_wconf 70' lang='grc'><strong>’</strong></span> <span class='ocrx_word' id='word_1_346' title='bbox 1043 3369 1045 3373; x_wconf 87' lang='grc'><em>.</em></span> 
     </span>
    </p>

    <p class='ocr_par' dir='ltr' id='par_1_16' title="bbox 265 3345 1366 3828">
     <span class='ocr_line' id='line_1_65' title="bbox 306 3345 1363 3470; baseline -0.013 -17"><span class='ocrx_word' id='word_1_347' title='bbox 306 3399 335 3469; x_wconf 83' lang='lat' dir='ltr'>b)</span> <span class='ocrx_word' id='word_1_348' title='bbox 350 3345 552 3470; x_wconf 54' lang='lat' dir='ltr'>lndirlgentiae</span> <span class='ocrx_word' id='word_1_349' title='bbox 564 3395 704 3452; x_wconf 90' lang='lat' dir='ltr'>orationis</span> <span class='ocrx_word' id='word_1_350' title='bbox 732 3413 787 3470; x_wconf 89' lang='lat' dir='ltr'>pro</span> <span class='ocrx_word' id='word_1_351' title='bbox 807 3395 973 3450; x_wconf 89' lang='lat' dir='ltr'>cotidianae</span> <span class='ocrx_word' id='word_1_352' title='bbox 984 3389 1204 3450; x_wconf 89' lang='lat' dir='ltr'>communionis</span> <span class='ocrx_word' id='word_1_353' title='bbox 1215 3402 1363 3468; x_wconf 72' lang='lat' dir='ltr'>propaga-</span> 
     </span>
     <span class='ocr_line' id='line_1_66' title="bbox 267 3459 1365 3544; baseline -0.013 -19"><span class='ocrx_word' id='word_1_354' title='bbox 267 3469 357 3539; x_wconf 89' lang='lat' dir='ltr'>tione,</span> <span class='ocrx_word' id='word_1_355' title='bbox 378 3486 464 3542; x_wconf 89' lang='lat' dir='ltr'>quae,</span> <span class='ocrx_word' id='word_1_356' title='bbox 480 3481 566 3523; x_wconf 90' lang='lat' dir='ltr'>antea</span> <span class='ocrx_word' id='word_1_357' title='bbox 580 3469 650 3535; x_wconf 88' lang='lat' dir='ltr'>iarn,</span> <span class='ocrx_word' id='word_1_358' title='bbox 676 3469 711 3523; x_wconf 85' lang='lat'>30</span> <span class='ocrx_word' id='word_1_359' title='bbox 731 3467 801 3522; x_wconf 90' lang='lat' dir='ltr'>maii</span> <span class='ocrx_word' id='word_1_360' title='bbox 828 3468 905 3538; x_wconf 83' lang='lat'>1905,</span> <span class='ocrx_word' id='word_1_361' title='bbox 933 3480 1096 3529; x_wconf 89' lang='lat' dir='ltr'>concessae,</span> <span class='ocrx_word' id='word_1_362' title='bbox 1110 3480 1145 3544; x_wconf 32' lang='lat' dir='ltr'>&#39;a</span> <span class='ocrx_word' id='word_1_363' title='bbox 1167 3459 1252 3540; x_wconf 79' lang='lat' dir='ltr'>nobis</span> <span class='ocrx_word' id='word_1_364' title='bbox 1275 3472 1365 3513; x_wconf 88' lang='lat' dir='ltr'>erant</span> 
     </span>
     <span class='ocr_line' id='line_1_67' title="bbox 267 3532 1364 3614; baseline -0.014 -18"><span class='ocrx_word' id='word_1_365' title='bbox 267 3540 496 3614; x_wconf 88' lang='lat' dir='ltr'>praetermissae.</span> <span class='ocrx_word' id='word_1_366' title='bbox 525 3539 602 3608; x_wconf 90' lang='lat' dir='ltr'>Quia</span> <span class='ocrx_word' id='word_1_367' title='bbox 621 3539 766 3611; x_wconf 90' lang='lat' dir='ltr'>praesenti</span> <span class='ocrx_word' id='word_1_368' title='bbox 791 3539 912 3594; x_wconf 91' lang='lat' dir='ltr'>Decreto</span> <span class='ocrx_word' id='word_1_369' title='bbox 933 3555 951 3592; x_wconf 91' lang='lat' dir='ltr'>a</span> <span class='ocrx_word' id='word_1_370' title='bbox 972 3539 1002 3593; x_wconf 89' lang='lat' dir='ltr'>S.</span> <span class='ocrx_word' id='word_1_371' title='bbox 1031 3532 1178 3612; x_wconf 37' lang='lat' dir='ltr'>Pontifice&#39;</span> <span class='ocrx_word' id='word_1_372' title='bbox 1199 3541 1274 3584; x_wconf 89' lang='lat' dir='ltr'>mter</span> <span class='ocrx_word' id='word_1_373' title='bbox 1294 3541 1364 3608; x_wconf 76' lang='lat' dir='ltr'>acta</span> 
     </span>
     <span class='ocr_line' id='line_1_68' title="bbox 267 3599 1366 3686; baseline -0.012 -19"><span class='ocrx_word' id='word_1_374' title='bbox 267 3624 477 3668; x_wconf 34' lang='lat' dir='ltr'>memorantur.</span> <span class='ocrx_word' id='word_1_375' title='bbox 491 3612 598 3682; x_wconf 89' lang='lat' dir='ltr'>quibus</span> <span class='ocrx_word' id='word_1_376' title='bbox 621 3610 806 3682; x_wconf 87' lang='lat' dir='ltr'>disciplinam</span> <span class='ocrx_word' id='word_1_377' title='bbox 827 3611 863 3664; x_wconf 94' lang='lat' dir='ltr'>de</span> <span class='ocrx_word' id='word_1_378' title='bbox 883 3609 913 3664; x_wconf 88' lang='lat' dir='ltr'>S.</span> <span class='ocrx_word' id='word_1_379' title='bbox 933 3607 1145 3686; x_wconf 79' lang='lat' dir='ltr'>communione</span> <span class='ocrx_word' id='word_1_380' title='bbox 1171 3620 1202 3658; x_wconf 84' lang='lat' dir='ltr'>tn</span> <span class='ocrx_word' id='word_1_381' title='bbox 1229 3599 1366 3655; x_wconf 77' lang='lat' dir='ltr'>Ecclesia</span> 
     </span>
     <span class='ocr_line' id='line_1_69' title="bbox 267 3672 1365 3757; baseline -0.014 -18"><span class='ocrx_word' id='word_1_382' title='bbox 267 3685 383 3757; x_wconf 90' lang='lat' dir='ltr'>penitus</span> <span class='ocrx_word' id='word_1_383' title='bbox 397 3683 508 3738; x_wconf 91' lang='lat' dir='ltr'>studuit</span> <span class='ocrx_word' id='word_1_384' title='bbox 521 3682 670 3748; x_wconf 91' lang='lat' dir='ltr'>innovare,</span> <span class='ocrx_word' id='word_1_385' title='bbox 686 3697 792 3752; x_wconf 89' lang='lat' dir='ltr'>operae</span> <span class='ocrx_word' id='word_1_386' title='bbox 806 3681 933 3752; x_wconf 89' lang='lat' dir='ltr'>pretium</span> <span class='ocrx_word' id='word_1_387' title='bbox 946 3681 1040 3735; x_wconf 90' lang='lat' dir='ltr'>visum</span> <span class='ocrx_word' id='word_1_388' title='bbox 1055 3689 1098 3733; x_wconf 88' lang='lat' dir='ltr'>est</span> <span class='ocrx_word' id='word_1_389' title='bbox 1111 3677 1175 3730; x_wconf 83' lang='lat' dir='ltr'>illas</span> <span class='ocrx_word' id='word_1_390' title='bbox 1188 3672 1278 3728; x_wconf 90' lang='lat' dir='ltr'>modo</span> <span class='ocrx_word' id='word_1_391' title='bbox 1291 3688 1365 3741; x_wconf 90' lang='lat' dir='ltr'>sup-</span> 
     </span>
     <span class='ocr_line' id='line_1_70' title="bbox 265 3751 1337 3828; baseline -0.005 -18"><span class='ocrx_word' id='word_1_392' title='bbox 265 3755 355 3828; x_wconf 90' lang='lat' dir='ltr'>plere.</span> <span class='ocrx_word' id='word_1_393' title='bbox 373 3756 470 3823; x_wconf 86' lang='lat' dir='ltr'>Quare</span> <span class='ocrx_word' id='word_1_394' title='bbox 482 3770 530 3808; x_wconf 91' lang='lat' dir='ltr'>eas</span> <span class='ocrx_word' id='word_1_395' title='bbox 543 3753 591 3808; x_wconf 90' lang='lat' dir='ltr'>hic</span> <span class='ocrx_word' id='word_1_396' title='bbox 602 3769 690 3828; x_wconf 89' lang='lat' dir='ltr'>supra</span> <span class='ocrx_word' id='word_1_397' title='bbox 704 3751 920 3823; x_wconf 79' lang='lat' dir='ltr'>exscripsimus,</span> <span class='ocrx_word' id='word_1_398' title='bbox 951 3804 954 3807; x_wconf 83' lang='lat'><strong>.</strong></span> <span class='ocrx_word' id='word_1_399' title='bbox 1331 3812 1337 3820; x_wconf 49' lang='lat'>‚</span> 
     </span>
    </p>

    <p class='ocr_par' dir='ltr' id='par_1_17' title="bbox 265 3814 1365 3967">
     <span class='ocr_line' id='line_1_71' title="bbox 302 3814 1363 3893; baseline -0.013 -12"><span class='ocrx_word' id='word_1_400' title='bbox 302 3829 328 3891; x_wconf 80' lang='lat' dir='ltr'>cl</span> <span class='ocrx_word' id='word_1_401' title='bbox 345 3827 501 3881; x_wconf 89' lang='lat' dir='ltr'>Decretum</span> <span class='ocrx_word' id='word_1_402' title='bbox 515 3825 605 3880; x_wconf 89' lang='lat' dir='ltr'>Urbis</span> <span class='ocrx_word' id='word_1_403' title='bbox 622 3834 651 3879; x_wconf 91' lang='lat' dir='ltr'>et</span> <span class='ocrx_word' id='word_1_404' title='bbox 665 3822 762 3889; x_wconf 91' lang='lat' dir='ltr'>Orbis,</span> <span class='ocrx_word' id='word_1_405' title='bbox 778 3822 835 3878; x_wconf 90' lang='lat' dir='ltr'>diei</span> <span class='ocrx_word' id='word_1_406' title='bbox 860 3840 891 3892; x_wconf 90' lang='lat'>14</span> <span class='ocrx_word' id='word_1_407' title='bbox 909 3821 1046 3877; x_wconf 87' lang='lat' dir='ltr'>februarii</span> <span class='ocrx_word' id='word_1_408' title='bbox 1070 3819 1147 3893; x_wconf 87' lang='lat'>1906,</span> <span class='ocrx_word' id='word_1_409' title='bbox 1164 3814 1256 3889; x_wconf 86' lang='lat' dir='ltr'>quod,</span> <span class='ocrx_word' id='word_1_410' title='bbox 1269 3825 1363 3868; x_wconf 87' lang='lat' dir='ltr'>terno</span> 
     </span>
     <span class='ocr_line' id='line_1_72' title="bbox 265 3893 1365 3967; baseline -0.013 -17"><span class='ocrx_word' id='word_1_411' title='bbox 265 3897 333 3953; x_wconf 90' lang='lat' dir='ltr'>loco</span> <span class='ocrx_word' id='word_1_412' title='bbox 354 3909 561 3964; x_wconf 90' lang='lat' dir='ltr'>memoratum,</span> <span class='ocrx_word' id='word_1_413' title='bbox 583 3895 727 3967; x_wconf 89' lang='lat' dir='ltr'>reperitur</span> <span class='ocrx_word' id='word_1_414' title='bbox 749 3895 781 3949; x_wconf 91' lang='lat' dir='ltr'>in</span> <span class='ocrx_word' id='word_1_415' title='bbox 802 3893 859 3949; x_wconf 91' lang='lat' dir='ltr'>hoc</span> <span class='ocrx_word' id='word_1_416' title='bbox 881 3907 964 3950; x_wconf 93' lang='lat' dir='ltr'>tomo</span> <span class='ocrx_word' id='word_1_417' title='bbox 988 3894 1222 3954; x_wconf 79' lang='lat' dir='ltr'>Pantonrcoauu,</span> <span class='ocrx_word' id='word_1_418' title='bbox 1245 3894 1365 3955; x_wconf 89' lang='lat' dir='ltr'>n.111,</span> 
     </span>
    </p>
   </div>
   <div class='ocr_carea' id='block_1_14' title="bbox 264 4023 1364 4394">
    <p class='ocr_par' dir='ltr' id='par_1_18' title="bbox 264 4023 1364 4394">
     <span class='ocr_line' id='line_1_73' title="bbox 301 4023 1364 4109; baseline -0.01 -16"><span class='ocrx_word' id='word_1_419' title='bbox 301 4057 327 4094; x_wconf 84' lang='lat' dir='ltr'>a.</span> <span class='ocrx_word' id='word_1_420' title='bbox 343 4040 427 4094; x_wconf 92' lang='lat' dir='ltr'>Nova</span> <span class='ocrx_word' id='word_1_421' title='bbox 440 4037 495 4094; x_wconf 87' lang='lat' dir='ltr'>ista</span> <span class='ocrx_word' id='word_1_422' title='bbox 516 4037 608 4109; x_wconf 92' lang='lat' dir='ltr'>gratia</span> <span class='ocrx_word' id='word_1_423' title='bbox 627 4053 765 4108; x_wconf 88' lang='lat' dir='ltr'>magnam</span> <span class='ocrx_word' id='word_1_424' title='bbox 784 4035 877 4091; x_wconf 91' lang='lat' dir='ltr'>movit</span> <span class='ocrx_word' id='word_1_425' title='bbox 896 4033 1143 4108; x_wconf 87' lang='lat' dir='ltr'>exspectationem</span> <span class='ocrx_word' id='word_1_426' title='bbox 1166 4040 1231 4102; x_wconf 92' lang='lat' dir='ltr'>post</span> <span class='ocrx_word' id='word_1_427' title='bbox 1248 4023 1364 4082; x_wconf 88' lang='lat' dir='ltr'>delibe-</span> 
     </span>
     <span class='ocr_line' id='line_1_74' title="bbox 265 4102 1250 4180; baseline -0.009 -15"><span class='ocrx_word' id='word_1_428' title='bbox 265 4111 409 4166; x_wconf 90' lang='lat' dir='ltr'>rationem</span> <span class='ocrx_word' id='word_1_429' title='bbox 423 4109 453 4168; x_wconf 78' lang='lat' dir='ltr'><strong>S.</strong></span> <span class='ocrx_word' id='word_1_430' title='bbox 469 4109 579 4179; x_wconf 92' lang='lat' dir='ltr'>Congr.</span> <span class='ocrx_word' id='word_1_431' title='bbox 597 4108 722 4163; x_wconf 87' lang='lat' dir='ltr'>Concilii</span> <span class='ocrx_word' id='word_1_432' title='bbox 737 4123 814 4179; x_wconf 92' lang='lat' dir='ltr'>quae</span> <span class='ocrx_word' id='word_1_433' title='bbox 826 4124 915 4179; x_wconf 91' lang='lat' dir='ltr'>supra</span> <span class='ocrx_word' id='word_1_434' title='bbox 934 4123 964 4164; x_wconf 93' lang='lat' dir='ltr'>n.</span> <span class='ocrx_word' id='word_1_435' title='bbox 980 4116 1040 4173; x_wconf 82' lang='lat'>155</span> <span class='ocrx_word' id='word_1_436' title='bbox 1055 4116 1097 4164; x_wconf 92' lang='lat' dir='ltr'>est</span> <span class='ocrx_word' id='word_1_437' title='bbox 1111 4102 1227 4180; x_wconf 34' lang='lat' dir='ltr'>relata..</span> <span class='ocrx_word' id='word_1_438' title='bbox 1244 4169 1250 4179; x_wconf 30' lang='lat'><strong><em>³</em></strong></span> 
     </span>
     <span class='ocr_line' id='line_1_75' title="bbox 300 4179 1360 4251; baseline -0.011 -15"><span class='ocrx_word' id='word_1_439' title='bbox 300 4183 326 4240; x_wconf 88' lang='lat'><strong>3.</strong></span> <span class='ocrx_word' id='word_1_440' title='bbox 345 4183 444 4238; x_wconf 86' lang='lat' dir='ltr'>Restat</span> <span class='ocrx_word' id='word_1_441' title='bbox 457 4191 490 4235; x_wconf 93' lang='lat' dir='ltr'>ut</span> <span class='ocrx_word' id='word_1_442' title='bbox 498 4180 616 4235; x_wconf 91' lang='lat' dir='ltr'>brevem</span> <span class='ocrx_word' id='word_1_443' title='bbox 626 4179 785 4249; x_wconf 91' lang='lat' dir='ltr'>praesentis</span> <span class='ocrx_word' id='word_1_444' title='bbox 794 4179 902 4234; x_wconf 89' lang='lat' dir='ltr'>decreti</span> <span class='ocrx_word' id='word_1_445' title='bbox 914 4192 1115 4251; x_wconf 91' lang='lat' dir='ltr'>proponamus</span> <span class='ocrx_word' id='word_1_446' title='bbox 1129 4184 1360 4249; x_wconf 74' lang='lat' dir='ltr'>exposruonem.</span> 
     </span>
     <span class='ocr_line' id='line_1_76' title="bbox 300 4245 1362 4325; baseline -0.011 -19"><span class='ocrx_word' id='word_1_447' title='bbox 300 4263 327 4322; x_wconf 78' lang='lat' dir='ltr'>a)</span> <span class='ocrx_word' id='word_1_448' title='bbox 346 4252 535 4321; x_wconf 82' lang='lat' dir='ltr'>Quibusnam·</span> <span class='ocrx_word' id='word_1_449' title='bbox 549 4251 656 4322; x_wconf 84' lang='lat' dir='ltr'>gratia</span> <span class='ocrx_word' id='word_1_450' title='bbox 679 4251 838 4325; x_wconf 62' lang='lat' dir='ltr'>efferatur:</span> <span class='ocrx_word' id='word_1_451' title='bbox 857 4281 891 4289; x_wconf 93' lang='lat'><em>-</em></span> <span class='ocrx_word' id='word_1_452' title='bbox 916 4249 1015 4304; x_wconf 89' lang='lat' dir='ltr'>Gratia</span> <span class='ocrx_word' id='word_1_453' title='bbox 1038 4245 1218 4314; x_wconf 89' lang='lat' dir='ltr'>conceditur,</span> <span class='ocrx_word' id='word_1_454' title='bbox 1235 4257 1300 4323; x_wconf 75' lang='lat' dir='ltr'>uon</span> <span class='ocrx_word' id='word_1_455' title='bbox 1317 4257 1362 4320; x_wconf 78' lang='lat' dir='ltr'>us</span> 
     </span>
     <span class='ocr_line' id='line_1_77' title="bbox 264 4317 1361 4394; baseline -0.008 -19"><span class='ocrx_word' id='word_1_456' title='bbox 264 4325 389 4394; x_wconf 87' lang='lat' dir='ltr'>aegrotis</span> <span class='ocrx_word' id='word_1_457' title='bbox 403 4321 453 4394; x_wconf 91' lang='lat' dir='ltr'>qui</span> <span class='ocrx_word' id='word_1_458' title='bbox 467 4322 497 4375; x_wconf 92' lang='lat' dir='ltr'>in</span> <span class='ocrx_word' id='word_1_459' title='bbox 517 4322 649 4392; x_wconf 90' lang='lat' dir='ltr'>periculo</span> <span class='ocrx_word' id='word_1_460' title='bbox 669 4321 770 4377; x_wconf 91' lang='lat' dir='ltr'>mortis</span> <span class='ocrx_word' id='word_1_461' title='bbox 794 4332 956 4389; x_wconf 89' lang='lat' dir='ltr'>versantur,</span> <span class='ocrx_word' id='word_1_462' title='bbox 977 4319 1087 4392; x_wconf 89' lang='lat' dir='ltr'>quippe</span> <span class='ocrx_word' id='word_1_463' title='bbox 1108 4317 1215 4390; x_wconf 93' lang='lat' dir='ltr'>quibus</span> <span class='ocrx_word' id='word_1_464' title='bbox 1233 4329 1293 4368; x_wconf 85' lang='lat' dir='ltr'>tam</span> <span class='ocrx_word' id='word_1_465' title='bbox 1318 4323 1361 4367; x_wconf 86' lang='lat' dir='ltr'>sit</span> 
     </span>
    </p>
   </div>
   <div class='ocr_carea' id='block_1_15' title="bbox 0 0 1484 4900">
    <p class='ocr_par' dir='ltr' id='par_1_19' title="bbox 0 0 1484 4900">
     <span class='ocr_line' id='line_1_78' title="bbox 0 0 1484 4900; baseline 0 3"><span class='ocrx_word' id='word_1_466' title='bbox 0 0 1484 4900; x_wconf 95' lang='lat' dir='ltr'> </span> 
     </span>
    </p>
   </div>
  </div>
 </body>
</html>
