2959 4900
301 363 361 424 tbi
739 356 940 418 surrentinum

300 523 418 578 demum
432 522 610 596 praefatione
629 523 735 580 decreti
753 524 793 578 Ut
804 522 912 592 debita,
927 523 977 579 ubi
999 522 1082 579 valde
1095 521 1233 578 diuturna
1246 521 1369 577 fundatio

301 593 406 649 dicitur
417 611 478 651 esse
491 612 544 665 pro
556 608 694 668 perpetua
707 595 851 652 habenda.
866 593 1084 651 Confirmamur
1097 592 1267 650 auctoritate
1283 594 1317 649 R.
1338 595 1369 653 D.

299 667 399 736 Maur,
416 666 464 722 De
475 666 584 731 Missa,
599 683 628 723 n.
644 668 689 722 61.

343 783 374 829 a.
400 762 586 831 Manuales
609 765 732 832 missae
749 764 875 847 suscipi
904 778 1096 852 nequeunt,
1114 783 1177 830 nec
1198 761 1318 850 positis
1341 759 1372 826 in

300 851 441 919 ecclesia
453 854 602 942 capsulis
615 854 769 942 peti,nisi
784 852 827 921 ab
840 853 950 941 iisqui
965 873 1063 940 pares
1075 851 1202 920 fuerint
1214 849 1373 919 oneribus

299 940 465 1009 omnibus
488 942 650 1023 ferendis,
668 943 703 1010 id
721 960 771 1010 est
787 943 848 1031 qui
860 941 1086 1033 probabiliter
1102 939 1236 1031 possint
1256 939 1373 1008 missas

299 1050 435 1116 omnes,
464 1051 526 1118 per
556 1052 592 1098 se
622 1036 676 1100 vel
706 1054 768 1116 per
798 1031 951 1100 subditos
982 1031 1188 1118 sacerdotes,
1222 1049 1372 1119 congruo

299 1135 455 1207 tempore
471 1120 655 1188 celebrare.
687 1123 763 1190 Nec
787 1141 959 1191 concursu
975 1122 1034 1210 qui
1060 1119 1099 1188 fit
1122 1119 1158 1187 in
1174 1118 1373 1187 celebriores

299 1208 458 1276 ecclesias
474 1208 527 1276 lex
543 1209 606 1278 ista
623 1211 765 1280 tollitur.
786 1211 841 1291 (C.
857 1211 995 1302 Nuper,
1011 1231 1046 1278 n.
1068 1209 1136 1291 51.)

334 1321 506 1394 Congruum
520 1322 593 1378 illud
607 1324 734 1397 spatium
748 1324 890 1397 imprimis
909 1336 951 1381 est
970 1324 1177 1397 quodcumque
1196 1321 1313 1378 formali
1331 1319 1373 1376 rri-

299 1392 451 1449 buentium
474 1395 691 1468 eleemosynam
719 1396 870 1452 voluntate
891 1395 1039 1463 delinitur,
1064 1393 1176 1452 etiarnsi
1198 1393 1316 1465 longius
1335 1392 1373 1447 vel

299 1463 413 1520 brevius
432 1464 517 1521 fuerit
537 1484 626 1539 quam
649 1469 729 1540 quod
749 1467 928 1524 celebrandis
952 1466 1046 1524 missis
1061 1465 1223 1540 praestituit
1238 1462 1374 1537 generalis

299 1535 409 1608 regula.
425 1536 495 1603 (Cfr.
512 1538 548 1593 de
562 1537 694 1611 longiore
709 1552 851 1613 tempore,
866 1539 899 1595 C.
916 1541 1029 1606 Nuper,
1045 1556 1075 1594 n.
1088 1539 1142 1609 483
1158 1538 1193 1593 de
1206 1536 1339 1608 longiore
1351 1548 1374 1590 er

299 1607 439 1676 breviore,
451 1609 528 1668 decr.
543 1608 584 1665 Ut
592 1610 698 1677 debita,
711 1629 740 1666 n.
754 1613 792 1682 3.)
802 1611 916 1667 Omissa
930 1611 984 1666 hac
994 1609 1109 1666 formali
1119 1609 1280 1676 voluntate,
1290 1623 1374 1686 onera

299 1679 454 1735 missarum
464 1681 646 1738 manualium
656 1696 741 1738 antea
751 1683 859 1738 assumi
869 1683 1040 1738 vetabantur
1050 1681 1106 1737 nisi
1119 1678 1246 1754 antiquis
1260 1692 1289 1736 et
1299 1695 1375 1735 novis

299 1749 432 1809 satisfieri
446 1764 558 1824 poterat
580 1754 661 1880 ιἠζνα
685 1755 832 1810 modicum
855 1765 975 1828 tempus,
1000 1753 1089 1826 quod,
1105 1751 1207 1808 saltem
1226 1767 1280 1824 pro
1303 1767 1375 1807 oom-

299 1821 452 1892 munitate,
468 1822 601 1895 intellege
623 1840 689 1880 atur
712 1826 793 1897 infra
817 1833 956 1883 mensem.
977 1826 1023 1893 (C.
1048 1826 1096 1881 Nu
1117 1841 1160 1893 er,
1184 1840 1214 1879 n.
1238 1843 1284 1896 47.
1301 1821 1374 1878 Decl.

299 1896 329 1951 S.
341 1893 449 1975 Congr.
464 1894 555 1951 Cone.
571 1899 580 1936 1
594 1896 625 1951 in
639 1898 809 1970 Fragurien.
825 1917 855 1971 19
865 1898 928 1954 dec.
947 1899 1028 1967 16303
1045 1897 1074 1952 in
1119 1911 1237 1953 esanen.
1256 1903 1373 1968 romart.

303 1968 438 2039 1639;1n
462 1967 661 2038 Regularium‚
688 1987 718 2042 ¹9
741 1968 805 2025 iulii
831 1969 907 2032 1655,
928 1970 1005 2042 apud
1029 1971 1218 2035 l'nruorrrur,
1235 1977 1266 2021 v⁰
1281 1965 1374 2028 Missa,

297 2038 350 2110 52,
362 2054 392 2094 n.
403 2039 541 2166 ilgunc
550 2057 618 2097 vero
632 2040 699 2096 stari
714 2053 807 2113 potest
821 2041 932 2097 normis
941 2041 1048 2097 decreti
1061 2041 1101 2096 Ut
1110 2039 1217 2108 debita,
1226 2039 1264 2095 de
1275 2037 1375 2110 quibus

298 2127 385 2182 supra
398 2126 427 2182 p.
479 2128 531 2180 ,n.
545 2130 574 2184 4.

342 2208 374 2275 3.
407 2209 464 2275 Ne
495 2207 631 2276 incaute
662 2209 788 2278 missae
821 2213 873 2278 vel
904 2225 1089 2299 perpetuae
1120 2209 1173 2276 vel
1202 2207 1376 2290 manuales

297 2295 528 2384 suscipiantur
558 2298 736 2377 dicendae,
763 2299 1005 2388 praescribitur
1032 2301 1142 2367 lorma
1174 2297 1376 2366 tabellarum
1449 2343 1450 2354 a

298 2402 329 2454 et
342 2384 512 2454 librorum
529 2386 571 2455 de
588 2389 719 2477 quibus
735 2389 835 2476 infra,
852 2411 885 2457 n.
910 2388 972 2458 IV.

501 2609 503 2612 .
562 2552 612 2621 Il.
638 2554 692 2624 De
716 2555 901 2622 missurum
926 2554 1119 2622 reductione

348 2714 374 2758 ι.
401 2690 453 2759 Ex
480 2690 522 2759 C.
541 2692 762 2779 Tridentin0,
789 2718 804 2761 s
846 2718 898 2784 24,
925 2717 996 2781 c.4
1023 2694 1076 2761 Dc
1103 2692 1374 2782 Reformatione,

301 2779 464 2868 Episcopi
481 2780 517 2847 in
534 2782 736 2850 dioecesana
753 2786 900 2872 synod0,
919 2802 951 2851 et
969 2784 1119 2851 abbates
1135 2804 1174 2850 ac
1196 2780 1376 2852 Genetales

298 2868 475 2937 Ordinum
502 2870 539 2937 in
555 2872 774 2959 generalibus
790 2873 948 2962 capitulis
975 2874 1167 2941 lacultarem
1184 2869 1376 2938 habuerunt

297 2979 403 3026 onera
426 2958 613 3027 reducendi
637 2962 837 3041 missarum,
852 2979 889 3029 ut
913 2962 1079 3030 omnibus
1096 2960 1212 3029 missis
1227 2975 1376 3047 congrua

296 3063 451 3116 maneret
466 3049 647 3117 retributio
665 3052 688 3117 ².
711 3052 805 3118 Huic
833 3052 1061 3120 Tridentinae
1089 3049 1272 3133 sanctioni,
1291 3064 1376 3143 quae

300 3136 482 3225 Episcopis
527 3159 621 3205 mere
660 3140 849 3226 pristinum
895 3141 1119 3209 conservabat
1156 3140 1225 3219 ius
1266 3136 1376 3203 noluit

300 3226 466 3293 Urbanus
489 3226 582 3294 Vlll
609 3231 661 3294 vel
696 3229 922 3298 Innocentius
949 3230 1020 3298 ΧΗ
1056 3242 1170 3318 aperte
1198 3228 1374 3315 derogare,

297 3315 355 3382 sed
370 3315 548 3402 prohibuit
561 3315 617 3400 (C.
636 3318 773 3408 Nuper,
791 3342 825 3385 n.
840 3325 876 3405 4)
892 3341 937 3387 ne
954 3321 1015 3388 hac
1029 3319 1185 3387 facultate
1201 3330 1376 3384 uterentur

297 3404 392 3492 quod
416 3405 457 3471 ad
487 3427 591 3471 onera
611 3433 623 3468 a
645 3425 722 3496 post
739 3409 780 3477 C.
800 3408 1047 3477 Tridentinum
1071 3406 1234 3497 imposita
1262 3420 1320 3473 aut
1342 3402 1376 3469 in

298 3494 418 3560 limine
446 3493 687 3564 fundationis3
717 3523 747 3574 a,
766 3520 918 3587 quorum
946 3520 1047 3566 causa
1074 3498 1116 3566 ad
1145 3517 1180 3564 se
1209 3491 1376 3563 revocavit

299 3581 336 3651 S.
355 3581 476 3651 Sedes.

326 3818 334 3852 ¹
350 3818 421 3865 Ante
438 3816 504 3865 istas
514 3816 711 3868 declarationes
730 3820 806 3867 fuere
823 3818 968 3879 scriptores
983 3820 1031 3881 qui
1042 3822 1106 3869 breve
1121 3823 1204 3881 tempus
1224 3814 1376 3877 acciperent

296 3882 364 3931 duos
378 3884 422 3932 vel
432 3886 486 3932 tres
494 3886 596 3934 annos!
613 3884 669 3933 Cir.
682 3886 956 3944 Scuuanzenunnrm
967 3888 986 3936 l.
999 3895 1021 3946 3,
1034 3892 1053 3946 t,
1070 3904 1106 3946 41,
1119 3900 1146 3936 n.
1165 3892 1216 3945 139.

323 3953 334 3986 2'
349 3949 405 3999 Cfr.
417 3951 680 4001 Scuuaszorunnsn
691 3954 709 4000 l.
722 3961 744 4009 s,
755 3958 774 4001 t.
786 3970 824 4011 41,
836 3967 863 4003 n.
877 3971 919 4013 144
930 3960 956 4002 et
968 3968 1007 4002 ss.

324 4015 441 4074 ³Idest,
452 4029 508 4065 non
518 4031 551 4065 ex
561 4017 739 4077 dispositione
748 4019 886 4069 testatoris
896 4021 939 4069 vel
956 4018 1140 4070 benefactoris
1148 4024 1226 4069 extra
1241 4016 1376 4069 fundatio-

296 4096 367 4140 nem,
383 4083 431 4133 sed
449 4083 477 4132 in
496 4083 557 4144 ipsa
574 4083 700 4133 beneficii
718 4084 921 4137 constitutione.
942 4089 1005 4136 Hoc
1025 4088 1099 4137 enim
1117 4099 1194 4141 casu.
1212 4085 1318 4135 accedit
1336 4084 1376 4132 vis

297 4148 432 4209 pactionis
449 4155 567 4201 mutuae,
586 4152 723 4211 integrum
737 4158 796 4201 erat
817 4153 993 4213 promissario
1015 4153 1138 4202 duriores
1157 4152 1294 4213 pactionis
1308 4154 1376 4213 leges

297 4229 441 4275 respuere:
454 4223 481 4265 et
500 4222 594 4266 contra
613 4216 779 4277 aequitatem
790 4218 868 4276 toret,
880 4225 941 4279 post
959 4220 1060 4269 laetam
1070 4220 1225 4279 pactionem
1240 4218 1332 4269 statim
1342 4216 1376 4266 ab

297 4280 356 4330 eius
366 4281 576 4332 condicionibus
585 4284 720 4343 recedere.
733 4286 834 4346 Quare,
844 4298 878 4333 ne
888 4284 1000 4346 quidem
1010 4299 1042 4334 ex
1050 4286 1081 4334 C.
1091 4284 1262 4344 Tridentium
1273 4284 1375 4335 videtur

298 4346 360 4396 talis
370 4347 493 4397 reductio
503 4348 643 4409 permissa.
656 4348 713 4399 Ctr.
725 4349 976 4411 Schmalzgrueber,
995 4350 1022 4401 h.
1035 4352 1052 4400 1.
1064 4364 1092 4400 n.
1106 4357 1155 4400 153.
