2959 4900
338 383 374 418 nn
389 383 532 419 urssarnu
547 379 684 419 ortnrttntrs
700 382 773 418 arun
791 379 949 417 nnrrotosos
1128 356 1187 418 109

100 517 185 599 (cfr.
201 516 414 617 exemplum,
432 517 534 584 ACTA
559 514 595 584 S.
618 514 783 602 Sentat.
805 539 858 617 27,
877 537 911 604 p.
930 513 1025 602 480.)
1044 510 1082 582 Si
1106 497 1188 580 vero

99 605 322 675 transferatur
337 627 412 694 tpsa
435 604 578 673 ecclesia
596 607 649 672 vel
672 619 938 689 monasterium,
957 601 1063 672 simul
1079 615 1188 670 trans·

99 695 251 764 fetentur
279 715 396 775 onera,
427 696 481 762 vel
509 695 544 762 in
573 694 720 783 pristino
744 693 936 762 manebunt
963 693 1055 780 loen,
1076 705 1188 780 prout

99 783 263 852 fundator
278 805 444 870 personas
458 786 513 850 vel
530 784 647 851 locum
664 783 889 880 potissimum
905 779 1094 876 respexerit
1106 785 1129 846 12
1172 797 1174 802 ·

138 887 332 954 Manuales
360 885 464 954 etiam
492 885 618 953 missae
645 900 826 974 nequeunt
852 905 914 972 per
942 906 977 952 te
1004 882 1072 952 dici
1096 896 1189 952 extra

100 977 217 1044 locum
245 975 469 1047 celebrationi
501 976 649 1042 electum
678 975 743 1042 nisi
774 996 813 1042 ex
841 995 1014 1044 consensu
1038 973 1189 1041 auctoris

100 1064 285 1155 stipendii:
305 1065 401 1154 quod
417 1063 483 1132 sub
500 1065 595 1153 gravi
614 1065 666 1131 vel
690 1065 756 1131 levi
784 1078 878 1133 tenet
904 1077 1058 1154 peccato,
1084 1075 1189 1151 prout

100 1154 213 1243 gravis
229 1155 282 1221 vel
299 1153 384 1222 levis
400 1153 487 1221 ratio
503 1154 605 1222 luerit
622 1153 772 1242 eligendi
786 1154 905 1222 locum
918 1154 942 1223 ².
959 1152 1190 1242 Temporales

100 1243 311 1312 mutationes
327 1257 451 1332 potest,
469 1244 516 1311 ob
540 1243 668 1312 iustam
693 1264 836 1312 causam
863 1243 1063 1332 permittere
1089 1239 1187 1330 Epis·

99 1353 222 1421 copus.
1095 1354 1097 1358 ·
1118 1372 1121 1378 -

141 1434 253 1521 Quod
285 1434 327 1502 ad
361 1435 571 1525 personales
610 1433 797 1504 missarum
837 1434 1087 1522 eleemosynas,
1128 1451 1189 1499 seu

100 1545 203 1612 quae,
222 1545 262 1591 ex
291 1523 440 1592 auctoris
464 1525 653 1611 voluntate,
672 1524 761 1591 nulli
779 1539 872 1592 certo
888 1525 966 1591 loco
990 1535 1071 1590 sunt
1094 1519 1189 1588 addi-

100 1628 185 1700 ctae,
204 1613 299 1702 ipsae
316 1614 441 1682 missae
465 1613 507 1680 ab
525 1613 765 1702 eleemosynas
782 1611 1041 1702 possidentibus
1064 1633 1132 1700 per
1154 1632 1190 1677 se

99 1704 283 1771 transmitti
300 1717 448 1793 possunt
464 1703 490 1787 ³,
503 1701 610 1791 idque
622 1703 729 1771 etiam
745 1719 838 1771 extra
851 1702 1049 1770 dioecesim.
1067 1700 1186 1788 (Dect.

105 1791 149 1860 Ut
182 1791 306 1879 dehita,
339 1814 376 1858 n.
412 1793 443 1859 5.
479 1790 551 1859 Cfr.
585 1807 739 1860 nostram
772 1792 1054 1877 declarationem,
1088 1812 1123 1857 n.
1154 1813 1187 1879 7,

101 1903 132 1969 p.
149 1904 220 1972 493
239 1900 272 1950 et
295 1904 330 1971 p.
351 1882 419 1966 52).
445 1881 578 1948 Verum
602 1882 678 1968 ipso
697 1882 882 1950 missarum
906 1901 1012 1949 onere
1027 1893 1061 1948 te
1077 1880 1189 1947 levare

102 1992 172 2038 non
201 1988 311 2059 potes,
341 1972 409 2038 nisi
431 1970 582 2061 proprio
606 1970 795 2040 Ordinatio
820 1973 873 2040 vel
899 1968 935 2039 S.
960 1968 1043 2039 Sedi
1067 1969 1190 2036 missas

102 2060 332 2129 commiseris.
352 2059 525 2147 Quamvis
553 2061 648 2128 enim
677 2061 734 2128 alii
760 2061 901 2128 cuilibet
917 2058 1085 2128 sacerdoti
1102 2059 1189 2125 elee-

103 2171 267 2239 mosynas
299 2149 475 2232 tribueris,
509 2171 628 2217 casum
660 2149 763 2218 etiam
796 2150 978 2218 fortuitum
1017 2160 1189 2238 praestare

103 2239 205 2307 debes
220 2263 230 2324 ;
249 2261 313 2306 nec
330 2239 438 2306 finem
455 2238 556 2306 habet
573 2239 754 2328 obligatio.
772 2240 883 2308 donec
901 2239 1091 2322 celebratae
1108 2236 1188 2304 mis·

102 2349 156 2395 sae
171 2327 282 2396 fidem
298 2328 345 2397 sis
361 2341 551 2396 assecutus
571 2329 690 2412 (Dect.
714 2330 763 2396 Ut
779 2329 903 2416 debita,
921 2350 956 2396 n.
975 2327 1025 2413 6.)

138 2444 179 2499 De
190 2441 246 2498 hac
260 2434 411 2498 sanctione
421 2441 493 2498 haec
506 2456 573 2497 sunt
587 2443 776 2500 observanda.
792 2447 819 2516 a)
835 2443 864 2499 Si
879 2444 988 2517 absque
1001 2441 1090 2498 ullius
1103 2440 1190 2516 culpa

99 2514 398 2587 stipendiaperierint
420 2515 497 2587 apud
511 2514 588 2586 ipsos
612 2518 776 2571 sacerdotes
790 2516 840 2587 qui
856 2534 888 2571 ea
903 2514 1074 2589 receperint,
1090 2531 1190 2586 graves

103 2586 255 2660 scriptores
271 2585 346 2656 (aliis
358 2598 457 2641 tamen
470 2587 712 2658 repugnantibus]
733 2588 865 2660 ipsorum
890 2588 1056 2643 existimant
1080 2585 1190 2659 obliga-

100 2656 210 2715 tionem
224 2673 346 2721 cessare,
360 2658 462 2712 saltem
486 2658 510 2713 si
536 2658 691 2714 missarum
705 2659 845 2731 pecuniae
861 2659 929 2714 satis
948 2658 1090 2731 areliquo
1104 2657 1190 2731 patri·

104 2729 200 2786 monio
218 2728 379 2784 manserint
403 2728 564 2786 distinctae.
580 2732 749 2785 Secundum
769 2730 845 2786 hanc
859 2730 925 2786 beni
947 2730 1060 2785 niorem
1076 2741 1189 2786 seuten-

104 2800 180 2867 tiam,
194 2800 218 2856 si
233 2801 368 2857 sacerdos
381 2802 417 2856 A.
429 2800 607 2874 stipendium
619 2820 635 2855 a
646 2801 724 2857 fideli
738 2802 878 2874 quopiam
894 2749 1027 2857 obituum
1040 2800 1190 2857 tradiderit

105 2871 242 2928 sacerdoti
257 2874 290 2927 B.
306 2872 384 2944 apud
399 2889 488 2945 quem
498 2871 586 2929 fuerit
598 2872 675 2928 furto
690 2875 847 2940 sublatum,
862 2876 895 2929 B.
911 2873 1030 2929 missam
1044 2874 1189 2929 celebrare

105 2960 161 2998 non
175 2944 291 3000 debebit
307 2965 314 3011 ;
328 2944 363 2999 de
386 2961 440 2999 suo
454 2942 552 3000 a'utem
577 2946 711 3017 supplere
730 2946 847 3007 debebit
860 2946 994 3001 sacerdos
1009 2946 1044 3000 A.
1061 2962 1095 3000 ex
1110 2960 1189 3015 prae-

105 3028 180 3071 sente
195 3016 322 3072 decreto.
339 3017 401 3070 Nec
416 3015 502 3070 nimis
516 3028 559 3071 est
572 3016 650 3071 istud
665 3016 843 3073 mirandum.
859 3018 940 3073 Sicut
955 3015 1049 3073 ftdelis
1063 3011 1189 3072 offerens

105 3104 155 3142 suo
179 3087 308 3160 periculo
327 3087 412 3158 elegit
432 3087 606 3143 industriam
629 3089 787 3144 sacerdotis
809 3090 845 3157 Α.
869 3088 893 3143 is
911 3104 1023 3156 rursus,
1040 3104 1104 3152 suo,
1129 3104 1189 3141 non

104 3171 199 3214 autem
212 3158 306 3213 fidelis
329 3158 470 3230 periculo,
481 3159 583 3283 potuit
605 3161 786 3216 sacerdotem
802 3162 835 3216 B.
859 3160 964 3232 eligere
986 3170 1013 3215 et
1033 3158 1189 3233 pecuniam

107 3232 257 3286 transterre
271 3230 302 3284 in
315 3229 415 3285 locum
428 3248 444 3284 a
458 3230 478 3285 fi
501 3230 537 3284 eli
552 3231 675 3286 minime
690 3231 826 3289 electum.

139 3313 168 3384 b)
182 3314 303 3369 Decreto
321 3313 361 3389 Ur
374 3312 471 3369 debita
485 3316 641 3370 necessitas
651 3316 808 3389 exigendae
821 3315 889 3371 fidei
900 3316 935 3372 de
945 3316 1089 3371 celebrata
1102 3314 1189 3371 missa

106 3384 298 3441 sacerdotibus
318 3384 518 3457 eleemosynas
539 3386 780 3443 transferentibus
802 3386 909 3443 directe
928 3404 988 3442 non
1008 3385 1187 3462 imponitur;

106 3455 184 3524 dum,
197 3456 226 3511 in
240 3457 358 3512 decreto
375 3457 525 3531 Vigilanti
535 3459 641 3527 studia,
656 3476 725 3515 cum
737 3459 822 3515 venia
837 3458 870 3514 fit
883 3458 1045 3515 Ordinariis
1059 3470 1189 3533 acceptas

136 3697 141 3726 ¹
158 3694 211 3742 etr.
225 3696 502 3750 Sennarzctttrnnmt,
515 3695 532 3741 l.
546 3702 567 3749 3,
578 3698 597 3742 t.
609 3712 646 3752 41,
657 3708 683 3741 n.
698 3703 748 3742 133.

134 3762 143 3794 ³
158 3760 210 3809 etr.
224 3762 322 3809 Maur.
337 3762 374 3809 Dc
388 3762 479 3817 Missa,
492 3774 519 3807 n.
531 3766 569 3808 65.
715 3814 719 3825 ν

134 3826 213 3877 ³Clr.
230 3834 321 3877 tamen
341 3827 421 3884 intra,
443 3842 470 3886 p.
492 3844 542 3883 110,
562 3840 590 3875 n.
612 3834 632 3875 3.
654 3829 687 3874 In
705 3829 829 3884 Eronns
850 3828 960 3877 doctam
978 3826 1087 3886 scripsit
1104 3828 1138 3875 R.
1153 3828 1187 3876 D.

108 3894 231 3941 caounn
242 3893 345 3943 decreti
363 3894 386 3941 U
388 3899 396 3940 l
411 3894 489 3941 debita
499 3891 761 3952 interpretationem,
782 3892 810 3941 in
822 3906 885 3953 qua,
898 3908 926 3952 p.
939 3909 981 3949 117
992 3896 1068 3952 (1905)
1079 3898 1189 3942 conten-

108 3958 148 4005 dit
162 3961 363 4009 translationem
378 3966 454 4008 extra
469 3958 616 4007 dioecesim
632 3960 741 4008 statutis
752 3959 933 4018 synodalibus
943 3958 1082 4019 prohiberi
1099 3973 1187 4019 posse.

108 4024 205 4074 Verum
219 4025 336 4085 positiva
351 4024 482 4085 Episcopi
501 4031 621 4084 potestas
641 4039 723 4085 quae,
741 4025 826 4074 etiam
850 4027 957 4074 seclusa
981 4025 1187 4083 consuetudine,

108 4090 194 4138 valeat
209 4092 242 4139 ad
253 4092 326 4140 istud
337 4090 573 4152 praecipiendum,
592 4090 675 4139 fuerit
687 4091 804 4150 positive
821 4090 1041 4141 demonstranda.
1054 4092 1112 4141 Nec
1122 4093 1189 4143 satis

110 4163 148 4204 est
157 4155 246 4207 afferre
256 4160 410 4219 exemplum
420 4159 502 4206 unius
512 4157 622 4206 concilii
635 4158 811 4217 particularis
827 4159 911 4208 cuius‘
921 4159 1062 4208 decretum
1072 4166 1112 4209 est
1124 4161 1189 4209 tole-

110 4228 195 4270 ratum
209 4226 319 4282 Romae,
336 4227 364 4273 in
375 4230 455 4273 coetu
467 4226 564 4283 Congr.
586 4224 713 4273 Concilii.
730 4225 825 4273 Addas
841 4226 898 4286 lege
914 4222 1060 4285 approbati
1076 4226 1187 4277 concilii

111 4289 248 4402 nolnbclttre
267 4290 374 4340 definiri
395 4302 532 4351 quaenam
552 4289 650 4339 missae
670 4304 724 4339 uon
743 4292 847 4351 possint
864 4296 938 4341 extra
953 4290 1101 4342 dioecesim
1117 4294 1187 4343 tradi
1218 4308 1220 4313 ’

112 4367 166 4402 cee
186 4357 287 4407 rendae.
