2959 4900
113 345 148 426 [8.
162 347 193 428 9]
212 370 233 404 s.
249 370 273 405 e.
290 371 334 405 ar.
351 369 387 405 sr
401 371 465 407 aso.
483 363 511 404 30
526 369 602 407 seer.
621 365 686 416 1903,
704 371 741 406 os
757 372 932 408 conassssru.
952 373 1115 410 montemnis
1151 353 1188 415 Pl

113 513 142 556 ut
155 502 320 558 institutum
334 503 395 558 sine
408 502 619 576 impedimento
640 504 684 558 uti
703 503 831 576 praefata
845 503 1062 562 Constitutione
1084 517 1189 580 posset,

111 573 190 630 Sacer
204 575 363 630 Consessus
378 574 543 647 respondit:
558 574 646 630 Nihil
658 591 721 630 esse
734 575 944 633 innovandam.

143 647 251 716 itaque,
266 658 320 703 etc.
1158 687 1161 691 -
1274 663 1404 715 neman-

141 718 225 774 Sacra
238 717 433 790 congregatio
447 716 584 789 Negociis
599 729 627 773 et
641 717 914 774 consultationibus
935 719 1151 793 Episcoporum
1166 731 1194 776 et
1247 725 1322 760 'm
1352 769 1360 779 .
1380 772 1385 777 .

116 788 298 858 Regularium
307 787 481 862 praeposita,
493 805 581 861 super
593 787 732 861 expositis
746 789 914 860 respondit:
933 789 1194 848 Communicentur
1248 765 1408 874 sefflii‘

111 858 207 915 Dubia
232 871 260 917 et
270 859 474 916 Resolntiones
498 859 753 934 Congregationis
769 860 929 916 Generalis
949 861 1010 918 diei
1028 861 1195 936 vigesimae
1248 877 1348 931 imos&
1362 901 1392 933 20

109 931 208 986 martii
216 933 296 1000 1891.
1249 943 1407 1005 martiigsor.

142 1003 235 1058 Dubia
248 1003 320 1059 haec
330 1002 420 1059 fuere.
1276 1023 1376 1068 natta

143 1103 164 1141 r.
186 1086 215 1142 Si
229 1099 258 1142 et
270 1082 440 1143 comment¹
456 1083 476 1142 il
490 1086 654 1160 appartient
673 1105 730 1142 aux
744 1087 913 1159 religieuses
933 1087 970 1142 de
990 1088 1018 1143 la
1038 1087 1194 1144 Visitation

111 1157 143 1211 de
154 1157 261 1214 choisir
273 1159 301 1214 le
314 1157 482 1215 confesseur
497 1157 662 1214 ordinaire?

140 1264 163 1302 2.
185 1246 215 1301 Si
229 1246 272 1302 les
285 1244 452 1318 religieuses
467 1245 503 1301 de
515 1244 544 1299 la
556 1244 712 1302 Visitation
731 1257 786 1301 ont
803 1245 831 1302 le
846 1247 923 1302 droit
938 1247 974 1303 de
987 1242 1143 1320 congedier
1155 1266 1195 1303 ou

110 1316 211 1388 quitter
220 1318 249 1374 le
262 1317 430 1374 confesseur
444 1315 601 1374 ordinaire.

140 1401 163 1456 3.
185 1403 215 1457 St
230 1402 273 1458 les
293 1402 461 1475 religieuses
473 1403 509 1458 de
521 1401 550 1458 la
561 1400 718 1458 Visitation
737 1413 865 1472 peuvent
883 1418 1037 1459 conserver
1049 1403 1113 1458 leur
1128 1420 1196 1459 con·

107 1470 211 1529 fesseur
225 1473 374 1530 ordinaire
390 1491 432 1528 un
448 1487 542 1547 temps
551 1472 755 1542 indetermine,
766 1473 940 1530 dest-adire
950 1491 1019 1530 avec
1029 1473 1197 1548 exemption

108 1543 139 1598 de
152 1543 180 1599 la
192 1545 235 1602 loi
249 1545 285 1601 de
299 1545 327 1600 la
341 1546 429 1600 duree
441 1544 585 1600 triennale
599 1546 635 1614 de
647 1543 762 1600 l‘office.

141 1616 225 1689 Resp.
251 1618 275 1672 Ι.
295 1616 346 1672 Ius
365 1615 499 1690 eligendi
519 1617 734 1743 confessarium
754 1616 943 1671 ordinarium
963 1633 1004 1671 ex
1026 1634 1045 1672 a
1063 1617 1197 1690 probatis
1252 1633 1411 1684 Responsa.

108 1687 141 1741 ab
153 1687 302 1762 Episcopo
315 1688 356 1743 ad
375 1699 563 1743 sacramenta
577 1704 607 1743 es
624 1687 821 1761 consessiones
839 1634 1114 1744 sanctimonialum
1135 1705 1197 1744 sus·

109 1758 258 1830 cipiendas
266 1760 296 1814 in
310 1777 381 1815 casu
395 1758 536 1815 sustineri
546 1759 632 1814 iuxta
647 1758 776 1813 modum.

139 1831 250 1893 Modus
275 1841 317 1887 est
338 1831 416 1904 quod
427 1832 530 1903 forma
550 1829 700 1887 electionis
718 1828 909 1902 praescripta
934 1829 964 1884 in
986 1829 1199 1886 Constitutione

108 1899 180 1956 XIX
191 1902 312 1975 integre
324 1913 457 1958 servetur
469 1910 498 1957 et
509 1902 587 1976 qnod
600 1901 800 1970 confessarius
810 1900 853 1955 sic
861 1898 969 1956 electus
984 1901 1122 1975 indigeat
1132 1919 1199 1957 con·

105 1969 273 2120 firmarissb
288 1973 443 2047 Episcop0‚
454 1972 515 2046 qni,
524 1973 551 2028 si
565 1972 644 2029 adsit
654 1971 791 2046 legitima
805 1988 906 2042 causa,
920 1982 1015 2046 potest
1028 1973 1118 2029 etiam
1132 1990 1198 2028 eum

110 2059 160 2098 non
174 2063 229 2100 con
255 2062 367 2101 rmare.

138 2146 163 2183 2.
182 2128 399 2184 Providebitur
412 2128 442 2183 in
456 2128 551 2184 tertia.

141 2211 165 2266 3.
185 2212 304 2268 Locum
338 2211 448 2267 habere
476 2210 565 2266 etiam
587 2227 646 2282 pro
670 2209 857 2266 Monialibus
889 2207 1074 2265 Visitationis
1102 2207 1199 2282 legem

109 2282 229 2338 triennii
236 2300 298 2356 pro
311 2282 468 2338 duratione
477 2281 654 2355 confessarii
664 2280 815 2336 ordinarii
825 2280 856 2335 in
864 2278 960 2407 apicio
970 2291 999 2336 et
1010 2281 1051 2335 ad
1063 2290 1198 2336 mentem.

110 2352 263 2410 Mensest.:
280 2354 392 2428 quodsi
399 2353 615 2426 adsintgraves
625 2369 734 2408 causae
744 2367 869 2407 amoren
892 2351 903 2404 i
910 2352 1048 2419 (durante
1061 2350 1201 2416 triennio)

109 2425 324 2495 confessarium
348 2424 547 2494 ordinarium,
571 2434 690 2480 servata
700 2424 809 2498 forma
823 2422 954 2479 eiusdem
977 2422 1200 2480 Constitutionis

108 2494 189 2563 XIX,
211 2514 266 2553 eas
288 2497 476 2571 manifestent
497 2495 641 2552 moniales
661 2495 817 2568 Episcop0‚
838 2494 960 2569 eiusque
978 2506 1054 2551 stent
1079 2494 1199 2563 iudicia,

107 2565 186 2624 salvo
197 2584 318 2641 semper
330 2585 452 2625 recursu
463 2568 504 2623 ad
513 2568 545 2623 S.
559 2567 676 2633 Sedem,
693 2566 720 2621 si
729 2581 801 2638 opus
811 2566 916 2636 suerit.

141 2640 253 2695 Datum
264 2648 265 2654 ’
277 2641 389 2695 Romae
403 2657 437 2695 ex
457 2637 610 2695 secretaria
625 2638 730 2693 Sacrae
749 2648 929 2693 memoratae
945 2636 1199 2709 Congregationis,
1284 2646 1344 2693 Dies
1359 2646 1400 2702 (so

108 2708 194 2767 dieto
207 2710 383 2785 septembris
400 2711 475 2784 1903.
807 2780 829 2833 F
862 2779 885 2834 C
920 2778 937 2832 d
970 2779 1012 2833 CA
1254 2703 1387 2819 {mritis

832 2820 840 2835 .
886 2796 949 2835 ar.
1014 2796 1128 2836 sss'rrs.
1328 2796 1334 2808 ·

267 3026 306 3114 9.
333 3080 374 3089 -
397 3040 434 3111 s.
457 3040 597 3112 curra.
621 3038 967 3111 rsoutcssrrssus
991 3037 1043 3105 ετ

482 3147 543 3218 ss.
567 3146 832 3217 retinuimus

331 3304 572 3361 RESPONSUM
590 3306 624 3360 11
643 3301 980 3367 Novflmautszssos

113 3440 163 3499 De
185 3444 261 3501 rita
279 3443 516 3502 absolutionis
535 3444 717 3516 generalis
742 3440 1003 3515 impertiendae
1021 3438 1202 3511 religiosis
1240 3447 1242 3452 ·

150 3592 255 3647 Petrus
277 3592 404 3660 Oomen,
427 3593 604 3647 Procurator
618 3589 768 3647 Generalis
791 3585 1034 3666 congregationis
1053 3583 1124 3663 SSmff
1147 3584 1201 3663 Re·

117 3659 284 3737 demptoris‚
299 3663 368 3719 huic
387 3664 417 3718 S.
434 3661 661 3743 Congregationi
682 3659 873 3733 Indulgentiis
888 3659 1041 3738 Sacrrsque
1063 3654 1202 3727 Reliquus

118 3734 284 3807 propositae
296 3750 422 3808 sequens
436 3734 558 3790 dubium
572 3732 770 3789 dirimendum
788 3741 951 3804 proposuit.

139 3933 146 3967 ¹
161 3932 194 3981 Id
208 3937 251 3981 est
261 3932 346 3981 latine
357 3947 364 3982 :
383 3950 393 3978 ι
412 3950 433 3981 1.
452 3933 553 3981 Utrum
563 3935 589 3980 et
601 3944 656 3992 qua
667 3928 773 3979 ratione
784 3926 920 3976 Moniales
930 3939 947 3975 a
958 3922 1121 3974 visitatione
1130 3924 1202 3972 Con·

113 3997 254 4047 sessanum
262 3999 433 4047 ordinarium
443 3998 543 4059 eligere
555 3996 678 4058 possint?

140 4079 149 4107 r
165 4082 187 4113 2.
204 4063 321 4113 Licetne
333 4062 504 4113 Monialibus
519 4077 536 4113 a
553 4062 716 4112 visitatione
730 4059 869 4109 dimittere
880 4059 923 4108 vei
933 4058 1055 4106 deserere
1066 4054 1204 4104 confessa·

113 4126 180 4177 rium
187 4128 381 4179 ordinarium?
974 4186 978 4195 .
1034 4185 1039 4194 .
1104 4185 1109 4194 .

141 4212 151 4239 ι
163 4202 184 4243 s.
196 4194 312 4243 Licetne
325 4194 496 4245 Monialibus
506 4210 523 4246 a
533 4194 697 4245 Visitatione
705 4190 911 4242 confessarium
921 4189 1091 4238 ordinarium
1102 4199 1131 4234 tn
1141 4200 1205 4247 spa·

116 4259 179 4309 tium
189 4260 321 4320 temporis
335 4274 391 4310 non
402 4261 545 4311 definitum
555 4261 681 4317 retinere,
692 4258 732 4307 ita
743 4263 772 4305 ut
782 4257 922 4317 putandae
932 4254 987 4303 sint
995 4256 1136 4312 exemptae
1147 4254 1205 4313 lege

116 4340 166 4385 qua
176 4326 262 4375 trium
271 4339 410 4377 annorum
421 4328 511 4389 spatio
521 4326 642 4377 officium
653 4324 726 4375 istud
741 4320 995 4372 circumscribitur?
