2959 4900
133 369 221 447 [144]
292 390 313 425 s.
331 389 357 425 e.
374 388 492 425 11101110.
511 358 613 425 1311111.
633 382 697 434 1906.
715 386 910 423 conrxarnart.
927 386 965 424 ss.
982 386 1089 425 eosaarr
1164 364 1224 427 lli

132 521 252 594 vestigia
267 536 402 607 premens
423 522 558 577 Fratrum
579 519 741 589 Minorum,
764 520 921 577 Servorum
942 522 975 576 B.
991 518 1034 577 M.
1048 520 1096 589 V.,
1113 518 1225 575 Eremi·
1295 581 1298 587 ¹

131 606 231 651 tarum
262 597 293 648 S.
321 592 489 665 Augustini,
524 592 761 660 Carmelitarum,
793 591 996 648 Summarium
1027 591 1108 663 quod
1135 590 1225 647 modo

135 662 342 733 exscripsimus
354 663 488 723 confecit.
936 698 941 704 -
1204 718 1207 722 t

170 754 195 791 2.
217 734 368 804 Quamvis
393 735 424 790 in
435 762 436 765 ¹
447 736 571 790 Decreto
595 734 675 805 quod
688 744 753 807 post
766 733 968 790 Summanum
980 733 1110 807 ponitur,
1125 732 1225 789 omnia

135 804 287 880 privilegia
299 815 434 862 revocata
451 804 613 868 videantur,
637 805 707 861 scite
726 817 825 861 tamen
838 821 893 860 nos
913 817 1014 862 monet
1027 804 1079 878 qui
1094 806 1226 861 Summa·

133 877 212 933 rium
224 878 361 949 vulgavit,
383 877 412 932 id
430 876 662 949 intellegendum
682 892 746 933 esse
766 876 798 931 in
815 875 952 947 ¹subiecto
976 875 1231 949 indulgentiarum-

134 961 319 1021 argumento.
335 948 442 1020 Vigent
465 948 564 1018 itaque
585 946 736 1019 privilegia
758 945 878 1004 alterius
898 948 1030 1014 rationis,
1044 948 1118 1002 illud
1138 962 1166 1003 v.
1180 964 1225 1019 gr.

135 1036 195 1093 quo
224 1021 333 1076 Revmu·
359 1019 478 1075 Ordinis
505 1018 646 1091 Magister
673 1018 825 1075 Generalis
851 1019 1001 1075 Tertiariis
1027 1017 1226 1075 sacerdotibus
1247 1039 1249 1042 ·

133 1090 332 1147 saecularibus
342 1102 516 1165 potestatem
529 1090 623 1147 facere
632 1101 729 1163 potest
740 1089 881 1146 recitandi
896 1089 1077 1147 Breviarium
1091 1090 1226 1145 Fratrum

138 1162 388 1219 Praedicatorum.
501 1160 506 1171 ‘
1158 1166 1161 1169 ’

167 1233 194 1289 3.
217 1234 294 1289 Illud
318 1233 445 1306 denique
465 1248 675 1301 memoremus,
699 1230 861 1288 Tertiarios
883 1230 935 1304 qui
960 1232 990 1287 in
1016 1232 1227 1288 communitate

134 1301 245 1377 degunt
269 1316 298 1360 et
315 1316 384 1361 vota
406 1304 516 1360 faciunt
535 1302 689 1376 simplicia,
714 1302 771 1359 frui
787 1303 1056 1361 communicatione
1075 1303 1227 1375 indulgen-

133 1376 243 1430 tiarum
262 1392 339 1446 quae
351 1376 447 1447 primo
462 1387 490 1432 et
503 1375 633 1431 secundo
647 1373 753 1431 Ordini
772 1387 840 1431 sunt
859 1374 967 1431 directe
985 1391 1149 1432 concessae.
1165 1373 1225 1432 Clr.

134 1446 290 1505 decretum
303 1449 337 1503 28
350 1464 417 1519 aug.
437 1448 502 1521 1903
518 1457 539 1503 1.

225 1729 325 1850 144.
346 1814 386 1823 -
414 1776 450 1846 a.
475 1776 511 1845 c.
535 1775 690 1846 11101110.
715 1777 768 1845 er
791 1777 853 1847 ss.
877 1774 1141 1849 aeuaunaun

241 1957 453 2013 INDULTUM
469 1959 524 2013 EX
543 1958 771 2013 AUDIENTIA
788 1957 865 2013 Ssmi
884 1957 923 2012 13
939 1957 1020 2012 [ΠΝ.
1041 1956 1123 2011 1906
1140 2040 1143 2047 Ι

199 2118 422 2179 confratern,
442 2119 504 2177 SS.
526 2120 669 2176 Rosaril
688 2120 858 2176 sinuntur
875 2120 958 2190 port
976 2118 1169 2174 adventum

423 2202 489 2259 FF.
512 2204 709 2263 Praedicat.
729 2216 942 2275 permanere
992 2258 995 2265 ,

173 2369 308 2425 Vicarius
322 2370 514 2429 Provincialis
530 2373 665 2427 Fratrum
682 2370 801 2427 OrdinIs
817 2370 1056 2444 Praedicatorurn
1070 2368 1100 2423 in
1111 2368 1230 2441 regione

137 2441 305 2500 Canadensi
325 2444 504 2514 degentium.
529 2444 565 2500 ad
588 2444 674 2517 pedes
689 2444 719 2500 S.
745 2444 781 2500 V.
805 2442 988 2516 provolutus,
1012 2440 1130 2513 exponit
1148 2441 1229 2513 quod

137 2513 489 2587 sequitur:Assentiente
513 2515 764 2571 Reverendissimo
786 2513 1014 2587 Archiepiscopo
1036 2512 1228 2581 Quebecensi,

138 2588 254 2643 Fratres
268 2583 490 2643 Praedicator'es
499 2586 530 2642 in
544 2586 605 2652 ipsa
617 2587 690 2642 urbe
700 2586 883 2655 Quebecensi
897 2597 1028 2642 recenter
1039 2585 1229 2652 advenerunt,

139 2657 302 2714 Ecclesiam
317 2668 345 2712 et
357 2658 543 2714 Conventum
552 2657 660 2714 ibidem
675 2657 834 2713 fundaturi.
847 2657 953 2712 Variae
966 2672 1035 2729 ergo
1050 2655 1102 2711 SS.
1118 2654 1231 2711 Rosarii

138 2728 410 2794 confraternitates,
425 2746 501 2802 quae
511 2729 570 2784 iarn
585 2729 615 2783 in
625 2729 718 2784 tribus
731 2728 868 2785 Ecclesiis
882 2727 1013 2783 eiusdem
1025 2726 1115 2794 urbis,
1126 2743 1232 2798 nempe

140 2802 174 2856 B.
189 2800 226 2855 V.
243 2799 363 2868 Mariae,
381 2801 432 2856 SS.
449 2800 616 2869 Salvatoris,
632 2813 660 2856 et
674 2802 703 2857 S.
718 2800 820 2865 Rochi‚
837 2799 964 2872 legitime
976 2809 1089 2854 erectae
1106 2798 1230 2863 fuerant,

139 2871 175 2927 ad
189 2871 284 2944 ipsam
299 2871 345 2926 Fr.
364 2871 602 2927 praedicatorum
626 2873 779 2927 ecclesiam
793 2872 857 2943 ipso
878 2871 954 2926 facto
966 2870 1061 2925 redire
1082 2870 1230 2935 deberent,

138 2955 171 2998 ut
194 2954 314 2998 cautum
334 2941 390 2997 fuit
419 2943 451 2998 in
480 2944 641 2998 earundem
666 2943 944 2999 Confraternitatum
972 2940 1127 2996 erectione.
1155 2940 1232 2995 Cum

138 3025 238 3069 tamen
268 3012 438 3068 huiusmodi
470 3014 750 3070 Confraternitatum
786 3014 938 3070 translatio
970 3013 1078 3085 absque
1110 3010 1233 3066 notabili

139 3084 272 3140 fidelium
290 3085 404 3156 pietatis
427 3086 603 3141 detrimento
623 3084 686 3141 fieri
700 3103 758 3141 non
771 3086 874 3154 valeat,
900 3082 1063 3155 praedictus
1082 3081 1230 3153 superior,

140 3156 176 3211 ad
186 3155 338 3228 ipsiusmet
354 3157 596 3212 Reverendissimi
610 3157 758 3212 Ordinarii
769 3157 949 3230 petitionem,
964 3153 1115 3210 humiliter
1125 3171 1142 3208 a
1153 3153 1182 3208 S.
1194 3153 1231 3208 V.

139 3226 333 3282 necessariam
365 3228 503 3301 implorat
535 3229 790 3300 dispensationem.
819 3229 848 3283 vi
880 3226 973 3292 cuius,
1008 3241 1070 3280 non
1100 3225 1233 3291 obstante

140 3297 286 3354 erectione
300 3298 552 3355 Confraternitatis
575 3300 753 3355 Sanctissimi
770 3298 882 3355 Rosarii
902 3299 932 3352 in
946 3297 1075 3354 Ecclesia
1099 3296 1234 3349 Fratrum

143 3369 390 3434 Praedicatorum,
405 3383 463 3426 tres
482 3371 664 3438 supradictae
679 3371 810 3427 eiusdem
823 3369 951 3426 nominis
976 3365 1234 3422 Confraternitates

141 3441 172 3496 in
193 3441 296 3497 eadem
318 3442 432 3497 civitate
455 3443 636 3511 Quebecensi
654 3442 832 3512 exsistentes,
846 3443 877 3496 in
902 3457 956 3496 suo
978 3440 1086 3494 robore
1106 3437 1234 3510 legitime

141 3512 277 3568 exsistere
290 3525 318 3568 et
327 3514 492 3569 conservari
505 3513 630 3569 valeant.

178 3585 215 3639 Et
229 3581 390 3644 Deus-etc.

176 3655 228 3710 SS.
245 3656 280 3710 D.
296 3657 334 3714 N.
361 3656 429 3709 Pius
444 3656 497 3726 Pp.
513 3656 549 3722 X,
573 3655 604 3710 in
616 3654 766 3710 audientia
785 3653 885 3709 habita
903 3652 950 3709 die
967 3653 996 3708 13
1019 3649 1092 3706 iunii
1115 3650 1184 3722 1906
1194 3649 1235 3729 'ab

142 3724 271 3782 infrascr.
305 3726 454 3781 Cardinali
487 3726 581 3783 Praei.
613 3728 643 3783 S.
669 3728 702 3782 C.
737 3724 930 3797 Indulgentiis
960 3723 1107 3794 sacrisque
1139 3720 1234 3791 Reltq.

142 3796 314 3869 praeposita,
330 3797 455 3868 benigne
477 3797 581 3852 annuit
594 3815 647 3870 pro
661 3797 754 3870 gratia
769 3798 848 3851 iuxta
871 3812 978 3867 preces.
994 3793 1155 3850 Contrariis
1174 3809 1236 3846 non

142 3868 325 3924 obstantibus
347 3868 594 3949 quibuscumque.
610 3874 723 3928 Datum
749 3870 869 3937 Romae,
890 3867 1081 3923 eSecretaria
1105 3864 1236 3920 eiusdem

144 3939 172 3994 S.
188 3941 222 3995 C.
238 3939 285 3996 di'e
301 3941 330 3995 13
343 3940 417 3994 iun11
441 3941 519 4014 1906.
1105 3999 1107 4004 ,

660 4013 696 4066 Α.
718 4011 804 4066 Card.
825 4012 958 4076 Tarpam,
979 4007 1087 4078 Praef.

535 4095 575 4151 D.
596 4095 716 4165 Paniai,
738 4095 882 4168 Archiep.
903 4093 1067 4149 Laodicen.
1087 4092 1200 4155 Secret.

160 4251 474 4262 -——-——1·—-———

172 4361 181 4394 1
198 4357 360 4412 Paratomos,
370 4369 398 4403 n.
410 4363 456 4416 13,
469 4359 488 4402 t.
504 4370 526 4412 1,
535 4367 564 4413 p.
577 4359 615 4401 38.

1313 2385 1411 2440 Orator,

1283 2443 1392 2491 narratis

1278 2501 1364 2564 factis,

1313 2659 1347 2706 El
1367 2656 1446 2714 legiti-

1284 2730 1324 2764 ma
1340 2724 1402 2762 sorta

1286 2775 1358 2821 trium
1376 2787 1432 2819 101-

1280 2830 1427 2893 fraternita-

1277 2894 1344 2956 Ι111111,

1312 2963 1394 3006 rettt
1403 2966 1428 3007 ut

1285 3023 1312 3069 in
1324 3020 1448 3081 Quebecen-

1286 3080 1309 3126 si
1323 3080 1420 3125 civitate

1286 3135 1442 3183 nihilominus

1283 3198 1418 3254 parmanere
1467 3246 1469 3253 ‚

1286 3253 1407 3298 sinantur.
1435 3290 1437 3293 .

1316 3665 1438 3707 conces-

1290 3719 1342 3761 alo.

1320 3863 1380 3909 Dies
1390 3864 1430 3912 (13

1292 3923 1342 3969 iun.
1355 3922 1431 3980 1906).
