2959 4900
366 859 537 967 PARS
576 872 866 966 ALTERA

215 1088 1020 1235 Mouuunuia

221 1492 293 1578 74.
317 1542 358 1553 -
386 1500 444 1571 ε11ιὶ
471 1501 705 1573 tutaturus
731 1500 871 1571 urrisu
898 1500 1012 1571 ossis
1070 1480 1073 1488 '

69 1688 277 1745 LITTERAE
294 1687 334 1742 18
350 1687 448 1742 Mart
465 1686 548 1742 1905
565 1687 622 1741 All
643 1651 957 1742 sussulbfltssis
973 1684 1163 1741 solioum!

275 1852 329 1909 lle
346 1852 515 1925 prudenti
534 1851 794 1923 hospitalitatis
812 1850 954 1908 ratione

215 1997 310 2053 Molto
331 1998 500 2053 Reverenda
521 1998 633 2063 Madre,

106 2097 151 2151 Da
166 2093 291 2167 qualche
303 2110 382 2150 anno
395 2094 418 2149 si
431 2111 504 2150 sono
515 2094 708 2167 multiplicate
720 2096 752 2151 in
768 2098 863 2153 Roma
875 2096 903 2152 le
917 2112 1006 2168 opere
1014 2096 1048 2151 di
1062 2114 1162 2153 comu-

73 2166 132 2222 niti
159 2165 298 2238 religiose
323 2164 489 2234 femminili,
519 2181 576 2222 con
601 2166 713 2239 grande
737 2166 894 2239 vantaggio
916 2166 992 2223 delle
1013 2168 1119 2235 anime,
1146 2186 1162 2225 e

70 2238 208 2311 sviluppo
222 2236 390 2309 molteplice
399 2237 477 2293 della
492 2237 630 2294 cristiana
641 2238 741 2297 cariti.

106 2321 144 2377 Di
158 2333 266 2395 questo
285 2320 356 2377 fatto
375 2320 632 2378 consolantissimo
654 2320 814 2378 dobbiamo
834 2322 956 2379 rendere
970 2321 1066 2395 grazie
1079 2322 1107 2378 al
1121 2323 1163 2380 Si·

71 2409 175 2466 gnore,
186 2393 241 2449 che
252 2409 314 2448 non
326 2409 432 2448 manca
441 2392 471 2447 di
481 2409 648 2449 soccorrete
657 2392 685 2447 la
699 2410 752 2449 sua
762 2393 868 2449 Chiesa
877 2410 931 2449 oon
941 2394 1031 2450 mezzi
1043 2410 1163 2478 propor-

70 2464 181 2522 zionati
190 2464 247 2522 alle
259 2464 401 2522 necessiti
409 2472 506 2522 n'uove
513 2465 559 2522 dei
569 2465 660 2538 tempi
671 2486 678 2534 ;
690 2482 739 2520 ma
751 2467 767 2522 ὲ
777 2477 876 2524 nostro
886 2466 994 2522 dovere
1005 2465 1033 2522 di
1044 2465 1164 2540 vigilare

70 2548 338 2593 attentamente·su
379 2548 472 2592 uanto
494 2537 562 2592 dall'
581 2536 694 2592 attiviti
707 2537 737 2591 di
780 2549 862 2595 ueste
886 2537 1117 2610 Congregazioni
1139 2539 1164 2596 si

70 2606 154 2664 tiene
165 2608 321 2676 attuando,
334 2554 394 2664 alio
408 2624 498 2682 scopo
508 2609 537 2664 di
552 2625 736 2664 accrescerne
748 2556 788 2682 gii
804 2607 895 2666 effetti
908 2607 1043 2679 benefici,
1055 2622 1165 2668 etener

70 2678 189 2735 lontani
202 2679 302 2752 quegli
316 2679 399 2734 abusi
412 2679 466 2735 che
490 2697 553 2735 uno
571 2679 646 2746 zelo,
660 2698 677 2735 a
693 2679 771 2737 volte
783 2697 859 2754 poco
872 2680 1039 2737 illuminato
1057 2697 1074 2737 e
1087 2699 1165 2756 poco

70 2751 226 2822 prudente,
241 2751 379 2823 potrebbe
392 2749 569 2811 introdurre.

104 2834 157 2890 Un
173 2846 270 2908 punto
284 2846 328 2890 tta
343 2833 382 2906 gli
396 2834 462 2890 altri
475 2835 515 2890 ha
524 2835 697 2892 richiamato
710 2834 740 2890 la
750 2845 851 2890 nostra
863 2834 1029 2892 attentione
1041 2851 1057 2892 e
1067 2835 1166 2910 quella

71 2903 171 2962 altresi
184 2906 233 2962 del
248 2907 340 2963 Santo
358 2904 464 2975 Padre,
476 2906 512 2962 ed
522 2909 538 2963 e
550 2905 721 2962 l’abitudine
734 2905 845 2961 invalsa
857 2905 887 2961 in
900 2905 1052 2980 parecchie
1065 2909 1166 2965 comu-

73 2975 134 3034 niti
155 2976 187 3032 di
209 2977 347 3051 ospitare,
368 2994 420 3050 per
441 2994 483 3033 un
496 2989 596 3052 tempo
608 2977 660 3052 piu
673 2994 692 3033 o
706 2994 796 3033 meno
814 2977 914 3050 lungo,
929 2979 1006 3035 nelle
1018 2979 1083 3035 loro
1102 2994 1167 3034 case

73 3063 203 3172 gersone
214 3063 356 3108 estranee.
374 3050 486 3118 Questo
496 3048 570 3104 fatto
579 3048 745 3130 innegabile
758 3065 820 3104 non
831 3048 854 3104 si
867 3049 928 3121 pub
940 3067 1054 3118 sempre
1068 3049 1167 3122 giusti·

96 3137 164 3178 care
178 3119 278 3176 conlo
291 3119 394 3193 spirito
409 3119 492 3178 della
505 3120 595 3177 carita
618 3121 765 3186 cristiana,
785 3120 814 3176 la
833 3122 920 3193 quale
939 3121 963 3176 si
977 3121 1097 3178 esercita
1110 3137 1167 3177 con

99 3331 107 3364 ¹
123 3331 207 3379 Haec
217 3329 257 3379 ita
266 3329 352 3378 latine
360 3327 511 3380 reddimus.

189 3412 347 3462 Admodum
356 3411 517 3462 Reverenda
527 3413 627 3471 Mater,

97 3494 144 3545 Ab
154 3495 264 3556 aliquot
274 3493 355 3543 annis
369 3494 552 3555 multiplicata
561 3500 626 3543 sunt
646 3494 675 3544 in
691 3493 770 3544 Urbe
779 3509 863 3556 opera
879 3494 1048 3545 familiarum
1058 3495 1171 3556 religio-

71 3575 167 3610 sarum
177 3559 323 3612 muliebris
331 3573 421 3618 sexus,
432 3560 507 3621 quod
522 3561 605 3611 valde
621 3560 733 3620 proficit
750 3560 860 3620 animis,
872 3568 900 3610 et
910 3561 993 3622 plura
1003 3560 1172 3612 christianae

75 3625 187 3676 caritati
197 3625 274 3675 dedit
283 3625 460 3676 incrementa.

99 3694 145 3743 De
154 3706 214 3754 qua
223 3691 374 3742 laetissima
383 3688 414 3742 re
422 3691 525 3752 gratias
531 3706 612 3754 agere
623 3690 756 3741 debemus
765 3691 895 3750 Domino,
907 3693 955 3754 qui
964 3693 1000 3742 ad
1010 3707 1096 3742 novas
1106 3697 1171 3742 tem-

72 3772 177 3820 porum
191 3758 367 3808 necessitates
383 3753 599 3809 accommodatis
618 3757 717 3807 mediis
735 3758 876 3808 Ecclesiae
892 3772 958 3807 suae
975 3758 1104 3819 opitulari
1117 3772 1173 3807 non

72 3825 195 3882 omitum
206 3824 372 3875 adofficium
381 3830 475 3874 autem
489 3830 615 3874 nostrum
634 3825 753 3885 pertinet
767 3830 798 3873 ut
815 3825 933 3875 sollicite
949 3826 1123 3874 attendamus
1136 3827 1173 3874 ad

75 3905 271 3952 quaecumque
286 3891 509 3953 congregationes
528 3891 598 3940 istae
616 3890 770 3950 suscipiant
787 3905 880 3952 opera,
900 3905 956 3952 quo
974 3892 1061 3953 magis
1079 3904 1173 3940 eorum

74 3962 204 4008 croscum
212 3958 326 4008 effectus
335 3959 479 4015 salutares,
490 3959 589 4018 procul
599 3963 693 4007 autem
703 3965 851 4011 arceantur
862 3955 1038 4018 improbandi
1049 3971 1115 4005 usus
1125 3958 1173 4018 qui

76 4038 95 4074 s
102 4025 167 4074 zelo
176 4023 315 4074 interdum
324 4038 423 4084 parum
433 4023 541 4073 erudito
551 4028 579 4073 et
588 4037 688 4084 parum
698 4024 826 4083 prudenti
838 4023 977 4084 proficisci
992 4027 1114 4084 possunt.

1247 2110 1366 2157 Gaudium

1216 2166 1243 2214 tie
1251 2171 1342 2215 actione

1215 2230 1372 2275 communita-

1217 2282 1369 2343 tumreiigio·
1404 2316 1408 2327 .

1217 2354 1299 2387 sarum
1307 2355 1359 2389 con·

1217 2402 1302 2458 ceptum
1313 2398 1379 2447 soili-

1217 2457 1322 2504 titudine

1217 2516 1324 2562 miscetur
1336 2530 1364 2562 ne
1415 2566 1419 2574 ¹

1218 2574 1271 2631 puis
1280 2587 1334 2619 usus

1218 2632 1297 2677 minus
1305 2641 1362 2690 pro-

1218 2687 1308 2734 bandus
1318 2690 1371 2736 ino·

1218 2745 1296 2793 lutat.

1243 2844 1370 2892 ‘interdum

1220 2903 1321 2962 hospitio
1331 2917 1368 2948 re·

1220 2963 1339 3020 cipiantur

1216 3023 1329 3079 personae
1342 3031 1380 3064 ex-

1221 3079 1325 3131 tramae,
1335 3075 1373 3122 id-

1221 3147 1262 3195 que
1269 3147 1316 3180 non
1324 3141 1383 3179 mire

1221 3204 1249 3239 ex
1260 3193 1367 3238 caritate.

105 4091 185 4140 Inter
193 4090 251 4140 alia
260 4089 442 4146 observanda,
457 4089 526 4138 illud
537 4094 593 4138 tam
603 4103 654 4138 nos
671 4103 755 4150 quam
770 4091 803 4141 S:
811 4089 975 4139 Pontificem
993 4088 1059 4138 lacit
1074 4088 1173 4138 sollici-
1239 4117 1240 4122 =

79 4163 133 4215 los,
144 4157 221 4218 quod
230 4155 529 4208 innonnullis⁴lamiliis
537 4169 597 4204 mos
612 4155 727 4204 inolevit
736 4161 880 4206 extraneas
896 4169 1037 4216 personas,
1054 4157 1175 4216 perplus
1225 4189 1232 4203 .

74 4224 119 4271 vel
137 4222 233 4274 minus
251 4224 376 4284 amplum
395 4221 526 4282 temporis
552 4222 684 4282 spatium.
703 4222 857 4282 excipiendi
876 4221 1007 4282 hospitio.
1039 4223 1176 4284 Quaeres

80 4289 224 4350 explorato
233 4289 332 4350 spiritu
342 4288 510 4338 christianae
520 4289 644 4338 caritatis
654 4288 894 4363 sempetlexcusari
906 4289 1012 4348 nequit,
1024 4301 1088 4337 oum
1098 4287 1175 4343 baec.
