2959 4900
75 401 134 489 [64]
177 430 243 468 nor.
261 431 358 470 artorii.
377 433 414 468 1³11
431 428 472 468 rr.
491 431 780 470 x.·1>ttuitsuctuisnt
798 429 882 468 unuin
897 431 1033 468 coutinuis
1092 407 1151 472 159

353 571 357 579 “
420 570 423 574 ⁸
466 570 721 634 'Auuoriiriouas
750 583 752 588 “

105 696 129 766 Ι.Ι
147 697 186 751 Be
216 695 280 768 ipso
312 697 520 754 Ursulinarum
553 699 689 756 Instituto
721 715 814 773 pauca
845 698 989 772 quaedam
1020 713 1155 754 enarrare

74 766 176 821 viderur
190 784 296 842 operae
308 768 445 894 pretium.
461 771 490 825 S.
515 772 627 839 Angeia
642 771 754 839 Merici,
776 787 851 843 quae
864 770 972 842 passim
985 766 1103 824 effertur
1122 781 1154 821 ut

74 837 209 892 fundatrix
231 841 309 895 Utsu
322 840 449 910 inarum,
474 843 587 898 nullam
609 842 729 916 quidem
751 841 876 898 instituit
897 839 1154 913 congregationem

74 909 239 980 religiosam,
257 912 316 979 sed,
330 913 466 987 auspiciis
479 913 623 985 gloriosae
638 914 758 987 virginis
771 931 805 970 ac
822 913 956 986 martyris
971 913 999 967 S.
1017 911 1151 976 Ursulae,

74 998 142 1034 anno
164 984 240 1050 1535,
263 983 341 1051 piam
355 985 452 1057 potius
473 985 623 1042 constituit
644 985 894 1042 consociationem
910 983 1056 1056 virgiuum
1078 999 1154 1055 quae

73 1053 199 1122 operibus
212 1055 337 1111 caritatis
350 1068 378 1112 et
390 1056 546 1130 praecipue
555 1057 740 1124 instituendis
751 1056 906 1113 christiane
916 1054 1021 1129 puellis
1034 1063 1153 1127 operam

73 1124 152 1179 darer.
168 1127 233 1198 lpsa
247 1138 345 1182 autem
364 1145 380 1184 e
398 1129 455 1186 vita
475 1129 595 1185 excessit
612 1128 735 1199 Brixiae,
750 1147 828 1184 anno
846 1128 923 1198 1540,
938 1129 1006 1184 ante
1019 1126 1153 1197 impetra-

73 1207 124 1248 tam
143 1196 324 1267 pontificiam
344 1199 471 1262 Instituti
494 1200 759 1269 confirmationem,
782 1217 858 1282 quae
880 1199 901 1262 a⁴
924 1198 1016 1254 PaUlO
1043 1197 1084 1278 ΠΙ
1112 1208 1154 1252 est

73 1285 86 1339 9
103 1267 169 1322 iunii
196 1270 262 1339 ¹544
274 1287 420 1327 concessa.
437 1270 651 1328 Diffundendae
664 1272 734 1328 huic
747 1271 854 1328 rationi
867 1270 980 1327 vivendi
994 1271 1155 1342 plurimum

73 1337 233 1395 allaboravit
260 1341 289 1396 S.
313 1342 436 1400 Carolus
460 1345 666 1410 Borromaeus,
687 1344 738 1416 qui
763 1344 851 1400 etiam
875 1361 892 1398 a
919 1341 1060 1414 Gregorio
1082 1341 1153 1394 Xlll

74 1409 186 1466 obtinuit
200 1422 232 1466 ut
250 1413 405 1470 Ursulinae
417 1431 606 1471 communem
619 1429 738 1487 agerent
751 1415 850 1471 vitam.
869 1413 947 1469 Hinc
967 1429 1027 1468 non
1040 1423 1155 1492 tantum

73 1497 116 1544 per
138 1483 252 1537 ltaliam
266 1486 420 1558 propagari
443 1499 562 1559 coeptae
584 1488 727 1548 suntsed
750 1487 780 1542 in
794 1485 919 1542 Galliam
931 1496 1019 1558 atque
1041 1483 1155 1564 innixas

75 1550 199 1629 Europae
224 1566 253 1610 et
279 1557 431 1614 Americae
456 1559 600 1630 regiones,
631 1560 702 1614 Mox
730 1558 818 1614 etiam
843 1557 975 1631 pluribus
1001 1555 1156 1610 domiciliis

73 1624 173 1680 indulta
188 1640 258 1682 sunt
270 1640 337 1682 vota
352 1629 516 1696 sollemnia,
528 1644 556 1686 et
568 1631 744 1686 constitutae
757 1641 824 1686 sunt
838 1630 934 1702 plures
949 1627 1155 1706 Ursulinarum

73 1697 314 1767 congregationes,
348 1718 454 1772 genere
469 1702 590 1758 'vivendi
626 1701 835 1774 aliquantisper
859 1700 1022 1763 dissimiles,
1049 1699 1158 1770 quibus

73 1777 160 1822 tamen
174 1769 229 1825 hae
250 1782 335 1826 uotae
348 1772 559 1829 conveniebant
576 1790 765 1829 communes:
781 1774 860 1846 quod
880 1773 980 1844 regula
999 1771 1159 1840 utebantur

76 1839 100 1892 S.
113 1841 276 1912 Augustini,
289 1843 489 1899 substantialia
501 1845 651 1918 religionis
661 1858 727 1899 vota
737 1845 893 1912 habebant,
910 1842 1158 1922 instituendarum.

75 1911 228 1968 uuellarum
252 1915 439 1984 potissimam,
456 1933 556 1973 curam
582 1917 764 1984 exercebant,
786 1927 814 1972 et
836 1914 965 1990 singulas
984 1915 1088 1968 domos
1110 1928 1154 1966 811¹

75 1979 134 2107 iupis
146 1999 207 2040 esse
230 1984 374 2042 sinebant.
392 1989 433 2042 De
448 1987 633 2044 instituendis
654 1987 760 2062 puellis
779 1986 875 2060 plures
898 1984 1021 2062 speciale
1043 1980 1157 2040 nuricu.

75 2069 104 2122 pa
121 2066 170 2110 ant
184 2069 298 2112 votum.
765 2084 769 2093 ·

106 2137 144 2190 Ex
166 2137 211 2194 his
237 2139 523 2214 Congregationibus
537 2142 705 2215 potissimae
718 2142 837 2198 fuerunt
853 2123 1032 2210 ParisierisiS,
1055 2129 1159 2196 burdiss

77 2207 186 2276 galensis
205 2227 241 2266 ac
258 2211 472 2284 Lugdunensis,
488 2231 564 2286 quae
586 2232 603 2268 a
628 2215 720 2270 Paulo
732 2215 759 2268 V
774 2227 842 2269 sunt
857 2215 960 2271 ordine
979 2213 1157 2288 approbatae

80 2279 178 2335 ilianii
194 2284 273 2351 1612,
290 2285 303 2338 5
319 2283 456 2341 februarii
474 2287 549 2354 1618,
564 2297 593 2341 et
605 2287 638 2342 23
654 2286 723 2340 maii
738 2287 814 2359 1619.
1022 2296 1027 2307 ’
1048 2297 1050 2304 ⁴

106 2363 209 2421 Gallica
222 2368 357 2422 exeuntis
371 2386 445 2424 saec.
461 2370 560 2424 XVIll
575 2369 795 2442 perturbatione
809 2368 954 2442 dispersae
968 2379 1037 2424 sunt
1048 2357 1161 2422 multae'

78 2433 232 2513 Ursulinae.
250 2438 355 2495 Sedata
367 2455 465 2497 tamen
478 2454 658 2515 tempestate,
672 2442 771 2515 plures
784 2441 932 2497 restitutae
946 2453 1014 2497 sunt
1026 2457 1161 2517 commu-3

77 2510 333 2584 unatesvariisque
355 2513 398 2568 uti
412 2527 571 2578 coeperunt
592 2513 705 2594 legibus
727 2530 761 2569 ac
782 2515 900 2581 vestitu,
920 2514 1071 2568 ita‘tamen
1086 2525 1117 2565 ut
1140 2530 1157 2565 a

76 2578 201 2648 primario
223 2582 434 2639 Ursulinarum
456 2584 514 2639 tine
535 2584 847 2641 minimerecederent.
864 2586 911 2640 Sic
932 2583 965 2639 fit
986 2598 1020 2638 ut
1039 2583 1069 2639 in
1089 2584 1157 2638 Ger·
1246 2615 1249 2621 ‹

77 2652 161 2706 mania
172 2654 330 2709 sollemnia
340 2654 481 2711 servarint
493 2670 570 2723 vota,
585 2673 661 2729 quae
674 2656 704 2711 in
716 2656 817 2737 Belgio
831 2668 859 2712 et
869 2647 1160 2726 ianalliasimplicia'

77 2732 178 2779 tantum
201 2740 415 2797 essepossunr.
441 2728 475 2782 ln
494 2728 588 2783 Gallia
609 2728 707 2801 plures
731 2740 828 2783 stricta
851 2728 923 2797 (non
938 2727 1046 2784 omissa
1067 2730 1156 2806 crate)

77 2804 186 2868 utuntur
199 2799 355 2867 clausura3
376 2798 449 2855 dum
468 2799 498 2853 in
520 2800 631 2871 Belgio,
647 2812 759 2867 contra,
775 2812 930 2855 contentae
954 2809 1023 2855 sunt
1035 2796 1157 2870 „partiali

78 2878 121 2918 ista
133 2867 268 2924 clausura
280 2886 365 2941 quae.
381 2870 410 2924 in
424 2871 531 2927 nostris
544 2870 684 2943 partibus,
699 2870 753 2925 fini
762 2870 850 2926 huius
861 2870 1029 2943 disciplina‘e
1039 2884 1160 2943 prorsus

78 2935 206 3010 sufficere,
219 2958 256 2997 ex
270 2940 332 3013 ipsa
347 2940 485 2997 diuturna
494 2942 671 3016 experientia
683 2943 902 3014 comprobatur.
918 2942 975 2998 Hic
987 2942 1085 3008 etiam,
1097 2956 1157 3011 quo

78 3009 174 3084 lacilius
186 3012 302 3086 possint
314 3012 440 3069 caritatis
453 3031 586 3070 exercere
597 3030 680 3087 opuS,
703 3013 855 3087 aliquanto
868 3014 966 3070 minus
979 3014 1159 3089 contempla·

78 3082 140 3135 noni
152 3085 262 3139 vacant
273 3100 364 3156 quam
377 3084 408 3139 in
422 3085 515 3141 Gallia
528 3099 556 3141 et
569 3085 598 3140 iri
614 3085 705 3141 ltalia.
1074 3099 1075 3103 ’

109 3166 194 3223 Porro
206 3168 379 3241 potissimus
395 3169 604 3233 Ursulinarum
618 3169 649 3223 in
664 3170 768 3241 Belgio
781 3181 884 3225 auctor
897 3169 951 3225 fuit
965 3169 1031 3243 piae
1044 3186 1156 3225 memo-

79 3234 128 3311 riae
139 3241 274 3295 sacerdos
286 3240 449 3307 Lambertz‚
462 3242 605 3313 parochus
617 3242 681 3313 pagi
691 3240 858 3296 Thildonck
870 3242 973 3315 (prope
985 3242 1152 3297 Lovanium

79 3322 102 3358 ui
116 3309 285 3367 Brabantica
298 3312 469 3385 provincia).
486 3313 523 3380 ls,
547 3314 606 3367 iam
619 3329 698 3367 anno
720 3314 796 3381 1831,
811 3331 827 3367 a
840 3314 1066 3385 congregatione
1083 3316 1154 3368 Bur-

79 3376 205 3450 digalensi
219 3393 374 3439 mutuatus
386 3396 429 3439 est
442 3384 529 3457 leges,
544 3400 620 3456 quae
641 3383 756 3451 deinde,
772 3400 806 3439 ex
821 3383 1034 3459 Episcoporum
1058 3394 1162 3439 aucto:

79 3448 159 3522 ritate,
173 3457 209 3509 ad
230 3467 347 3510 nostras
368 3456 501 3528 regiones
524 3467 592 3511 sunt
613 3454 739 3528 perfecte
753 3456 1007 3524 accommodatae3
1025 3469 1112 3529 atque
1127 3456 1161 3509 in³

79 3535 122 3577 sua
133 3527 267 3597 paroecia
281 3526 405 3582 domuin
417 3527 548 3582 condidit
561 3544 636 3599 quae
649 3540 677 3581 et
689 3526 752 3600 ipsa
765 3539 807 3582 est
820 3525 1027 3583 florentissima
1041 3541 1069 3584 et
1083 3528 1156 3582 mul-

79 3605 165 3651 torum
178 3596 468 3654 conservatoriorum
491 3611 533 3654 est
554 3598 584 3653 in
610 3598 711 3670 Belgio
730 3609 758 3653 et
777 3597 807 3651 in
821 3599 928 3671 Anglia
950 3600 1027 3654 alma
1041 3614 1158 3673 parens¹

79 3664 207 3737 Apauds
230 3686 302 3725 vero
323 3669 407 3725 annis
420 3681 487 3725 sunt
506 3669 582 3725 inter
603 3670 708 3725 domos
730 3670 852 3742 quaein
876 3670 978 3742 Belgio
991 3683 1059 3726 sunt
1072 3671 1157 3725 binae

79 3736 210 3798 conflatae
235 3741 543 3814 societatesquarum
565 3742 665 3810 altera,
692 3740 833 3797 dioecesis
856 3742 1073 3797 Mechliniensis
1099 3742 1157 3809 (cui

79 3808 226 3869 adhaerent
252 3813 344 3869 etiam
368 3812 474 3867 domus
500 3813 645 3885 quaedam
669 3812 815 3884 Angliae),
843 3830 947 3869 omnes
970 3814 1060 3870 ferme
1080 3813 1159 3868 illius

80 3877 208 3957 dioecesis
221 3884 327 3940 domos
340 3884 551 3957 complectitur,
571 3884 661 3939 altera
676 3882 831 3939 Ursulinas
844 3898 1000 3957 congregat
1016 3885 1158 3941 Leodien-

78 3965 112 4004 sis
130 3954 278 4012 dioecesis.
305 3954 357 4011 Sui
376 3968 474 4011 tamen
498 3956 569 4011 iuris
582 3968 701 4011 manent
720 3954 836 4027 singula
854 3957 1085 4025 conservatoria3
1110 3960 1159 4012 sed

80 4020 129 4078 buc
138 4037 268 4097 spectant
277 4025 494 4083 coniunctionis
504 4027 670 4095 commoda,
689 4040 722 4082 ut
734 4025 766 4080 in
779 4028 930 4082 communi
944 4028 1032 4084 domo
1045 4028 1159 4091 (saltem

80 4108 123 4171 per
139 4097 267 4167 priorem
286 4097 469 4171 probationis
482 4101 604 4170 annum)
626 4098 817 4153 instituantur
830 4099 970 4167 noviciae,
987 4111 1078 4173 utque
1091 4099 1159 4156 faci-

81 4164 129 4220 lius
145 4170 267 4240 possint,
291 4170 330 4225 ob
354 4168 444 4225 iustas
472 4187 584 4238 causas,
609 4169 645 4225 ab
666 4187 726 4224 una
741 4169 772 4223 in
785 4168 873 4224 aliam
893 4172 1015 4226 domum
1034 4172 1159 4243 migrare

82 4233 237 4358 plrsulinae.
261 4241 362 4297 Addas
386 4240 478 4314 magis
506 4240 671 4298 ordinatam
697 4240 839 4296 rationem
864 4242 964 4318 tuendi
990 4242 1158 4314 disciplinae

90 4323 223 4369 errorem.

113 4394 282 4471 Exemplum
295 4398 373 4457 istud
388 4397 498 4455 videtur
511 4397 635 4456 movisse
655 4397 881 4471 Superiorissam
895 4400 1159 4471 quandarnmona·
