2959 4900
283 366 286 373 ’
329 366 388 428 lli
783 387 965 425 uouuuaunt

327 518 408 576 fessis
427 536 467 579 ac,
486 520 705 589 Communione
722 520 846 591 refectis,
875 520 925 595 qui
949 522 1057 579 dictam
1077 520 1291 579 invocationem
1309 518 1401 576 cotidie
1455 525 1457 576 ξ

328 592 450 649 recitare
462 591 676 649 consueverint.

132 664 271 710 concent-
366 662 448 717 iuxta
462 678 560 733 preces
575 662 605 717 in
621 662 750 719 Domino
760 664 859 736 quoad
873 662 985 724 omnia.

110 720 202 819 ”Bm
212 773 236 827 (3
365 733 421 791 Die
435 734 452 789 8
465 732 539 789 iunii
558 734 636 807 1906.

112 830 252 889 mmm),
855 887 858 894 Ι
1119 806 1212 861 PIUS
1232 805 1291 861 PP.
1310 804 1345 858 X.
1455 871 1457 885 .

139 920 214 969 cmi
229 932 274 965 na·
366 900 528 957 Praesentis
550 899 681 970 rescripti
698 899 903 956 authenticum
924 901 1073 971 exemplar
1091 900 1255 961 exhibitum
1278 900 1331 955 fuit
1350 896 1404 952 huic

112 979 146 1025 tio
162 978 191 1026 S.
211 933 273 1025 8οη-
329 970 359 1027 S.
376 972 483 1043 Congni
498 972 582 1027 Indul
606 971 783 1045 .Sacrisque
799 972 862 1028 Rel.
878 972 1070 1046 praepositae.
1455 991 1457 1014 ³

109 1034 258 1095 gemula.
366 1044 543 1115 loquorum
557 989 728 1105 nieman.
808 1061 810 1068 ’

364 1117 475 1173 Datum
491 1115 602 1170 Romae
616 1130 632 1170 e
645 1114 734 1171 Sectia
747 1113 877 1171 eiusdem
891 1114 920 1169 S.
933 1114 1060 1187 eongnis,
1075 1113 1124 1171 die
1140 1116 1171 1171 16
1183 1113 1258 1170 iunii
1274 1112 1348 1186 1906.

728 1272 738 1305 Ι
780 1201 819 1257 Ι).
842 1198 956 1266 Panrcr,
972 1198 1065 1253 Arch.
1081 1198 1258 1265 Laodicen„
1275 1197 1378 1251 Secret.
1455 1169 1457 1200 Ι

761 1332 991 1389 Aunornrrouns

367 1469 389 1507 1.
410 1449 509 1505 Tertia
530 1448 620 1521 gratia
636 1448 817 1575 (perspicitur
843 1468 905 1505 non
928 1466 990 1507 esse
1011 1449 1188 1506 Monialium
1206 1446 1335 1519 propria,
1354 1459 1408 1499 cum
1455 1453 1457 1476 ¹

272 1570 276 1577 .
329 1539 435 1578 novam
448 1522 589 1578 concedat
603 1521 634 1576 in
656 1520 819 1593 ulgentiam
827 1522 966 1577 omnibus
979 1520 1116 1577 fidelibus
1129 1519 1322 1593 propositam,
1335 1530 1408 1588 quam

328 1594 376 1649 hic
398 1592 587 1649 exscribimus
609 1591 678 1672 quia
705 1592 735 1647 in
763 1594 869 1649 eodem
893 1593 1062 1649 continetur
1082 1591 1209 1666 supplici
1231 1590 1342 1654 libello,
1368 1600 1409 1641 nec

328 1664 416 1721 nimis
430 1664 531 1719 multis
549 1663 643 1719 verbrs
656 1663 840 1735 exprimitur.
1085 1722 1090 1731 ,
1351 1728 1356 1738 .

365 1755 391 1791 2.
417 1736 459 1791 De
484 1733 628 1792 extensiva
646 1746 776 1791 ceterum
789 1733 983 1806 amplitudine
1006 1752 1065 1807 qua
1090 1734 1177 1790 binae
1201 1732 1293 1789 etiam
1315 1742 1409 1804 priores

328 1804 438 1880 gratiae
451 1819 518 1863 sunt
532 1822 687 1862 concessae
700 1805 773 1862 haec
783 1818 856 1870 sunt,
864 1806 1046 1862 observanda
1063 1825 1070 1861 :
1404 1868 1409 1877 ,

364 1884 391 1948 a]
409 1878 492 1934 Prior
506 1875 599 1949 gratia
620 1876 788 1932 communis
803 1877 917 1933 videtur
936 1878 1076 1933 omnibus
1099 1874 1284 1931 Monialibus
1298 1888 1379 1945 quae,
1390 1887 1410 1922 vr

275 1978 277 1985 ι
329 1950 446 2022 regulae
467 1966 546 2014 suae,
569 1948 748 2003 addicuntur
770 1947 872 2017 chor0,
894 1948 934 2003 ita
956 1960 990 2004 ut
1013 1948 1134 2006 Missam
1154 1947 1285 2003 habeant
1310 1940 1411 2017 proprie

328 2020 564 2077 conventualem.

365 2092 412 2158 Vi,
427 2092 558 2164 inquam,
574 2090 701 2159 regulae,
723 2106 760 2146 ne
773 2087 925 2171 privilegio
940 2090 1092 2163 priventur
1108 2088 1254 2145 Moniales
1272 2086 1339 2143 illae
1350 2098 1412 2156 quae

330 2162 360 2219 in
379 2162 478 2235 belgio
503 2177 530 2218 et
551 2160 644 2217 Gallia
668 2178 729 2217 non
750 2162 810 2216 iam
832 2162 887 2216 nist
901 2161 1045 2242 simplicia
1058 2172 1232 2232 nuncupant
1245 2172 1325 2222 vota,
1339 2158 1375 2212 ita
1388 2165 1413 2207 ut

329 2234 481 2291 communi
498 2232 675 2289 Monialium
689 2232 787 2289 stricte
800 2233 945 2288 dictarum
959 2250 1022 2293 rure
1037 2232 1097 2288 iam
1109 2249 1169 2287 non
1185 2243 1337 2301 regantur.

368 2308 424 2360 Per
436 2322 466 2361 se
481 2305 601 2378 quidem
613 2305 704 2376 gratia
718 2304 773 2359 ista
787 2303 846 2360 fere
869 2320 931 2359 non
952 2302 1042 2360 afficit
1063 2303 1119 2359 nisi
1147 2303 1328 2358 Monasteria
1345 2310 1413 2379 voto-

330 2394 397 2432 rum
416 2377 623 2444 sollemnium3
645 2375 667 2431 si
683 2391 759 2447 quae
779 2388 879 2430 tamen
898 2374 986 2431 latius
1001 2375 1094 2431 dictae
1110 2373 1257 2429 Moniales
1272 2382 1413 2447 canonicas

330 2450 497 2529 persolvant
528 2448 615 2503 horas
645 2446 825 2520 Missamque
857 2447 977 2503 audiant
1007 2445 1242 2510 conventualem,
1275 2442 1413 2518 privilegio

331 2533 386 2574 isto
400 2537 459 2575 non
475 2520 617 2583 excident,
643 2519 683 2574 ita
698 2531 731 2574 ut
752 2517 845 2591 magis
858 2519 1040 2591 observanda
1061 2518 1195 2574 videatur
1208 2517 1413 2573 circumstanna

333 2591 438 2646 Missae
453 2589 666 2654 conventualis,
681 2607 770 2672 quam
785 2601 923 2646 votorum
938 2590 1075 2663 qualitas.
1399 2651 1404 2658 ,

369 2664 396 2733 b)
416 2662 516 2718 Altera
540 2674 729 2733 verograt1a‚
753 2661 886 2734 quamvis
910 2678 960 2733 per
983 2655 1161 2717 Monialium
1179 2657 1369 2735 occasionem
1387 2663 1414 2706 si

332 2734 487 2806 postulata,
501 2733 595 2789 verbis
609 2733 794 2805 generalibus
816 2746 859 2789 est
871 2749 1016 2805 expressa,
1037 2733 1078 2788 ita
1093 2742 1125 2784 ut
1138 2729 1281 2786 omnibus
1294 2726 1413 2808 fidelibus
1455 2762 1457 2775 .

332 2821 488 2875 suppressa
511 2804 547 2860 sit
578 2804 723 2874 condicio,
756 2805 839 2878 prius
869 2803 1019 2878 requisita,
1053 2801 1208 2860 sollemnis
1237 2799 1413 2876 expositionis
1455 2812 1457 2875 g

333 2876 405 2931 SS¹¹s²i
420 2875 612 2931 Sacramenti.
968 2886 973 2893 “
1399 2934 1403 2942 ,

368 2948 394 3002 3.
409 2949 537 3016 Quaeret
551 2947 696 3020 quispiam
712 2963 764 3000 cur
782 2958 848 3018 post
871 2946 992 3002 Missam
1012 2945 1244 3001 Conventualem
1265 2937 1414 3000 Sacratissr·
1455 2946 1457 3010 ξ

333 3035 417 3074 mum
439 3019 498 3074 Cor
524 3021 588 3074 lesu
610 3034 670 3073 non
694 3018 877 3087 imploretur.
904 3016 989 3072 Ratio
1012 3017 1138 3088 petenda
1159 3028 1201 3071 est
1224 3033 1259 3072 ex
1286 3022 1414 3085 responso
1455 3019 1457 3087 j

334 3090 363 3144 S.
381 3090 503 3146 Rituum
513 3088 765 3162 congregationis,
779 3089 836 3144 diei
855 3088 1056 3161 17decembris
1073 3087 1150 3157 1888,
1162 3087 1326 3142 secundum
1338 3094 1414 3155 quam
1455 3097 1457 3158 ᾗ

334 3159 424 3216 Missa
446 3160 664 3220 Conventualis.
681 3161 769 3216 etiam
783 3160 866 3223 lecta,
883 3172 925 3215 est
945 3158 1052 3214 Missae
1065 3169 1199 3224 cantatae
1211 3149 1415 3230 aequiperanda
1455 3166 1457 3200 t

334 3231 364 3286 in
378 3232 440 3302 lege
454 3250 511 3304 qua
528 3233 588 3287 Leo
612 3232 684 3286 Xlll
713 3231 808 3286 Missis
827 3229 945 3304 privatis
964 3241 1079 3285 tantum
1098 3222 1415 3286 annexuit-fundendas
1455 3224 1457 3279 ξ

335 3304 477 3374 quasdam
496 3319 605 3376 preces.
1455 3316 1457 3324 ’

494 3588 591 3675 142.
614 3640 654 3650 -
677 3600 713 3670 s.
739 3601 775 3670 c.
801 3602 956 3672 inputa.
983 3555 1038 3669 rr
1058 3559 1122 3670 ‘ssss
1146 3599 1270 3668 attia.

442 3762 651 3829 INDULTUM
671 3761 709 3815 13
726 3761 806 3816 IUN.
827 3761 909 3815 1906
927 3761 987 3814 EX
1001 3759 1226 3842 AUDIBNTIA
1245 3755 1321 3811 SSffli

336 3902 540 3959 concedens
570 3902 696 3973 congr.
727 3901 910 3960 Missionis
937 3900 1134 3956 faciliorem
1162 3897 1414 3968 impositionem

488 3987 691 4057 Scapularia
711 3985 749 4041 Β.
771 3984 817 4040 Μ,
839 3984 880 4039 V.
902 3984 947 4039 de
966 3984 1091 4039 Monte
1111 3982 1270 4040 carmelo

373 4131 555 4204 Augustinus
565 4131 732 4197 Veneziani‚
754 4132 928 4185 Procurator
941 4129 1091 4185 Generalis
1102 4124 1343 4199 Congregationis
1358 4119 1414 4176 Mis·

337 4201 435 4270 sionis,
457 4204 493 4258 ad
506 4204 593 4275 pedes
612 4204 641 4258 S.
656 4204 693 4258 V.
709 4202 860 4257 humiliter
880 4201 1061 4272 provolutus,
1083 4200 1166 4254 enixe
1185 4199 1256 4270 petit
1269 4195 1412 4251 indultum.

338 4273 419 4326 cuius
432 4273 530 4345 vigore
540 4274 709 4329 Sacerdotes
720 4274 814 4328 dictae
825 4272 1078 4344 Congregationis,
1095 4271 1146 4344 qui
1154 4269 1291 4325 facultate
1300 4264 1414 4340 gaudent
1455 4289 1457 4296 ·

338 4343 527 4398 benedicendi
538 4360 570 4398 ac
584 4345 755 4416 imponendi
770 4343 940 4416 Scapularia
957 4345 990 4398 B.
1006 4344 1049 4399 M.
1062 4343 1098 4397 V.
1114 4342 1149 4398 de
1164 4342 1266 4397 Monte
1281 4333 1411 4400 Carmelo,
1455 4376 1457 4379 .
