2959 4900
98 371 163 447 [80]
188 394 212 430 s.
229 393 253 427 c.
265 391 382 427 inaure.
393 391 608 427 iunuioauriiie
619 390 655 425 iir
665 390 787 426 smirnii
798 389 866 425 SPIR.
885 388 929 425 rr.
942 386 1131 423 M1N.cnl²ttcc.
1156 363 1192 425 ll

100 522 255 580 dominica
266 520 435 577 huiusmodi
449 520 557 577 mensis
579 521 616 575 ad
636 521 666 575 S.
690 520 832 591 Synaxim
854 519 1004 576 accesserit
1024 520 1145 589 (Paulus
1158 521 1194 589 V,

100 617 117 646 «
130 596 288 651 Romanus
300 592 482 665 Pontifex»,
498 593 531 647 23
545 592 615 646 maii
634 592 724 662 2606).

138 697 167 734 2.
189 679 307 751 Septem
319 694 478 744 annorum,
490 675 585 750 prima
596 674 667 731 feria
680 684 760 731 sexta
773 673 929 730 cuiuslibet
942 673 1061 739 mensis,
1076 670 1126 729 sin'
1163 672 1199 730 lis

100 748 261 823 religiosis,
273 748 324 821 qui
334 747 547 822 professionem
558 745 761 803 renovaverint
774 746 858 815 (Pius
872 744 922 811 IX,
938 764 954 817 7
966 745 1095 801 octobris
1109 764 1117 799 2
1141 747 1197 819 73).

139 835 167 889 3.
192 834 329 906 Quinque
353 848 502 886 annorum
525 830 702 904 totidemque
722 830 992 903 quadragenarum
1015 830 1045 886 in
1069 830 1199 911 qualibet

99 906 163 973 die,
185 905 325 959 omnibus
349 901 503 974 Religiosis
526 901 602 957 intra
621 903 747 957 claustra
770 900 943 968 viventibus,
967 902 1017 973 qui
1040 901 1197 974 quinquies

98 978 201 1031 Pater
223 988 251 1031 et
271 975 339 1029 Ave
357 985 424 1029 ante
446 974 536 1028 altare
560 973 695 1046 propriae
718 970 868 1039 ecclesiae,
892 972 946 1042 vel,
967 972 991 1027 si
1015 972 1050 1028 de
1073 989 1196 1028 suorum

101 1047 300 1121 Superiorum
311 1045 428 1100 licentia
438 1044 469 1100 iri
478 1044 582 1100 itinere
591 1044 738 1111 exsistant,
753 1055 804 1098 aut
818 1053 971 1116 tamquam
984 1043 1196 1115 praedicatores

99 1132 156 1173 aut
167 1118 292 1173 lectores
301 1129 381 1172 extra
395 1116 520 1171 claustra
533 1116 649 1188 degant,
665 1127 733 1171 ante
748 1114 901 1186 quodlibet
914 1114 1004 1171 altare
1016 1114 1199 1171 recitaverint

100 1189 232 1260 (Paulus
246 1190 282 1256 V,
297 1209 313 1240 r
326 1188 479 1243 Romanus
491 1185 639 1256 Pontifex
653 1208 679 1256 »‚
697 1187 729 1242 23
744 1184 813 1241 maii
831 1186 922 1257 1606).

136 1291 168 1342 4.
193 1272 301 1328 Trium
317 1288 464 1327 annorum
487 1272 667 1344 totidemque
685 1270 955 1344 quadragenarum
977 1269 1129 1342 Religiosis
1147 1272 1199 1344 qui

98 1344 196 1400 corde
209 1343 313 1399 saltem
332 1343 448 1398 contriti
462 1360 566 1399 eorum
588 1342 689 1413 culpas
703 1354 731 1397 et
743 1354 862 1414 peccata
873 1358 907 1396 ac
919 1341 1151 1411 imperfectiones
1167 1342 1198 1398 in

98 1414 243 1487 capitulis
256 1414 411 1495 culparum
424 1409 631 1475 accusaverint,
651 1430 769 1468 necnon
788 1412 976 1485 spiritualiter
998 1414 1203 1469 communica·¹

97 1486 200 1541 verint
214 1499 243 1541 et
257 1498 427 1544 exercitium
436 1485 578 1542 virtutum
591 1484 712 1539 fecerint
726 1484 794 1553 (Id,
809 1482 903 1551 ibid).

138 1571 168 1625 5.
194 1570 408 1625 Trecentorum
418 1570 534 1625 dierum
544 1569 582 1624 ab
592 1568 627 1624 iis
644 1567 797 1640 Religiosis
810 1568 899 1623 semel
913 1567 1000 1623 indie
1013 1568 1194 1639 lucrandam,

97 1640 123 1697 si
143 1642 353 1713 precationem
377 1662 393 1692 «
418 1640 703 1696 Misericordiarum
724 1640 820 1694 Pater
838 1661 854 1691 ii
874 1656 941 1694 cum
961 1640 1063 1709 Pater,
1084 1642 1151 1696 Aue
1170 1653 1198 1696 et

99 1711 219 1767 Gloria
233 1713 336 1767 devote
356 1712 539 1767 recitaverint
561 1712 636 1779 (Leo
655 1711 739 1778 XIII,
766 1712 864 1769 Rescr.
888 1711 918 1766 S.
944 1710 1053 1783 Congr.
1080 1712 1195 1783 Indulg.

102 1803 135 1856 29
150 1783 322 1839 novembris
338 1784 426 1857 1895).

408 1929 444 1987 D.
463 1958 500 1970 -
521 1929 692 1983 Priviiuciii
711 1945 748 1981 rr
769 1929 901 1982 luouirii

140 2069 167 2108 i.
185 2048 325 2120 Religiosi
345 2047 405 2120 qui,
423 2046 563 2103 violentia
582 2047 714 2119 dispersi,
730 2048 762 2102 in
777 2046 914 2105 domibus
927 2047 1132 2121 peculiaribus,
1144 2048 1196 2106 ubi

97 2132 249 2194 quattuor
268 2118 370 2174 saltem
389 2130 607 2174 commorantur
626 2120 800 2187 sacerdotes,
822 2119 858 2173 de
868 2118 984 2175 licentia
1004 2120 1197 2201 Superiorum

1271 662 1408 732 ¹Professio-

1248 736 1288 769 nis
1296 736 1395 769 renoua-

1249 781 1291 827 tio.

1280 853 1408 914 Quinquies

1248 912 1323 959 Pater
1333 920 1353 957 it

1248 970 1308 1017 Aue.

1281 1264 1408 1311 Accusatio

1249 1321 1379 1381 culparum.

1279 1575 1366 1639 Oratio

1252 1648 1261 1676 r
1272 1632 1381 1683 Miseri-

1249 1690 1406 1743 cordiarum

1250 1748 1332 1797 Pater
1344 1766 1365 1798 i.

97 2196 228 2264 degunt,
241 2190 273 2245 in
286 2190 399 2261 privato
412 2190 540 2246 oratorio
553 2192 714 2247 earundem
729 2191 889 2245 domorum
902 2208 1005 2247 omnes
1018 2204 1045 2247 et
1067 2192 1197 2263 singulas
1263 2226 1265 2233 ‹

98 2262 307 2389 indulgentias
321 2260 427 2317 lucrari
441 2261 549 2329 valent,
561 2262 668 2333 quibus
681 2262 848 2335 gaudebant
859 2262 1005 2319 Ecclesiae
1016 2276 1065 2319 aut
1078 2264 1195 2333 domus

98 2354 115 2390 e
131 2334 188 2408 qui
210 2350 247 2389 us
261 2331 671 2414 exturbatifuerunqceteris
684 2333 811 2413 servatis.
826 2333 861 2413 de
875 2334 939 2388 iure
953 2333 1099 2390 servandis
1113 2334 1197 2405 (Pius

100 2408 157 2473 IX,
175 2407 262 2464 Dect.
278 2406 307 2463 S.
326 2405 438 2464 Paenit.
451 2406 488 2465 ,28
501 2406 565 2460 iulii
584 2405 650 2461 1866
662 2417 690 2461 et
706 2405 737 2461 18
751 2404 850 2478 aprilis
867 2405 956 2478 i8b7l.

139 2510 168 2548 2.
188 2489 329 2570 Religiosi
348 2488 469 2546 infirmi·
480 2501 508 2546 et
522 2488 755 2545 convalescentes
770 2491 800 2545 in
814 2488 1038 2557 valetudinario,
1052 2489 1197 2547 visitando

99 2561 250 2618 sacellum
261 2559 458 2629 infirmorum,
474 2561 590 2633 aliaque
604 2576 694 2634 opera
708 2561 888 2635 praescripta
900 2561 1075 2643 peragend0,
1090 2561 1197 2619 lucrari

100 2645 233 2706 possunt
254 2648 357 2688 omnes
372 2632 579 2705 indulgentias,
594 2649 667 2703 quas
681 2631 826 2687 visitando
839 2632 958 2688 Ordinis
973 2632 1116 2688 Ecclesias
1128 2651 1197 2689 con·

101 2705 301 2777 sequerentur
311 2704 498 2773 (Benedictus
510 2704 594 2771 XIII,
612 2721 646 2772 24
659 2703 760 2778 aprilis
777 2704 866 2776 1725).

139 2789 168 2847 3.
186 2787 329 2860 Religiosi
343 2787 395 2859 qui
413 2787 452 2842 ita
471 2787 605 2860 graviter*
615 2787 788 2843 recumbant
801 2800 863 2843 ute
881 2787 957 2843 lecto
983 2804 1100 2860 surgere
1119 2788 1197 2843 etad

102 2859 263 2915 ecclesiam
286 2875 316 2914 se
339 2858 471 2914 conferre
495 2875 556 2914 non
582 2858 707 2926 valeant,
731 2859 848 2914 easdem
871 2859 1067 2932 indulgentias
1091 2858 1198 2914 lucrari

102 2943 243 3000 possunt,
258 2930 425 3002 peragendo
444 2946 533 3002 opera
554 2928 687 2985 iniuncta
698 2946 759 3001 pro
784 2929 916 3002 ipsorum
937 2943 1014 2985 statu
1035 2930 1195 3003 possibilia,

102 3002 150 3056 vel
166 3017 202 3057 ea
215 3001 381 3074 supplendo
402 3018 454 3068 per
474 3001 541 3069 alia,
562 3000 593 3057 in
616 3017 693 3072 quae
715 3019 732 3056 a
758 3001 914 3073 Superiore
932 3001 977 3056 vel
990 3019 1007 3056 a
1020 3001 1198 3058 confessario

103 3073 372 3128 commutabuntur
388 3072 456 3141 (ld,
472 3073 508 3127 3ο
516 3072 575 3127 ian.
594 3073 683 3143 1726).
705 3076 708 3080 “

139 3175 169 3236 4.
194 3155 336 3237 Religiosi
360 3156 491 3238 accipere
513 3169 637 3229 possunt
660 3147 885 3237 Absolutionem
907 3135 1084 3231 generalem
1111 3155 1198 3212 eriam

104 3229 246 3300 privatim
269 3244 301 3282 in
322 3227 475 3300 pervigilio
494 3227 645 3292 festorum,
661 3229 769 3300 quibus
783 3228 862 3300 ipsae
886 3239 953 3282 sunt
976 3228 1123 3297 adnexae3
1144 3244 1199 3284 nec

105 3299 205 3355 nonii
229 3298 281 3371 qui
301 3298 432 3371 legitimo
453 3299 620 3354 detinentur
632 3298 856 3372 impedimento,
871 3317 889 3354 a
908 3299 1064 3380 Superiore
1083 3299 1199 3372 dignos·

1281 3168 1332 3215 Pro
1345 3168 1383 3216 dte

1251 3225 1408 3275 absolutionis

1249 3284 1374 3342 generalis.

95 3371 213 3440 sendo,
230 3369 389 3442 quominus
411 3370 442 3425 in
467 3370 513 3426 die
538 3370 683 3443 assignata
696 3369 778 3424 illam
800 3373 928 3444 recipere
951 3383 1073 3444 possint,
1087 3388 1148 3425 uno
1163 3387 1199 3426 ex
1288 3391 1291 3396 ¹

106 3453 221 3568 septem
234 3441 337 3496 diebus
349 3441 456 3498 festum
470 3441 650 3514 assignatum
665 3441 833 3497 immediate
846 3442 1047 3513 sequentibus
1067 3442 1198 3516 accipere
1264 3515 1266 3520 ,

105 3530 141 3567 va
154 3527 206 3568 ent
221 3513 305 3584 (Pius
318 3513 354 3580 X,
372 3515 469 3571 Rescr.
490 3514 520 3571 S.
533 3515 641 3584 Congr.
660 3513 776 3585 Indulg.
796 3531 828 3583 14
839 3512 1000 3570 decembris
1018 3519 1107 3587 1904).

145 3597 171 3652 5.
187 3596 290 3652 Altare
301 3595 396 3650 maius
413 3596 549 3651 omnium
571 3594 760 3650 ecclesiarum
782 3595 901 3650 Ordinis
924 3597 1030 3668 gaudet
1046 3595 1198 3670 privilegio

106 3667 259 3723 cotidiano
283 3682 337 3738 pro
358 3666 456 3723 Missis
475 3684 551 3740 quae
574 3667 604 3722 in
619 3667 723 3722 eodem
736 3667 962 3727 celebrabuntur
979 3683 1199 3748 aquocumque

95 3739 276 3805 -siicerdote,
290 3737 349 3793 sive
362 3739 489 3810 regulari
510 3739 569 3794 sive
582 3737 733 3806 saeculari,
750 3739 780 3792 in
791 3736 965 3810 suffragium
980 3756 1095 3794 animae
1109 3739 1198 3793 alicu·

106 3810 154 3865 ius
164 3808 295 3865 defuncti
308 3809 455 3880 (Clemens
467 3810 546 3877 XIV,
566 3811 663 3865 Rescr.
685 3810 714 3868 S.
733 3811 827 3880 Cong.
841 3809 957 3882 Indulg.
977 3811 1011 3865 3ο
1022 3809 1086 3864 iulii
1105 3818 1196 3882 2770).

144 3882 172 3939 6.
194 3880 309 3936 Eodem
331 3881 482 3954 privilegio
501 3882 609 3954 gaudet
626 3881 718 3936 altare
739 3881 839 3937 sacelli
860 3881 1142 3938 valetudinariorum
1166 3880 1197 3934 iri

106 3951 303 4008 conventibus
319 3952 448 4021 Ordinis,
462 3969 517 4027 pro
528 3953 626 4007 Missis
639 3968 714 4024 quae
727 3952 800 4007 inibi
811 3952 995 4008 celebrantur
1014 3969 1029 4006 a
1045 3951 1198 4022 Religiosis

107 4022 230 4078 senibus
249 4035 278 4078 et
290 4021 426 4091 infirmis,
440 4025 534 4097 quise
553 4024 591 4078 ad
602 4022 763 4080 Ecclesiam
776 4023 908 4079 conferre
923 4037 1073 4096 nequeunt
1093 4026 1197 4093 (Bene-

96 4093 204 4149 ›dictus
216 4094 296 4164 XIV,
314 4095 344 4150 15
356 4095 526 4169 septembris
545 4096 612 4168 1750
625 4107 653 4150 et
665 4096 757 4150 Breve
771 4113 780 4150 2
796 4094 895 4167 aprilis
912 4097 1000 4168 1754).

146 4196 174 4244 7.
191 4176 265 4233 ltein
277 4177 475 4250 privilegiatae
490 4192 568 4248 sunt,
583 4179 619 4234 ad
635 4179 786 4251 quodlibet
798 4179 888 4235 altare
902 4177 1100 4235 Ecclesiarum
1113 4177 1197 4233 Ordi-

108 4247 159 4328 nis
181 4249 374 4329 celebrentur,
401 4261 460 4306 tres
487 4250 596 4306 Missae
622 4267 698 4330 quae
724 4268 740 4330 a
765 4250 969 4330 Sacerdotibus
991 4249 1111 4306 Ordinis
1143 4265 1197 4322 pro

108 4335 210 4375 anima
222 4337 365 4392 cuiusque
377 4320 506 4377 defuncti
521 4322 636 4377 Summi
654 4320 805 4377 Pontificis
818 4334 846 4377 et
865 4322 1029 4377 CardInalis
1050 4322 1197 4376 Protecto-

1279 3606 1364 3653 Altam

1247 3663 1388 3724 t

1279 4205 1372 4252 Missae

1247 4261 1387 4322 priuilegia·

1251 4325 1296 4368 tae·
