2959 4900
730 310 909 347 MONUMENTA

370 495 436 582 24.
462 549 499 557 -
524 510 557 580 s.
581 510 617 580 c.
642 510 922 582 rersooronurr
945 513 997 582 ετ
1020 513 1271 600 assuetarum

548 705 789 761 RESPONSUM
807 707 822 760 1
842 707 993 763 malem
1010 709 1093 763 1904

311 878 365 934 De
383 879 502 936 reditu
521 879 658 936 Fratris
676 880 883 1036 mnodesgin
901 882 1090 952 pristinum
1113 882 1323 939 Missionum

728 978 770 1020 co
858 978 917 1021 um

312 1135 456 1190 Nonnulli
472 1135 643 1208 Superiores
657 1136 795 1208 Collegiis
816 1136 991 1192 Missionum
1007 1137 1037 1192 in
1053 1139 1188 1193 America
1202 1138 1363 1211 Seraphico

278 1208 412 1262 Fratrum
434 1207 587 1262 Minorum
609 1206 713 1263 Ordini
736 1208 961 1264 commissarum
979 1209 1127 1282 praefecti,
1143 1210 1181 1264 ad
1195 1209 1364 1265 Sanctitatis

274 1279 356 1333 Tuae
370 1278 458 1351 pedes
467 1278 633 1335 humillime
648 1279 806 1351 provoluti,
820 1280 971 1353 sequentia
985 1294 1136 1352 exponunt
1153 1302 1168 1336 :-

310 1360 497 1434 Apostolicae
513 1361 639 1417 Litterae
652 1363 683 1416 in
706 1361 802 1418 forma
829 1362 927 1419 Brevis
949 1363 1056 1444 quibus
1072 1365 1211 1418 Summus
1229 1364 1367 1420 Pontifex

91 1176 211 1224 Oratores·

62 1401 210 1506 (1(ἕῇξῇπῇ
278 1433 347 1488 Pius
370 1433 419 1502 lX,
444 1434 498 1487 sub
520 1431 566 1488 die
593 1452 622 1488 12
646 1433 718 1489 iunii
743 1452 822 1490 anno
848 1435 925 1507 1877,
949 1435 1103 1490 missiones
1127 1434 1309 1491 minoriticas
1335 1435 1368 1490 in

63 1515 89 1562 de
111 1517 155 1574 tege
174 1530 219 1584 qua
275 1503 410 1560 America
433 1503 601 1559 exsistentes
613 1504 706 1561 voluit
722 1523 784 1561 esse
796 1505 948 1578 regendas,
970 1506 1024 1561 sub
1042 1505 1129 1562 titulo
1151 1527 1167 1557 ‹<
1181 1506 1229 1560 De
1242 1507 1367 1563 Missio-

64 1573 218 1642 intellegam
277 1575 373 1631 nariis
386 1576 415 1630 in
434 1574 571 1649 Collegio
584 1576 774 1632 admittendis
787 1589 816 1633 et
827 1577 1007 1633 dimittendis
1022 1599 1037 1629 n
1052 1595 1133 1633 num.
1157 1578 1224 1633 LXl
1245 1578 1366 1652 permit-

63 1633 209 1734 Mmjimm
275 1659 342 1704 tunt
366 1646 518 1719 Religiosis
543 1647 594 1719 qui
623 1647 653 1702 in
677 1648 778 1720 aliquo
804 1648 929 1720 collegio
956 1649 1170 1722 professionem
1196 1650 1369 1721 religiosam

63 1695 219 1805 ζῖῗξηῖᾟ,
276 1733 418 1790 tanquam
441 1718 573 1774 eiusdem
596 1717 650 1774 filii
669 1719 838 1788 emiserunt,
862 1733 895 1775 ut
916 1732 982 1793 post
1005 1720 1181 1776 decennium
1205 1721 1242 1776 ab
1261 1738 1369 1776 eorum

63 1803 102 1850 tud
117 1805 200 1852 amp:
277 1790 412 1846 sollemni
424 1789 603 1862 professione
616 1790 660 1846 vel
673 1791 860 1847 ordinatione
873 1791 1044 1847 sacerdotali
1058 1802 1248 1864 transactum,
1267 1792 1368 1864 prouti

63 1865 162 1920 parent.
276 1861 435 1935 respective
458 1862 493 1916 de
517 1861 596 1916 laicis
620 1861 664 1918 vel
688 1861 801 1918 clericis
823 1879 919 1918 sermo
942 1862 1093 1930 habeatur,
1109 1862 1231 1936 possint,
1253 1877 1369 1918 servata

278 1933 529 1990 constitutionum
544 1931 733 1988 Generalium
746 1933 850 1999 forma,
865 1934 901 1988 ad
915 1933 995 1988 aliud
1007 1934 1183 1990 Missionum
1197 1934 1368 2006 Collegium

277 2005 322 2061 vel
332 2005 369 2059 ad
382 2004 469 2060 aliam
484 2004 610 2060 Instituti
621 2004 772 2078 Seraphici
788 2005 972 2060 Provinciam
984 2016 1171 2061 transmeare.
1189 2008 1223 2059 ln
1240 2023 1367 2061 numero

278 2088 376 2132 autern
391 2076 486 2131 LXIV
499 2075 589 2149 ipsius
603 2076 791 2149 Apostolicae
806 2076 909 2132 bullae
921 2076 1054 2145 edicitur,
1077 2090 1110 2132 ut
1128 2094 1217 2133 nemo
1233 2076 1283 2150 qui
1297 2077 1368 2132 Col·

277 2147 386 2220 legium
409 2147 586 2204 Missionum
600 2164 788 2220 quacumque
801 2165 836 2203 ex
855 2165 942 2203 causa
964 2161 993 2202 et
1011 2149 1261 2221 quandocumque
1285 2148 1368 2203 dere-

278 2219 403 2292 liquerit,
414 2218 508 2274 valeat
521 2219 558 2273 ad
569 2218 735 2290 Collegium
748 2219 852 2287 redire,
868 2220 933 2285 nisi,
948 2232 1103 2293 perrogata
1118 2221 1240 2274 Patrum
1255 2219 1370 2275 Discre-

277 2305 375 2348 torum
403 2291 525 2363 Collegii
556 2290 708 2356 sententia,
737 2291 810 2346 duas
835 2292 937 2346 saltem
970 2308 1005 2346 ex
1034 2291 1128 2347 tribus
1158 2289 1370 2363 suffragiorum

278 2363 409 2436 partibus
422 2375 521 2418 orator
534 2361 588 2418 sibi
601 2361 775 2418 favorabiles
787 2362 989 2437 reportaverit.

88 2472 221 2532 Dffwpa,
314 2445 524 2514 Nihilominus,
546 2463 615 2500 cum
636 2445 811 2503 novissimae
835 2445 1061 2519 (antiquioribus
1083 2446 1139 2502 hac
1163 2446 1192 2501 in
1213 2463 1243 2501 re
1261 2463 1369 2503 conso-

66 2532 202 2589 r'nterpreta-
279 2520 343 2589 nae)
368 2518 577 2573 Costitutiones
600 2519 755 2573 Generales
784 2520 920 2573 Fratrum
946 2518 1109 2583 Minorum,
1133 2519 1169 2572 ab
1194 2518 1368 2589 Apostolica

66 2590 202 2655 rionisqrtq
278 2590 352 2645 Sede
365 2589 424 2645 iarn
442 2589 488 2645 die
507 2590 536 2645 15
552 2589 621 2643 maii
634 2605 713 2645 anno
730 2591 796 2662 1897
810 2590 996 2663 approbatae,
1021 2589 1076 2644 sub
1094 2607 1157 2662 cap.
1186 2590 1224 2643 ll.
1250 2607 1368 2661 paragr.

65 2658 205 2748 “mimir
278 2663 334 2717 Xll
357 2678 440 2718 num.
463 2661 508 2728 83,
534 2660 666 2716 inhibeat
692 2660 844 2732 Religiosis
866 2662 1012 2733 agendam
1038 2659 1068 2715 in
1090 2659 1185 2715 aliena
1211 2661 1370 2717 Provincia

65 2716 209 2808 mma}
277 2731 554 2805 incorporationem,
581 2731 637 2787 nisi
662 2733 707 2788 vel
733 2750 768 2787 ex
790 2749 867 2788 ressa
899 2731 1025 2788 Ministri
1053 2731 1202 2788 Generalis
1228 2731 1369 2789 facultate

277 2804 458 2870 muniantur,
483 2803 528 2859 vel
555 2802 707 2858 biennium
734 2750 837 2859 saiiem
862 2802 892 2858 in
923 2821 1000 2859 nova
1032 2802 1176 2860 eiusmodi
1210 2803 1368 2860 Provincia

277 2876 488 2949 transegerint3
511 2874 580 2930 hinc
599 2874 743 2947 graviores
756 2894 772 2929 a
785 2874 886 2931 multis
898 2873 1083 2932 drfficultates
1101 2873 1265 2930 excitantur
1278 2892 1369 2948 super

278 2947 345 3003 filiis
359 2946 559 3019 Collegiorum
581 2945 642 3018 qui,
663 2946 715 3002 etsi
728 2946 797 3002 alibi
815 2963 931 3001 moram
948 2947 1075 3012 trahant,
1090 2944 1286 3001 nihilominus
1299 2960 1369 3003 ante

278 3019 430 3075 biennium
449 3016 597 3090 expletum
618 3017 678 3073 sive
691 3029 767 3073 'ante
780 3016 962 3073 definitivam
983 3018 1013 3073 in
1036 3017 1134 3073 alieno
1156 3015 1289 3089 Collegio
1313 3035 1368 3073 seu

281 3089 433 3146 Provincia
459 3088 736 3161 incorporationem,
764 3089 868 3144 reverti
896 3089 932 3143 ad
959 3089 1135 3162 Collegium,
1159 3088 1243 3143 cuius
1268 3089 1369 3145 adhuc

278 3161 440 3219 secundum
453 3159 601 3233 generales
614 3160 732 3216 Ordinis
746 3158 824 3241 leges
836 3172 905 3216 sunt
918 3159 981 3226 filii,
998 3160 1156 3233 aliquando
1168 3159 1366 3231 postularent.

95 3244 161 3290 Hine
280 3236 381 3306 ltaque
401 3231 560 3287 humillimi
582 3243 711 3287 oratores
743 3249 826 3287 enixe
850 3231 1039 3288 Sanctitatem
1060 3233 1158 3287 Tuam
1180 3244 1296 3302 rogant,
1321 3243 1367 3300 ut,

66 3301 198 3344 duorum:
278 3304 413 3360 omnium
434 3302 609 3358 concordiae
633 3302 778 3359 efficacius
793 3303 859 3359 'hac
883 3302 915 3358 in
940 3319 972 3359 re
998 3302 1184 3370 obtinendae,
1212 3303 1367 3374 sequentia

278 3375 382 3431 iisdem
393 3375 538 3430 resolvere
550 3374 639 3429 dubia
652 3373 789 3447 dignetur
804 3394 811 3430 ε

95 3498 120 3545 D
162 3496 185 3543 Ἰ
316 3459 338 3513 Ι.
355 3458 463 3512 Utrum
473 3456 610 3529 suffragia
623 3476 640 3513 a
652 3457 787 3513 Patribus
799 3457 936 3513 Discretis
949 3456 1072 3530 Collegii
1082 3457 1168 3513 unice
1178 3456 1236 3511 sint
1248 3457 1370 3513 ferenda

64 3511 208 3614 gig-‘3202
278 3547 333 3603 pro
355 3528 485 3585 eiusdem
508 3527 575 3584 filiis
598 3529 648 3602 qui
670 3527 730 3584 iam
752 3527 901 3604 definitive
923 3529 953 3584 in
968 3528 1027 3584 alio
1042 3527 1219 3584 Missionum
1232 3528 1370 3601 Collegio

67 3614 205 3673 namrespi·
279 3601 338 3657 sive
364 3599 395 3656 in
416 3599 474 3654 alia
497 3600 650 3656 Provincia
676 3599 865 3674 incorporati,
894 3601 931 3656 ad
956 3618 1043 3656 suum
1070 3600 1236 3672 Collegium
1261 3602 1369 3656 reverti

66 3672 122 3718 ciat.
278 3686 378 3747 petant
392 3692 398 3727 :
411 3689 449 3727 an
462 3670 550 3729 etiam
563 3689 617 3746 pro
631 3671 698 3727 liliis
710 3672 748 3726 ad
763 3689 850 3727 suum
864 3672 958 3727 redire
969 3670 1136 3743 Collegium
1149 3670 1368 3743 exoptantibus,

279 3742 339 3815 qui,
356 3744 422 3799 licet
436 3743 466 3797 in
479 3742 577 3798 alieno
591 3742 723 3813 Collegio
744 3760 795 3798 seu
814 3744 967 3799 Provincia
987 3760 1102 3798 moram
1121 3741 1270 3808 traxerint,
1296 3758 1370 3797 non-

279 3816 350 3871 dum
363 3828 462 3871 tamen
475 3813 657 3890 definitivam
673 3814 732 3869 illic
747 3815 973 3887 adscriptionem
988 3811 1205 3887 impetrarunt?

316 3903 353 3955 ll.
379 3902 416 3955 Et
441 3910 586 3970 quatenus
609 3896 780 3953 affirmative
803 3899 888 3954 detur
914 3898 950 3952 ad
975 3909 1131 3970 utramque
1157 3897 1263 3970 prioris
1284 3898 1370 3952 dubii

278 3985 390 4037 partem
403 3970 554 4042 responsio
571 3989 577 4024 :
593 3969 623 4024 Si
638 3969 813 4042 Religiosus,
830 3969 955 4026 reditum
968 3968 1139 4095 implorans,
1164 3969 1237 4023 duas
1256 3967 1370 4024 favora-

280 4043 351 4099 biles
360 4060 394 4098 ex
403 4041 497 4097 tribus
507 4039 714 4114 suffragiorum
722 4041 853 4113 partibus
864 4058 925 4097 non
935 4054 1011 4097 rettu
1024 4040 1087 4109 erit,
1100 4040 1220 4095 cuinam
1232 4039 1368 4111 Collegio

279 4116 324 4171 vel
338 4113 509 4170 Provinciae
523 4126 594 4169 tunc
607 4114 769 4186 adscriptus
783 4129 844 4168 esse
857 4114 1028 4168 censeatur?
1044 4114 1081 4167 Et
1096 4111 1188 4179 Deus,
1204 4122 1260 4166 etc.

91 4236 218 4287 mon,
315 4200 404 4254 Sacra
426 4196 622 4269 Congregatio
651 4196 961 4277 Eminentissimorum
989 4208 1017 4251 et
1046 4194 1371 4277 Reverendissimorum

66 4298 139 4332 am.
280 4271 402 4325 Sanctae
418 4270 568 4325 Romanae
591 4267 738 4324 Ecclesiae
758 4267 959 4327 Cardinalrum
981 4280 1106 4339 negotiis
1130 4280 1159 4323 et
1179 4266 1372 4322 consultatio-
