2959 4900
42 482 43 511 i
76 482 239 599 priimum

108 774 167 821 Dies
177 776 217 831 (aa

79 844 134 891 ang.
145 832 223 891 1905).

80 904 239 951 nmlntlo.

109 1108 193 1156 Altera

81 1167 161 1211 dubl!
169 1164 223 1228 sar-

80 1241 129 1275 nta.

109 1326 169 1373 Dies
179 1327 217 1382 (ao

82 1384 134 1431 ian.
148 1387 225 1441 1005).

81 1466 239 1511 annotatio.

98 1544 220 1610 ¹Anneia-

82 1606 163 1649 tiones.

111 3999 170 4044 Dies
181 4000 219 4059 (24

82 4061 153 4104 mart.
166 4060 242 4115 1906).

275 316 277 327 ⁴
295 310 356 373 168
748 334 930 371 uouustnisra

333 463 489 537 Proposito
503 464 602 538 itaque
616 466 730 523 dubio:

330 547 381 603 An
386 548 536 673 paroecia
555 550 587 605 S.
603 550 728 606 Mariae
748 551 806 606 loci
818 552 918 625 Banpi
931 552 1076 608 censenda
1097 554 1137 608 sit
1158 552 1321 627 regularis,
1338 552 1378 605 ita

295 630 327 701 at
350 620 490 701 reigiosi
513 618 638 703 Qrdinis
656 621 815 703 'Minorem
840 624 872 679 S.
895 623 1055 679 Francisci
1075 624 1304 699 redintegrandi
1324 624 1381 679 sint

296 708 326 745 tn
339 707 403 747 eius
410 708 634 763 possessionem,
649 711 679 746 tn
694 710 777 752 casu.

332 774 362 831 S.
376 775 582 849 Congregatio,
598 776 646 832 die
656 778 690 833 26
702 777 819 849 augusti
833 779 898 851 1905
909 778 1060 849 respondit
1074 800 1081 835 ε

330 857 382 913 Ad
395 869 545 914 mentem:
571 860 673 915 Postea
695 875 795 916 autem
815 860 944 918 innotuit
965 876 1095 917 mentem
1116 860 1204 917 fuisse
1227 875 1260 917 ut
1283 860 1382 917 Archi·

296 929 449 1002 episcopus
465 930 623 1002 Regulares
637 945 787 988 revocaret
801 932 895 1004 iisque
909 932 1075 1004 paroeciam
1088 933 1239 988 tribueret.

330 1014 452 1079 Verum,
475 1014 596 1069 obtento
616 1032 710 1071 novae
731 1016 897 1072 audientiae
915 1014 1069 1081 beneficio,
1090 1031 1261 1083 procurator
1283 1015 1384 1071 Archi·

296 1084 422 1212 gpisscopi
444 1102 535 1142 novas
560 1087 667 1141 obtulit
688 1087 888 1158 allegationes,
914 1087 1022 1159 quibus
1045 1088 1210 1161 perspectis,
1236 1088 1384 1160 proposito

318 1174 338 1212 u
360 1173 390 1211 10
405 1176 412 1211 :

331 1240 382 1295 An
394 1240 433 1296 sit
445 1241 581 1323 standum
597 1240 645 1296 vel
657 1242 853 1297 recedendum
866 1240 885 1296 α’
900 1240 1008 1297 decisis
1024 1242 1054 1297 in
1068 1258 1150 1311 casu,

333 1324 388 1379 Emi
406 1326 513 1390 Patres,
530 1324 576 1381 die
592 1342 627 1381 20
643 1325 768 1381 ianuarii
786 1327 864 1399 1906,
880 1326 1119 1397 responderunt:

332 1406 382 1463 Ex
399 1408 529 1464 deductis
544 1426 600 1465 non
620 1410 693 1465 satis
710 1421 847 1466 constare
868 1410 905 1465 de
929 1420 1038 1465 natura
1059 1409 1200 1484 regulari
1212 1409 1384 1484 paroeciae.

334 1492 368 1547 ln
381 1509 469 1549 causa
481 1492 546 1555 ista,
562 1494 676 1549 Fratres
693 1495 824 1549 Minores
836 1511 853 1549 e
860 1493 1110 1567 praescriptionis
1125 1494 1188 1549 iure
1201 1495 1386 1567 potissimum

296 1564 467 1635 arguebant,
499 1565 572 1621 dum
604 1565 856 1638 archiepiscopalis
884 1565 965 1620 curia
996 1567 1196 1621 demonstrare
1227 1567 1387 1621 conabatur

297 1636 375 1704 ipsos
398 1652 563 1707 numquam
576 1634 632 1691 nisi
649 1638 792 1709 precario
812 1635 896 1691 titulo
915 1636 1023 1691 rexisse
1043 1637 1218 1709 paroeciam,
1233 1654 1312 1710 quae
1325 1653 1386 1709 pos·

297 1706 410 1761 sidentli
422 1707 497 1761 ratio
510 1708 546 1761 ad
562 1708 774 1780 usucapionem
787 1707 918 1781 profecto
932 1708 1090 1781 perducere
1103 1709 1215 1780 nequit.

257 1837 259 1841 .
333 1790 475 1846 Observcs
496 1806 594 1847 autem
618 1792 701 1846 binas
725 1793 756 1847 S.
780 1792 1024 1873 congregationis
1048 1793 1243 1848 resolutiones
1263 1792 1342 1847 inter
1360 1806 1388 1844 se

297 1861 418 1917 minime
438 1879 577 1933 pugnare.
596 1863 696 1918 Priore
709 1864 799 1925 enim,
821 1878 920 1936 potius
941 1862 1105 1918 dirimenda
1126 1881 1214 1919 causa
1236 1862 1386 1924 abstinuit,

296 1934 368 1988 dum
381 1934 506 2001 practica
520 1934 697 1989 indicatione
710 1935 751 1990 ad
766 1946 891 1990 mentem
906 1933 960 1989 fuit
973 1947 1124 2001 contenta3
1140 1936 1170 1988 in
1185 1936 1277 1990 altera
1290 1948 1389 1989 autem

297 2005 471 2059 sententiam
493 2004 559 2060 tulit
580 2006 616 2060 de
639 2006 711 2068 iure,
726 2022 856 2061 mentem
870 2019 969 2061 autern
981 2023 1066 2060 suam
1079 2007 1184 2061 diserte
1197 2024 1258 2061 non
1274 2022 1388 2059 revoca·

295 2074 345 2201 pit.
361 2076 476 2201 Qupire,¹
486 2077 617 2156 neglecta
630 2077 711 2132 dubii
728 2078 832 2141 forma,
847 2094 901 2133 nec
923 2078 1061 2132 standum
1075 2077 1156 2146 dixit,
1181 2094 1236 2133 nec
1254 2078 1388 2133 receden-

318 2164 368 2202 um
385 2165 401 2201 a
436 2164 530 2203 ecrsis.

332 2229 454 2284 Constat
466 2243 565 2285 tamen
585 2230 760 2286 sententiam
779 2230 865 2286 istam
877 2228 1105 2302 Archiepiscopo
1120 2232 1266 2297 prodesse,
1280 2230 1345 2302 qui,
1361 2229 1389 2283 in

296 2300 367 2356 iuris
388 2302 492 2355 saltem
513 2302 618 2372 rigore,
646 2303 812 2371 paroeciam
836 2320 890 2375 pto
912 2302 1055 2357 saeculari
1079 2302 1186 2357 habere
1209 2317 1316 2373 potest,
1338 2318 1390 2356 nec

296 2389 361 2429 eam
375 2372 519 2443 religiosis
533 2372 717 2429 committere
732 2374 827 2429 debet.

333 2459 495 2528 Utriusque
508 2471 608 2513 autem
623 2460 783 2514 sententiae
797 2459 852 2514 hae
873 2458 1009 2512 videntur
1031 2457 1119 2512 fuisse
1142 2459 1279 2513 rationes
1297 2457 1390 2513 Omit·
1457 2476 1459 2547 p

295 2531 386 2585 tendo
400 2529 471 2584 iuris
486 2529 690 2609 quaestionem
710 2530 739 2585 S.
764 2529 972 2600 congregatio,
995 2545 1031 2583 ex
1050 2545 1145 2599 aequo
1164 2544 1192 2584 et
1206 2531 1287 2584 bono
1307 2527 1389 2583 aesti-

296 2601 386 2656 mavit
398 2601 607 2656 Franciscanos
618 2618 679 2656 non
694 2617 756 2656 esse
770 2601 926 2673 privandos
938 2600 1059 2655 ecclesia
1072 2618 1163 2671 quam
1176 2618 1227 2671 per
1242 2613 1286 2655 tot
1296 2616 1390 2654 annos

296 2671 545 2736 administrarant,
573 2673 744 2742 praesertim
774 2689 843 2728 cum
873 2671 1017 2743 templum
1043 2673 1120 2726 istud
1148 2673 1390 2727 conventualibus

296 2743 399 2798 usibus
423 2743 509 2797 simul
530 2756 605 2799 esset
627 2744 810 2815 deputatum,
834 2744 874 2798 ita
895 2755 929 2797 ut
947 2742 1043 2798 labilis
1062 2742 1160 2798 futura
1173 2743 1322 2800 videretur
1335 2760 1389 2816 pax

296 2832 365 2870 cum
382 2814 524 2870 saeculari
539 2814 671 2870 eiusdem
686 2815 826 2870 ecclesiae
841 2828 961 2870 rectore.

334 2900 367 2952 In
381 2897 472 2953 altera
490 2909 589 2952 autem
611 2897 708 2952 danda
729 2897 882 2959 sententia,
904 2913 940 2958 ex
959 2895 1021 2967 ipsa
1044 2894 1138 2950 forma
1157 2895 1316 2951 verborum
1335 2911 1389 2948 non

295 2979 441 3036 constare,
465 2982 520 3026 etc.
544 2969 636 3039 liquet
661 2968 691 3023 S.
718 2967 984 3039 Congregationem
1012 2968 1068 3020 hac
1096 2984 1178 3022 usam
1200 2983 1263 3022 esse
1290 2965 1390 3038 regula

296 3040 378 3108 iuriS,
394 3039 547 3107 beneficia,
562 3041 593 3094 in
606 3039 708 3106 dubio,
725 3040 874 3110 praesumi
887 3037 1070 3096 saecularia.

333 3189 372 3244 11.
388 3185 575 3241 Theatina.
591 3185 707 3252 larium
723 3153 968 3258 cappellanorum
982 3183 1282 3253 confraternitatum.

331 3272 450 3344 Species
462 3271 546 3333 sacti.
566 3272 599 3324 ln
613 3268 820 3324 archidioecesi
833 3268 988 3332 Theatina,
1003 3283 1064 3322 non
1078 3283 1144 3322 raro
1157 3265 1234 3321 inter
1246 3265 1388 3333 parochos

297 3356 325 3400 et
339 3343 524 3415 cappellanus
538 3340 818 3396 Confraternitatum
833 3339 1018 3410 agitabantur
1031 3337 1249 3395 controversiae
1265 3351 1389 3406 quarum

297 3425 504 3485 argumentum
514 3411 719 3467 continebatur
732 3411 972 3483 interpretatione
982 3410 1090 3464 decreti
1101 3409 1131 3467 S.
1147 3407 1269 3462 Rituum
1279 3407 1386 3477 Congr.

301 3503 333 3541 10
357 3485 419 3539 dec.
448 3485 564 3555 1703·12
584 3483 643 3537 ian.
664 3499 733 3553 ¹704
752 3482 788 3537 de
808 3481 968 3536 concordia
990 3481 1101 3536 iurium
1125 3478 1341 3551 parochialium
1363 3489 1389 3555 et

298 3555 579 3612 Conl'raternitatum
601 3555 622 3618 ¹,
651 3553 767 3608 occasio
791 3565 890 3607 autem
915 3565 997 3606 erant
1016 3552 1191 3606 detrimenta
1216 3547 1388 3628 temporalia

297 3644 373 3699 quae
387 3625 506 3698 parochi
520 3626 704 3694 patiebantur
717 3626 757 3679 ob
770 3626 878 3679 multas
887 3623 1052 3678 functiones
1066 3622 1097 3676 in
1111 3620 1389 3677 confraternitatum

298 3699 426 3755 ecclesiis
440 3696 539 3770 peragi
554 3696 664 3751 solitas.

334 3782 448 3850 Quibus
473 3779 599 3835 discidiis
619 3791 652 3833 ut
675 3778 743 3832 finis
768 3778 978 3848 imponeretur.
1008 3773 1213 3830 Pro-Vicarius
1241 3770 1389 3852 Generalis

297 3852 495 3910 authenticam
516 3850 673 3923 postulavit
685 3850 913 3904 declarationem
932 3866 949 3902 a
964 3848 994 3903 S.
1013 3848 1135 3902 Rituum
1147 3847 1387 3917 Congregauone,

298 3941 374 3997 quae
388 3941 450 3979 rem
466 3925 495 3979 S.
513 3921 741 3994 Congregationi
758 3919 883 3975 Concilii
898 3919 1093 3974 dirimendam
1107 3916 1229 3972 remisit.

336 4010 446 4080 ltaque,
460 4006 506 4062 die
521 4025 555 4076 24
568 4005 664 4060 martii
681 4006 758 4078 1906,
775 4005 804 4061 S.
822 4004 930 4074 Congr.
947 3996 1088 4070 Consilii,¹
1098 3999 1256 4074 propositis
1272 3997 1388 4054 dubiis:

329 4302 337 4334 1
353 4298 409 4347 Cir.
422 4300 458 4346 De
468 4298 606 4356 Religiosis,
619 4302 637 4344 t.
651 4315 672 4353 2,
686 4297 848 4352 Mantineam,
862 4309 889 4354 p.
901 4301 1009 4353 748-751,
1019 4308 1047 4343 n.
1060 4289 1128 4345 286.

1453 2898 1455 2961 l

1452 2994 1454 3065 l

1451 3092 1453 3167 l

1450 3188 1452 3271 l

1449 3284 1451 3376 l
