2959 4900
85 442 203 524 [6L62]
233 428 298 501 siu.
317 465 341 500 c.
359 465 470 499 unsrun
487 464 578 499 naute.
595 465 705 500 accras.
724 465 826 500 mustea
842 463 1045 500 instrumenta
1072 452 1075 457 '
1106 440 1166 502 lbb’

84 624 147 707 62.
171 677 212 686 -
234 637 268 708 s.
294 606 810 709 nruuncriaaratruns
840 637 890 717 (rs
920 635 1035 724 annu
1065 636 1166 721 taos)

185 811 239 866 ot:
257 808 417 865 Mustcts
434 809 735 864 INSTRUMENTIS
753 808 879 864 latren
896 751 1029 865 saona
1051 809 1060 844 ¹

477 959 764 1032 compostellana

114 1125 186 1179 Em*
206 1134 235 1181 et
265 1124 336 1178 Rmus
360 1124 427 1176 ΒΜ
450 1121 612 1178 Cardinalis
641 1120 783 1193 Iosephus
810 1121 851 1176 M.
884 1120 1010 1176 Herrera
1033 1136 1052 1192 y
1077 1120 1113 1175 de
1139 1120 1167 1173 la

82 1195 190 1267 lglesia‚
208 1193 452 1267 Archiepiscopus
476 1192 730 1266 Compostellanus
752 1193 788 1246 ad
810 1193 929 1247 Sacram
946 1191 1067 1248 Rituum
1089 1190 1165 1246 Con·

80 1266 276 1339 gregationem
298 1265 415 1321 mittens
430 1264 586 1320 elenchum
600 1277 664 1319 tum
679 1263 820 1320 festorum
834 1281 910 1336 quae
934 1263 964 1319 in
979 1280 1031 1318 sua
1045 1261 1167 1318 ecclesia

79 1337 234 1393 cathedrali
258 1337 437 1393 sollemniter
460 1337 653 1402 celebrantur,
679 1352 747 1392 cum
769 1334 880 1390 musica
903 1333 995 1392 vocali
1018 1345 1046 1390 et
1060 1333 1166 1389 instru-

79 1409 206 1478 mentali,
233 1409 323 1481 vulgo
349 1419 525 1481 orquestra,·
551 1421 615 1462 tum
638 1409 901 1462 instrumentorum
929 1405 1036 1480 quibus
1061 1404 1165 1461 musici

79 1494 204 1536 utuntur
214 1481 243 1534 in
259 1480 361 1535 iisdem
384 1478 646 1547 sollemnitatibus;
663 1491 751 1551 atque
765 1478 883 1550 insuper
895 1476 1166 1551 interpretationem

79 1553 274 1608 authenticam
283 1551 391 1607 habere
400 1551 568 1606 desiderans
577 1567 664 1625 super
674 1549 707 1606 iis
718 1567 794 1622 quae
805 1549 1010 1606 Sanctissimus
1021 1547 1166 1605 Dominus

80 1625 181 1680 Noster
197 1623 267 1679 Pius
285 1625 363 1697 Papa
378 1623 404 1677 X
416 1623 447 1677 in
458 1627 542 1680 Motu
557 1622 683 1697 proprio
705 1639 793 1694 super
816 1621 927 1678 musica
950 1637 1031 1680 sacra
1054 1619 1163 1688 statuit,

78 1712 178 1769 nempe
191 1716 198 1751 ε
215 1716 231 1746 α
241 1694 415 1767 Aliquoties,
429 1694 547 1749 servatis
558 1693 715 1759 servandis,
727 1691 841 1748 admitti
854 1702 978 1766 possunt
987 1691 1044 1748 alia
1053 1690 1165 1748 musica

79 1766 279 1833 instrumenta,
293 1766 344 1821 sed
357 1771 505 1822 annuente
518 1765 666 1840 episcope,
681 1778 713 1820 ut
723 1763 938 1822 Caerimoniale
949 1762 1165 1838 Episcoporum

79 1839 255 1910 praecipit»,
271 1837 366 1893 eidem
381 1838 486 1894 Sacrae
501 1837 726 1909 Congregationi
742 1837 894 1909 sequentia
907 1836 996 1892 dubia
1010 1835 1164 1893 enodanda

79 1921 239 1967 reverenter
253 1909 416 1983 proposuit,
432 1908 583 1966 videlicet:

112 1995 132 2050 1.
151 1996 201 2050 An
217 2007 245 2050 et
269 1995 299 2050 in
341 1994 428 2051 uibus
440 1993 519 2049 festis
543 1992 671 2066 permitti
694 1991 785 2062 possit
799 2009 869 2048 usus
889 1993 1162 2058 instrumentorum,

80 2083 147 2121 auae
162 2066 266 2139 (vulgo
280 2012 414 2133 vidiines,
438 2063 543 2129 violas,
555 2064 740 2128 violoncello,
756 2062 939 2140 contrabajo,
946 2063 1060 2140 flaura,
1074 2064 1164 2120 clari·

80 2149 159 2205 netes,
171 2140 289 2213 sagots,
305 2149 435 2212 trompas
447 2140 471 2205 2)
486 2137 516 2191 in
529 2137 651 2193 elencho
666 2139 873 2192 recensentur?

82 2223 146 2348 dlsl.
166 2226 216 2277 An
230 2223 356 2335 pertpitti
369 2221 460 2295 possit
477 2238 547 2277 usus
569 2221 832 2278 instrumentorum
854 2221 884 2277 in
908 2219 1013 2277 Officio
1033 2234 1060 2277 et
1075 2219 1165 2278 Missa

99 2311 111 2348 e
125 2305 283 2350 unctorum
296 2338 301 2348 .

111 2379 162 2434 lll.
182 2381 232 2434 An
248 2377 472 2453 proscribendus
496 2377 533 2432 sit
547 2376 577 2431 in
598 2375 728 2434 ecclesiis
751 2376 967 2450 parochialibus
988 2388 1016 2435 et
1039 2394 1164 2434 conven-

79 2452 199 2565 tualibup
221 2468 291 2507 usus
305 2452 408 2522 organi
421 2448 489 2506 dicti
508 2449 698 2505 harmoniam
722 2449 754 2505 in
769 2447 874 2507 Officio
890 2463 918 2507 et
942 2449 1031 2507 Missa
1046 2449 1164 2509 defunc-

80 2535 170 2578 lorum
185 2568 191 2579 .

109 2605 192 2662 Sacra
210 2622 298 2678 porro
314 2605 435 2660 Rituum
448 2605 644 2677 Congregatio
657 2606 693 2661 ad
708 2604 882 2661 relationem
897 2604 1049 2678 subscripti
1066 2606 1164 2661 Secre-

79 2677 144 2744 tarii,
168 2676 316 2749 exquisito
338 2690 408 2732 voto
430 2676 653 2733 Commissionis
678 2694 764 2751 super
779 2677 892 2732 Musica
911 2691 939 2732 et
953 2676 1161 2749 Cantusacro,

81 2747 295 2805 rescribendum
308 2747 438 2804 censuit:

79 2902 83 2907 .
109 2835 151 2888 Ad
166 2834 189 2889 l.
208 2833 255 2888 Ad
269 2826 392 2904 primam
406 2845 529 2904 partem,
540 2834 565 2887 A
565 2831 750 2907 ffirmative,·
764 2831 800 2887 ad
815 2833 976 2889 secundum
995 2846 1116 2906 partem,
1133 2834 1163 2890 in

79 2903 128 2958 illis
140 2904 343 2961 functionibus
356 2917 384 2959 et
395 2904 574 2977 temporibus
586 2904 616 2959 in
640 2903 747 2976 quibus
759 2920 849 2959 sonus
862 2905 963 2977 organi
979 2904 1163 2978 aliorumque

78 2972 334 3032 instrumentorum
357 2992 417 3031 non
439 2975 610 3047 prohibetur
629 2993 644 3029 a
667 2975 875 3031 caerimoniali
901 2977 1125 3050 Episcoporum,
1146 2996 1163 3033 a

79 3048 219 3115 praedicto
243 3048 330 3103 Motu
348 3046 473 3121 proprio
493 3060 519 3103 et
543 3064 561 3101 a
585 3047 711 3106 Decretis
735 3048 765 3103 S.
794 3048 827 3103 R.
851 3049 896 3117 C.,
916 3047 959 3104 uti
982 3048 1012 3103 in
1034 3049 1161 3117 Pisana,

80 3135 108 3170 20
119 3118 216 3174 martii
236 3120 312 3191 1903,
326 3132 355 3174 et
369 3118 399 3174 in
413 3117 662 3192 Compostellana,
685 3120 702 3173 8
714 3118 839 3175 ianuarii
859 3136 928 3193 ¹904
942 3137 1028 3191 super
1050 3120 1162 3177 Triduo

81 3187 190 3246 llaioris
210 3190 440 3259 Hebdomadae;
461 3207 562 3246 verum
583 3190 663 3245 iuxta
687 3191 816 3263 prudens
842 3190 990 3246 Ordinarii
1010 3192 1162 3247 arbitrium

80 3259 103 3313 in
126 3262 249 3334 singulis
271 3260 386 3318 casibus
407 3278 475 3317 cum
499 3261 714 3334 dispensatione
735 3262 831 3334 alege
853 3276 881 3319 et
905 3264 986 3334 praxi
1010 3264 1160 3319 communi

80 3332 225 3390 adhibendi
241 3332 273 3387 in
288 3334 378 3389 sacris
389 3332 589 3389 functionibus
603 3345 723 3389 cantum
737 3333 945 3406 gregorianum
958 3335 1004 3392 vel
1019 3335 1161 3392 musicam

80 3405 303 3479 polyphonicam
318 3417 368 3460 aut
382 3405 470 3460 aliam
482 3406 646 3478 probatam.

108 3490 149 3543 Ad
162 3490 202 3544 ΙΙ.
218 3490 254 3545 ln
266 3487 371 3545 Officio
384 3506 420 3545 ne
444 3490 523 3545 ative
532 3507 542 3556 ,·
557 3489 587 3544 in
603 3489 691 3544 Missa
702 3502 729 3545 et
744 3489 939 3546 Absolutione
953 3502 1018 3562 post
1029 3490 1161 3559 Missam,

79 3560 167 3628 prouti
178 3562 209 3616 in
221 3577 366 3633 responso
387 3579 403 3615 a
438 3562 449 3616 l
472 3575 500 3617 et
513 3560 631 3617 servatis
646 3560 804 3625 servandis,
829 3561 868 3615 ita
894 3576 926 3617 ut
947 3579 1037 3619 sonus
1058 3565 1160 3635 organi

78 3630 255 3714 aliorumque
268 3636 532 3688 instrumentorum
546 3644 661 3687 tantum
676 3634 713 3689 ad
728 3631 913 3688 sustinendas
927 3650 1012 3690 voces
1026 3634 1161 3691 adhibea-

79 3713 128 3763 tur.
147 3716 173 3759 et
191 3706 298 3760 sileant
310 3704 504 3760 instrumenta
527 3721 595 3760 cum
618 3704 682 3761 silet
705 3718 817 3774 cantuS,
843 3704 923 3759 iuxta
947 3704 1162 3764 caerimoniale

80 3773 297 3849 Episcoporum,
312 3775 362 3832 lib.
381 3779 403 3846 l,
418 3792 481 3850 cap.
499 3777 542 3844 28,
559 3794 589 3831 n.
610 3776 650 3831 13.

108 3860 150 3913 Ad
163 3862 218 3916 lll.
237 3860 394 3916 Provisum
406 3860 437 3916 in
450 3860 645 3933 praecedenti.

108 3943 200 4016 Atque
215 3944 255 4001 ita
270 3943 424 4015 rescripsit.
443 3944 495 4001 Die
514 3946 542 4000 15
556 3942 656 4016 aprilis
675 3943 754 4015 1905.

539 4028 576 4081 A.
598 4027 684 4081 Card.
705 4028 840 4093 Turrani,
862 4028 1045 4101 Pro-Praes.

448 4110 488 4167 D.
510 4111 629 4180 Paniai,
651 4111 794 4184 Archiep.
816 4112 992 4182 Laodicen,
1013 4114 1123 4169 Secret.

105 4239 209 4248 Α-----

105 4304 111 4337 ¹
125 4306 198 4354 Aera
210 4308 237 4357 S.
250 4308 341 4364 snors,
353 4312 372 4355 t.
386 4315 413 4364 37
422 4311 509 4366 (1905),
522 4322 550 4367 p.
561 4316 615 4356 66³.

103 4372 155 4419 21d
171 4378 220 4431 est,
230 4374 353 4435 gallice:
373 4375 473 4431 violans,
491 4375 571 4433 violes,
584 4374 737 4433 aioloncelles,
750 4377 918 4433 contratasses,
925 4376 1005 4437 fltltes,
1018 4375 1159 4436 clarinettrs,

81 4433 175 4498 lassans,
188 4447 329 4502 trompeltes.
965 4462 967 4467 ·
1096 4450 1100 4456 ’

1248 1140 1349 1186 Orator.

1249 1198 1348 1244 Occasio

1220 1253 1352 1303 dubiorum.

1245 1902 1347 1948 nubta.

1215 2041 1226 2058 -.
1246 2007 1371 2058 abruta

1217 2065 1364 2128 quorundam

1218 2129 1361 2173 instrumen-

1219 2189 1304 2232 torum.
1370 2232 1373 2246 ,

1242 2242 1283 2289 ΙΙ.
1292 2242 1330 2288 De
1336 2255 1379 2288 usu

1218 2301 1359 2347 instrumen·
1370 2325 1372 2329 ·

1158 2367 1160 2376 ·
1219 2363 1295 2404 torum
1306 2359 1332 2404 in

1217 2472 1376 2592 ”artati

1218 2593 1271 2637 tuno
1290 2590 1316 2637 de

1219 2665 1228 2692 t
1242 2650 1339 2695 harmo-

1217 2708 1283 2754 niam
1296 2706 1329 2753 i?

1244 2790 1377 2843 Rescrip-

1217 2846 1288 2891 tum.

1245 2922 1321 2971 ΑΗ.
