2959 4900
292 314 332 378 38
736 329 919 367 uouurrrura

102 484 127 527 5.
141 482 177 528 Su
204 482 237 529 ti·
327 473 363 529 V.
384 475 409 527 A
422 471 596 529 cominciare
616 471 821 545 dalprossimo
836 472 962 540 ottobre,
979 472 1002 528 si
1015 472 1225 543 presentinole
1238 471 1371 528 domande
1440 472 1445 535 i

68 551 109 584 m
129 538 174 586 tite
192 542 203 586 t'
220 554 234 585 a
292 543 321 599 di
341 544 530 600 ammissione
543 543 699 612 all’esame,
715 560 824 600 ovvero
839 544 848 599 i
861 544 1031 601 documenti
1045 544 1091 601 dei
1103 544 1180 601 titoli
1193 544 1240 617 pei
1256 543 1338 617 quali
1351 558 1372 597 se

74 610 158 700 ’bu-''³‘-
174 603 237 700 πῖθι·
292 632 330 671 ne
345 616 476 671 desidera
489 615 517 670 la
529 615 674 687 dispensa.
1358 682 1362 690 Ι

75 668 238 771 ,Jssgimf
328 688 379 741 Vl.
403 686 512 743 Perche
525 687 591 741 tutti
604 686 731 742 abbiano
745 696 845 759 tempo
867 686 896 741 di
916 686 1104 742 uniformarsi
1119 705 1135 742 a
1148 698 1251 761 queste
1264 684 1373 759 disposi-

103 787 128 829 5,
142 784 207 830 Dm
222 798 238 830 a
292 757 379 826 zioni,
396 775 458 815 esse
480 757 633 813 andranno
658 756 820 813 solamente
844 756 875 812 in
888 756 988 839 vigore
1011 758 1031 813 il
1051 772 1076 813 ιο
1088 759 1214 829 gennaio
1239 758 1319 831 1906.
1343 756 1373 809 Da

74 854 117 897 quo
129 841 183 888 laec
201 844 239 888 vi·
293 829 361 901 quel
376 830 491 902 giorno,
503 830 512 885 i
527 828 638 886 Rettori
653 846 671 885 o
685 828 837 899 Superiori
846 827 875 883 di
888 829 985 885 chiese
996 847 1014 885 o
1027 829 1056 884 di
1066 831 1186 900 oratori,
1197 828 1252 885 che
1262 838 1373 909 permet-

73 900 238 966 gentsqnerio
292 913 416 956 teranno
430 901 458 956 di
473 900 623 974 predicare
635 917 652 955 a
666 899 783 956 chinon
798 901 814 954 ὲ
827 898 935 956 fornito
945 900 1206 956 d’autorizzazione
1218 900 1249 955 in
1263 898 1373 963 iscritto,

69 955 186 1014 lmus·
292 972 502 1028 incorreranno
517 973 529 1026 i
547 988 580 1027 so
598 973 681 1042 sacto
705 971 733 1025 la
747 971 937 1053 sospensione
959 989 978 1026 a
993 971 1102 1027 divinis
1123 989 1176 1045 per
1197 981 1261 1027 otto
1278 968 1372 1043 giomi.
1442 1012 1443 1058 ,

295 1045 351 1099 Per
364 1044 391 1100 le
405 1060 470 1099 case
490 990 626 1123 reiigiose
649 1040 815 1109 semminili,
838 1042 923 1099 viene
947 1055 1069 1099 onerata
1090 1044 1118 1099 la
1140 1042 1292 1100 coscienza
1311 1038 1375 1099 delle

292 1113 440 1185 rispettive
455 1116 622 1189 Superiore.
819 1179 822 1187 1

105 1196 127 1237 7·
144 1180 238 1239 Ptolo·
327 1187 395 1242 Vll.
406 1187 447 1242 La
458 1197 590 1259 presente
599 1182 806 1242 notificazione
818 1184 911 1240 dovra
920 1186 1026 1243 tenersi
1037 1184 1132 1242 affissa
1142 1185 1220 1242 nelle
1230 1182 1373 1249 Sacrestie,
1442 1228 1444 1231 .

77 1237 238 1343 ζ’ξιᾚηξῇξζ
293 1258 398 1330 perche
412 1275 539 1313 nessuno
552 1273 639 1331 possa
652 1256 800 1327 allegarne
813 1256 982 1327 ignoranza.

105 1363 164 1409 Dus
198 1363 238 1417 (10
330 1330 385 1384 Dal
400 1328 556 1405 vicariam,
571 1327 592 1383 il
608 1346 639 1383 ro
652 1340 754 1401 agosto
771 1329 851 1401 1905.

75 1434 130 1478 aug·
144 1422 221 1479 1905).
898 1401 931 1454 p-
952 1400 1039 1455 card.
1059 1398 1187 1454 Vlcal'lO·

728 1470 898 1526 Francesco
917 1472 992 1528 Can.
1012 1470 1135 1537 Faberi,
1157 1468 1347 1545 Segretario

677 1656 991 1673 ...-.....-„........

326 1798 395 1884 88.
418 1851 459 1860 -
480 1810 516 1881 s.
539 1804 688 1881 atrurn
712 1811 1054 1883 consarcinatus
1076 1765 1134 1896 (14
1157 1827 1230 1895 aun.
1254 1809 1354 1891 rann)

290 1999 513 2055 DECRETUM
523 1999 577 2053 DE
592 1998 739 2053 TYPIGA
754 1998 910 2054 canetis
923 1998 1178 2054 GREGORIANI
1190 1996 1374 2053 animone

109 2169 229 2235 Vaticana
328 2164 399 2218 Post
413 2162 597 2234 Apostolicas
610 2161 719 2217 litteras
733 2162 784 2217 SS.
803 2164 838 2217 D.
854 2164 892 2221 N.
912 2161 957 2216 Pii
969 2161 1067 2218 divina
1082 2162 1267 2219 Providentia
1286 2164 1339 2217 PP.
1353 2162 1373 2215 X

75 2224 148 2307 elstra
177 2241 234 2273 W·
291 2234 377 2288 Motu
388 2233 513 2307 proprio
532 2233 600 2287 data
612 2233 658 2288 die
679 2234 762 2289 XXV
781 2233 880 2305 aprilis
895 2234 1032 2289 MCMIV
1052 2246 1072 2303 1,
1093 2234 1201 2306 quibus
1220 2233 1372 2290 decernitur

76 2283 237 2386 {pturperfec-
291 2322 367 2360 nova
387 2304 597 2360 committenda
615 2304 691 2385 typis
704 2303 852 2359 Vaticanis
871 2304 961 2360 editio
975 2304 1130 2374 librorum,
1151 2317 1272 2361 cantum
1286 2322 1372 2378 grego·

80 2386 83 2390 ’
107 2378 111 2387 ’
291 2376 408 2431 rianum
422 2376 451 2431 S.
474 2378 509 2433 R.
527 2376 674 2430 Ecclesiae
685 2376 839 2448 proprium
852 2377 1081 2445 continentium,
1097 2389 1186 2450 prout
1204 2377 1242 2433 ab
1261 2377 1372 2452 ipsomet

294 2447 436 2503 Pontifice
446 2447 595 2503 restitutus
604 2446 668 2514 suit,
681 2446 859 2503 Commissio
874 2445 1039 2516 Pontificia,
1054 2450 1191 2504 mandata
1205 2462 1234 2505 et
1244 2446 1372 2505 desideria

292 2519 423 2574 eiusdem
445 2517 595 2574 Pontificis
614 2518 788 2591 adimplens,
809 2519 903 2590 ipsam
921 2520 1081 2576 editionem
1100 2537 1216 2577 summo
1238 2520 1330 2576 studio
1346 2534 1372 2572 ac

84 2642 86 2647 .
292 2590 442 2660 diligentia
457 2589 578 2662 paravit.
593 2603 681 2660 atque
693 2589 824 2662 perfecit.

105 2683 215 2729 Promuz-
329 2663 411 2718 Haec
431 2678 500 2716 vero
520 2661 549 2715 S.
572 2661 695 2716 Rituum
717 2662 924 2734 CongregatiO,
945 2661 1023 2718 hanc
1044 2662 1138 2735 ipsam
1162 2662 1321 2718 editionem
1337 2659 1372 2714 uti

73 2746 146 2806 gatar
162 2747 187 2787 ut
203 2749 236 2801 ty·
291 2733 420 2806 typicam
432 2732 469 2787 ab
482 2729 624 2803 omnibus·
633 2732 799 2787 habendam
814 2750 876 2788 esse
895 2733 1021 2789 declarat
1032 2747 1121 2805 atque
1136 2734 1284 2802 decernit3
1300 2734 1372 2788 itaut

72 2802 137 2855 prta.
291 2804 321 2858 in
335 2815 485 2877 posterum
497 2803 643 2858 melodiae
659 2805 860 2876 gregorianae,
875 2804 905 2859 in
925 2804 1031 2860 futuris
1050 2804 1221 2860 huiusmodi
1241 2805 1371 2860 libroruin

291 2875 468 2930 editionibus
489 2885 653 2940 contentae,
677 2876 840 2947 praedictae
864 2875 979 2957 typicae
1002 2876 1134 2944 editioni,
1162 2876 1236 2931 nihil
1266 2889 1371 2950 prorsus

291 2947 401 3013 addit0,
417 2947 536 3016 dempto
549 2945 595 3001 vel
607 2957 731 3013 mutato,
748 2948 785 3001 ad
797 2965 938 3002 amussim
951 2947 1009 3003 sint
1019 2946 1257 3018 conformandae,
1272 2947 1370 3003 etiamsi

291 3031 396 3090 agatur
408 3017 444 3072 de
456 3017 599 3091 excerptis
612 3035 647 3072 ex
662 3017 745 3072 libris
757 3018 869 3073 iisdem.
952 3081 955 3086 ,

105 3094 148 3160 Νι,
185 3097 237 3142 sine
329 3089 412 3144 Nulli
431 3100 530 3143 tamen
550 3088 592 3143 fas
614 3087 668 3143 erit
686 3088 832 3145 librorum
851 3101 953 3145 cantus
972 3088 1136 3160 gregoriani
1157 3089 1198 3144 sic
1216 3087 1334 3145 restituti
1346 3084 1371 3138 in

76 3164 144 3217 venta
155 3153 237 3200 Ηί-
292 3172 387 3215 totum
405 3160 450 3215 vel
472 3177 507 3214 ex
527 3169 609 3232 parte
629 3159 788 3215 editionem
808 3161 954 3233 suscipere
972 3172 1022 3215 aut
1038 3161 1183 3233 evulgare,
1201 3161 1257 3216 nisi
1269 3160 1342 3232 prius
1357 3173 1370 3208 a

76 3207 236 3267 d²⁸’v“²g‘¹“⁷
292 3232 322 3287 S.
343 3232 417 3287 Sede
438 3231 606 3286 facultatem
625 3231 795 3296 obtinuerit,
810 3233 922 3288 normis
941 3232 1070 3298 servatis,
1087 3245 1115 3287 et
1132 3229 1368 3294 instructionibus,

76 3271 190 3383 ζ’ἑῖἕῖἷζ
203 3268 238 3316 ”⁶²
292 3304 411 3375 quaein
424 3304 547 3359 Decreto
561 3303 591 3357 S.
610 3304 644 3358 R.
661 3303 694 3358 C.
707 3303 765 3358 diei
777 3303 802 3356 X
807 3304 817 3356 l
833 3303 949 3376 augusti
963 3303 1084 3360 MCMV
1096 3305 1108 3340 ²
1121 3304 1316 3359 continentur.

320 3504 353 3550 V.
370 3505 394 3550 A
415 3500 538 3561 proximo
557 3515 649 3549 mense
673 3501 781 3550 octobri
808 3500 995 3552 inscribantur
1022 3501 1163 3552 candidati
1187 3501 1314 3552 examinis
1335 3499 1369 3546 vel

290 3567 469 3616 exhibeantur
481 3567 554 3615 tituli
565 3566 601 3615 ol:
613 3582 682 3628 quos
698 3568 734 3616 ab
746 3568 871 3618 examine
881 3575 1030 3629 quaeratur
1039 3569 1216 3628 dispensatio.

320 3636 358 3682 VI
362 3671 368 3682 .
387 3635 426 3682 Ut
435 3632 564 3681 omnibus
575 3640 682 3694 tempus
692 3641 822 3694 suppetat
831 3635 875 3684 his
884 3635 1075 3684 sanctionibus
1090 3636 1215 3697 parendi,
1228 3635 1263 3684 ab
1274 3635 1368 3683 ineunte

291 3706 394 3748 tantem
404 3714 497 3748 mense
507 3700 632 3748 ianuario
645 3709 700 3760 1906
711 3699 849 3761 vigebunt.
862 3700 906 3749 Ab
918 3702 965 3750 illa
975 3702 1020 3750 die
1032 3703 1162 3750 Rectores
1172 3703 1216 3750 vel
1227 3700 1368 3760 Superiores

290 3766 470 3814 ecclesiarum
481 3766 525 3812 vel
541 3766 724 3814 oratoriorum
732 3766 780 3826 qui
797 3767 955 3827 quempiam
966 3768 1068 3827 scripta
1078 3769 1211 3817 facultate
1226 3767 1367 3816 destitutum

292 3831 444 3880 contionari
454 3829 577 3885 siverint,
587 3834 637 3890 ipso
643 3831 709 3891 sacto
720 3833 927 3890 suspensionem
936 3848 952 3879 a
962 3833 1054 3881 divinis
1064 3848 1113 3894 per
1123 3841 1185 3883 octo
1193 3833 1252 3882 dies
1261 3828 1367 3880 commit·

291 3902 357 3947 tent.
377 3897 459 3958 Quod
475 3897 512 3944 ad
531 3896 672 3957 religiosas
691 3896 838 3946 mulierum
858 3899 966 3955 domus,
989 3899 1237 3959 Superiorissarum
1258 3901 1367 3946 oneratur

291 3963 469 4011 conscientia.

320 4031 383 4076 Vll.
401 4030 550 4076 Decretum
568 4028 642 4077 istud
660 4029 712 4078 erit
729 4030 758 4077 in
776 4029 914 4080 sacristiis
931 4031 1023 4091 palam
1042 4031 1258 4092 proponendum,
1274 4041 1306 4077 ue
1320 4023 1366 4073 eius

292 4093 428 4154 ignoratio
438 4094 562 4142 excusari
575 4102 666 4155 queat.

322 4163 345 4207 E
356 4161 509 4218 Vicariatu,
522 4161 567 4210 die
579 4179 606 4209 ιο
616 4175 679 4222 aug.
693 4168 758 4222 1905.

323 4229 330 4262 ¹
342 4227 398 4274 Cir.
412 4228 565 4276 Panionrcn
575 4233 676 4285 nostra,
686 4230 708 4286 I,
722 4243 750 4276 n.
762 4237 799 4286 68,
812 4232 845 4286 A,
857 4243 884 4288 p.
897 4237 947 4277 168.

320 4290 458 4349 tlbidem,
470 4307 497 4342 n.
507 4309 545 4350 70,
557 4307 583 4352 p.
596 4310 646 4350 174.
