2959 4900
83 336 146 415 [76]
238 360 261 395 s.
278 359 334 395 uir.
352 360 376 395 c.
393 366 422 405 24
435 362 497 397 irari
514 354 580 407 1905.
596 361 662 397 riou.
680 330 802 397 muana
817 345 1040 397 caanarrranuii
1135 335 1174 399 15

82 489 193 548 eruitur
206 505 243 547 eir
264 489 484 548 commentariis
504 490 614 562 quibus
637 490 668 545 in
689 492 850 547 Aniircrii
873 493 1098 547 Eccirsrisrici
1116 507 1175 548 res-

82 576 175 632 ponsa
187 560 243 618 ista
261 572 405 626 ornarunt
418 561 500 634 prius
516 564 549 618 P.
565 562 654 619 Erras
668 562 789 631 Cocani,
811 562 882 619 Ord.
907 561 1132 619 carmelitarum
1150 566 1173 633 ¹,

81 646 144 687 tum
176 633 209 688 P.
234 632 361 688 Marcus
388 633 794 706 Macisriiarr12,magIster
819 634 978 690 caerimon.
1002 632 1175 689 cathedralis
1237 640 1238 647 ’

83 702 233 763 Ecclesiae
246 702 485 761 Mediolanensis.

116 805 144 842 2.
168 787 209 843 Ur
223 786 305 860 prius
317 786 411 862 ipsam
421 789 548 861 speciem
557 789 638 915 (acti
650 808 667 845 a
682 789 715 844 P.
732 790 768 845 E.
783 789 893 845 Coccia
907 800 1086 855 mutuemur,
1106 786 1175 843 satis

82 870 188 913 notum
209 870 281 914 esta
302 859 436 915 Patribus
450 860 556 916 Carme
568 860 654 917 itanis
676 861 825 935 Antiquae
840 859 1053 917 Obseruantiae'
1067 858 1174 915 servari

80 928 211 1001 potuisse
224 930 376 1004 propriam
397 930 545 1003 liturgiam
566 931 698 1000 latinam,
712 948 789 1013 quae
810 930 1080 1003 Hierosolymitana
1101 946 1175 985 nun-

81 1013 218 1073 cupatur,
232 1002 446 1073 cumpluribus
465 1002 588 1059 saeculis
606 1015 681 1059 esset
701 1003 793 1059 Piana
805 1002 1011 1059 reformatione
1037 1000 1175 1058 Breviarii

82 1088 116 1127 ac
129 1070 258 1128 Missalis
272 1072 365 1142 (1568,
389 1074 469 1146 1570)
482 1073 642 1146 antiquior.
662 1074 850 1147 (Carmelitae
864 1072 1024 1129 Reformati
1040 1075 1174 1131 Romano

83 1155 210 1197 utuntur
231 1143 364 1216 Ordine.)
393 1146 486 1200 Porro
511 1145 584 1201 dum
609 1146 769 1218 Breviario,
798 1144 920 1214 Missali,
939 1142 1172 1217 Martyrologio,

83 1214 296 1270 Caerimoniali
304 1216 424 1289 proprio
438 1233 500 1273 non
514 1216 661 1286 carebant,
675 1217 748 1274 ritus
758 1216 981 1273 administrandi
996 1227 1175 1271 sacramenta
1253 1262 1255 1267 .

81 1302 119 1364 ac·
136 1286 360 1344 sacramentalia
382 1304 443 1343 non
463 1299 546 1344 erant
565 1287 597 1342 in
617 1306 712 1345 ununi
734 1288 849 1344 Rituale
871 1286 995 1356 collecti,
1010 1287 1070 1355 sed,
1094 1286 1175 1358 quod

82 1369 174 1411 etiam
186 1373 282 1430 usque
302 1358 341 1413 ad
363 1358 527 1415 PaulumV
548 1360 579 1414 in
601 1359 661 1415 ritu
680 1376 807 1416 romano
828 1361 1012 1423 cernebatur,
1036 1357 1067 1412 in
1089 1355 1174 1413 variis

81 1426 165 1482 libris
190 1427 333 1501 liturgicis
354 1429 398 1485 dis
419 1430 475 1485 ersi
503 1441 595 1487 erant.
627 1430 715 1498 Hinc,
748 1448 809 1504 quo
836 1432 1020 1487 commodius
1044 1440 1172 1501 agerent,

81 1513 245 1571 coeperunt
266 1499 364 1572 plures
427 1501 559 1558 rnielitae
572 1502 616 1557 uti
637 1502 736 1558 rituali
759 1519 894 1571 romano,
911 1500 1083 1575 praesertim
1106 1516 1192 1566 cuin¹

61 1588 66 1597 ·
82 1582 179 1625 certos
200 1570 283 1630 ritus.
304 1572 335 1625 id
348 1583 401 1640 est,
424 1572 593 1629 conferendi
608 1573 745 1642 baptismi
759 1586 788 1629 et
802 1573 970 1630 celebrandi
992 1570 1175 1627 Matrimonii

82 1642 113 1720 in
125 1640 254 1714 propriis
266 1641 349 1698 libris
362 1642 595 1700 desiderarentur
606 1646 629 1701 ³.
641 1647 709 1714 Quo
718 1644 824 1701 melius
834 1644 983 1714 servandis
993 1642 1111 1698 Ordinis
1121 1640 1176 1715 pri-

81 1712 197 1785 vilegiis
211 1714 421 1783 consuleretur,
446 1716 519 1770 Rmu·
533 1718 566 1771 P.
583 1715 652 1771 Pius
676 1717 788 1789 Mayer,
813 1716 899 1772 Prior
914 1714 1073 1783 Generalis,
1094 1729 1176 1767 man·

82 1784 186 1838 datum
208 1801 369 1858 exsequens
392 1786 542 1842 Generalis
563 1787 605 1842 Ca
627 1786 692 1844 ituli
714 1806 731 1843 a
753 1804 824 1860 quc,
848 1800 971 1861 a01902,
997 1799 1057 1841 erat
1070 1783 1175 1839 Ordini

81 1854 256 1926 praefectus,
279 1874 319 1927 ex,
328 1857 446 1930 propria
469 1858 588 1913 Ordinis
605 1805 729 1931 liturgia
749 1859 889 1915 collectos
911 1858 985 1914 ritus
1008 1858 1039 1912 iii
1061 1854 1176 1911 Rituale

81 1926 205 2053 redegit.
219 1928 251 1982 Si
272 1928 324 2000 qui
344 1945 434 2003 porro
456 1928 529 1985 ritus
541 1930 571 1984 in
591 1930 674 1987 libris
688 1930 815 2003 propriis
837 1930 1084 1995 desiderarentur,
1109 1926 1175 1982 illos

82 2014 118 2052 eii
175 1997 258 2053 'tuali
269 2016 394 2057 romano
407 2000 439 2055 in
457 2000 609 2082 proprium
633 2001 750 2057 Rituale
770 2000 927 2057 transtulit.
943 2000 1032 2069 Quod
1054 1998 1177 2054 subinde

83 2068 256 2140 perfectum,
272 2070 326 2125 toti
346 2071 461 2141 Ordini,
476 2071 564 2127 etiam
585 2072 730 2146 parochis,
750 2066 935 2145 praescripsit
949 2069 1174 2128 observandum.
1191 2108 1194 2116 .

118 2141 242 2206 Verum,
273 2142 462 2216 promulgato
487 2143 613 2211 decretu,
640 2145 676 2200 de
700 2145 763 2201 eius
789 2144 817 2200 vi
845 2161 878 2200 ac
907 2144 1037 2216 legitIma
1065 2140 1176 2196 ratione

83 2224 224 2291 coeptum
236 2226 279 2269 est
300 2213 437 2269 dubitari.
453 2214 541 2283 Hinc,
556 2216 695 2287 quaesita.
709 2232 744 2272 ac
763 2232 903 2288 responsa
922 2230 1052 2287 quorum
1076 2210 1176 2285 paucis

83 2283 180 2338 verbis
191 2282 241 2339 hic
252 2284 362 2341 iuvabit
373 2286 495 2343 reddere
512 2286 666 2343 rationem.

119 2370 145 2424 3.
168 2371 196 2441 a)
218 2371 256 2425 Et
276 2371 356 2443 prius
379 2372 500 2445 quidem
520 2374 687 2446 quaesitum
708 2385 752 2429 est
772 2387 875 2429 utrum
902 2371 1049 2429 servandis
1073 2370 1177 2426 ritibus

84 2439 205 2522 Ordinis
230 2442 356 2569 propriis
379 2444 630 2518 obstringerentur
657 2463 760 2502 omnes
786 2444 905 2502 Ordinis
932 2444 1056 2512 sodales,
1083 2460 1121 2498 an
1146 2443 1177 2498 in

84 2513 279 2570 administran
300 2515 324 2572 is
351 2516 538 2573 sacramentis
569 2532 597 2574 et
620 2517 880 2574 sacramentalibus
912 2515 1058 2573 eximendi
1082 2514 1178 2571 forent

84 2584 206 2654 parochi
219 2585 272 2657 qui
289 2588 450 2644 saeculares
468 2602 605 2644 curarent
617 2589 740 2644 animas.
765 2590 843 2643 Dum
858 2589 888 2644 S.
905 2587 1027 2644 Rituum
1050 2587 1177 2658 Congre-

85 2655 163 2726 gatio
177 2655 267 2712 etiam
288 2675 305 2712 a
319 2659 454 2731 parochis
467 2659 670 2716 Carmelitanis
682 2659 757 2715 ritus
771 2659 891 2716 Ordinis
905 2657 1103 2715 observandos
1116 2673 1177 2713 esse

85 2727 224 2796 decrevit,
238 2745 319 2785 mere
329 2742 477 2804 receptam
489 2730 584 2804 legem
598 2744 626 2789 et
645 2731 801 2789 sollemnia
821 2730 965 2805 principia
983 2727 1175 2807 confirmavit,

85 2799 250 2878 secundum
271 2817 348 2872 quae
375 2802 460 2859 debet
480 2802 575 2875 quivis
597 2803 732 2860 sacerdos
756 2801 912 2876 proprium
936 2802 967 2856 in
991 2811 1178 2857 sacramentis

86 2871 287 2928 ministrandis
299 2871 389 2927 ritum
403 2889 517 2930 servare
534 2889 589 2930 nec
607 2875 645 2928 ad
662 2872 796 2929 fideIIum
807 2873 898 2930 ritum
916 2889 946 2929 se
955 2870 1179 2929 accommodare
1272 2929 1275 2936 ,

85 2941 292 3023 ρςηῃίτῑίτιιῑ.Ι
307 2945 360 3012 Ita,
387 2943 411 2999 si
436 2945 556 3017 quando
585 2944 728 3001 Orientali
755 2943 835 3000 fideli
865 2943 1019 3016 contigerit
1043 2941 1178 3023 aulatino

87 3025 222 3070 ministro
236 3030 363 3086 recipere
375 3029 565 3087 sacramenta,
578 3016 652 3073 haec
663 3016 756 3071 latino
770 3015 964 3072 ministranda
976 3027 1044 3071 sunt
1055 3026 1123 3069 ritu.

119 3098 149 3168 b)
179 3099 319 3156 Probavit
342 3099 410 3156 dein
429 3100 458 3155 S.
488 3100 611 3157 Rituum
632 3101 828 3172 Congregatio
854 3117 942 3155 usum
965 3096 1120 3172 supplendi
1143 3111 1178 3153 ex
1256 3123 1258 3129 ·

90 3168 197 3225 Rituali
219 3185 345 3226 romano
364 3169 530 3228 deficientes
551 3173 625 3228 ritus
638 3171 783 3245 proprios.
803 3173 840 3226 Et
859 3183 935 3227 recte
954 3169 1085 3243 quidem.
1105 3168 1179 3248 Sup-

88 3240 186 3311 plendi
199 3241 311 3298 etenim
329 3258 397 3298 vera
411 3257 472 3298 erat
492 3242 666 3311 necessitas3
689 3241 845 3316 supplendi
859 3259 895 3298 ex
913 3241 1009 3298 aliena
1026 3239 1178 3313 disciplina

90 3312 257 3388 exemplum
271 3312 432 3369 habebatur
442 3313 473 3369 in
483 3315 545 3395 ipsa
559 3316 623 3386 Iege
635 3313 786 3382 canonica,
808 3330 884 3386 quae
897 3312 974 3370 clvili
987 3326 1179 3368 romanorum

90 3398 149 3438 iure
161 3383 335 3461 suppletur;
349 3385 503 3458 supplendi
516 3403 550 3442 ex
563 3384 662 3441 rituali
673 3401 798 3441 romano
813 3389 921 3458 cogens
930 3383 1005 3440 ratio
1015 3397 1086 3449 erat,
1098 3381 1179 3454 quod

90 3453 163 3521 ritus¹
179 3453 407 3511 carmelitarum
431 3458 468 3511 ad
482 3457 590 3514 latinos
602 3455 775 3512 adscribitur
789 3479 796 3528 ;
810 3473 864 3512 nec
887 3456 918 3510 in
938 3453 1058 3512 ecclesia
1078 3452 1177 3522 latina,

91 3525 202 3586 secluso
216 3526 382 3600 privilegio,
398 3527 472 3585 alios
483 3528 558 3584 ritus
571 3539 683 3602 praeter
697 3544 857 3583 romanum
871 3528 1010 3583 adhibere
1022 3525 1099 3581 licet.

125 3612 151 3679 c)
172 3611 311 3666 Restabat
322 3611 441 3666 tertium
454 3611 589 3682 dubium,
603 3613 684 3684 quod
698 3611 792 3683 magis
811 3611 919 3682 ambigi
937 3610 1099 3666 videbatur.
1110 3609 1179 3682 ‘Ete-

91 3679 161 3750 nim,
183 3699 219 3738 ex
238 3681 302 3755 ipsa
316 3681 350 3737 C.
372 3681 547 3756 Officiorum
562 3700 600 3739 ac
620 3683 794 3750 Munerum,
821 3683 928 3738 Leonis
949 3683 1033 3748 XIII,
1055 3691 1108 3735 art.
1136 3679 1177 3745 18,

91 3751 170 3808 nefas
183 3766 227 3810 est
237 3753 270 3807 in
283 3753 457 3811 authenticis
462 3754 640 3814 editionibus
647 3753 772 3810 Ritualis
777 3753 937 3826 quicquam
950 3749 1178 3831 immutarensi

91 3838 172 3879 secus
192 3823 304 3881 facturn
323 3823 419 3894 fuerit,
433 3826 488 3882 hae
505 3842 600 3883 novae
619 3825 761 3882 editIones
780 3825 973 3898 prohibentur
995 3845 1022 3879 n.
1045 3823 1179 3877 Licuitne

92 3892 192 3974 itaque
203 3898 267 3952 Rmo
280 3894 374 3952 Priori
384 3897 517 3953 Generali
527 3897 646 3971 proprio
656 3910 749 3953 marte
761 3896 876 3952 Rituale
887 3893 1031 3952 conficere
1044 3909 1077 3948 ea
1090 3908 1179 3971 quain
1208 3915 1209 3918 ¹

92 3965 218 4023 diximus
231 3967 366 4024 ratione?
390 3969 511 4025 Factum
524 3981 625 4026 tamen
639 3968 772 4042 probavit
789 3968 818 4026 S.
837 3968 960 4023 Rituum
972 3967 1177 4037 Congregatio.
1212 3984 1215 3986 ·

126 4193 133 4220 ¹
148 4195 233 4241 Auni.
246 4194 331 4240 Ecce.
345 4197 365 4238 t.
378 4199 404 4238 13
413 4196 499 4249 (1905),
511 4205 539 4250 p.
552 4198 660 4240 286·288.

126 4261 136 4292 '2
149 4257 259 4308 IbIdem.
272 4273 300 4318 p.
313 4266 366 4314 460.
877 4313 880 4318 1

127 4325 137 4357 ³
149 4325 209 4373 Non
218 4326 349 4373 videntur
359 4323 432 4391 enim
443 4321 608 4372 carmelitae
618 4321 683 4369 olim
693 4321 793 4369 rexisse
804 4321 954 4380 paroecias.
