<?xml version="1.0" encoding="UTF-8"?>
<!DOCTYPE html PUBLIC "-//W3C//DTD XHTML 1.0 Transitional//EN"
    "http://www.w3.org/TR/xhtml1/DTD/xhtml1-transitional.dtd">
<html xmlns="http://www.w3.org/1999/xhtml" xml:lang="en" lang="en">
 <head>
  <title>
</title>
<meta http-equiv="Content-Type" content="text/html;charset=utf-8" />
  <meta name='ocr-system' content='tesseract 3.04.00' />
  <meta name='ocr-capabilities' content='ocr_page ocr_carea ocr_par ocr_line ocrx_word'/>
</head>
<body>
  <div class='ocr_page' id='page_1' title='image "./dereligiosisins01vermgoog_0048.png"; bbox 0 0 2959 4900; ppageno 0'>
   <div class='ocr_carea' id='block_1_1' title="bbox 68 449 233 900">
    <p class='ocr_par' dir='ltr' id='par_1_1' title="bbox 68 449 233 900">
     <span class='ocr_line' id='line_1_1' title="bbox 102 449 230 510; baseline 0.008 -16"><span class='ocrx_word' id='word_1_1' title='bbox 102 449 167 510; x_wconf 74' lang='lat' dir='ltr'>Quas</span> <span class='ocrx_word' id='word_1_2' title='bbox 186 452 230 495; x_wconf 79' lang='lat' dir='ltr'>Im·</span> 
     </span>
     <span class='ocr_line' id='line_1_2' title="bbox 69 512 232 567; baseline 0 -15"><span class='ocrx_word' id='word_1_3' title='bbox 69 512 162 567; x_wconf 74' lang='lat' dir='ltr'>petron</span> <span class='ocrx_word' id='word_1_4' title='bbox 192 522 232 554; x_wconf 82' lang='lat' dir='ltr'>cu·</span> 
     </span>
     <span class='ocr_line' id='line_1_3' title="bbox 71 567 233 625; baseline -0.006 -13"><span class='ocrx_word' id='word_1_5' title='bbox 71 567 148 624; x_wconf 74' lang='lat' dir='ltr'>piant.</span> <span class='ocrx_word' id='word_1_6' title='bbox 175 569 233 625; x_wconf 76' lang='lat' dir='ltr'>pro·</span> 
     </span>
     <span class='ocr_line' id='line_1_4' title="bbox 68 627 233 682; baseline -0.012 -12"><span class='ocrx_word' id='word_1_7' title='bbox 68 627 153 682; x_wconf 76' lang='lat' dir='ltr'>ponere</span> <span class='ocrx_word' id='word_1_8' title='bbox 177 628 233 680; x_wconf 78' lang='lat' dir='ltr'>pos-</span> 
     </span>
     <span class='ocr_line' id='line_1_5' title="bbox 72 680 211 726; baseline -0.014 0"><span class='ocrx_word' id='word_1_9' title='bbox 72 683 121 726; x_wconf 82' lang='lat' dir='ltr'>sint</span> <span class='ocrx_word' id='word_1_10' title='bbox 138 680 173 726; x_wconf 88' lang='lat' dir='ltr'>Su</span> <span class='ocrx_word' id='word_1_11' title='bbox 189 696 211 724; x_wconf 81' lang='lat' dir='ltr'>e·</span> 
     </span>
     <span class='ocr_line' id='line_1_6' title="bbox 72 741 231 784; baseline 0 -2"><span class='ocrx_word' id='word_1_12' title='bbox 72 741 146 784; x_wconf 80' lang='lat' dir='ltr'>riores</span> <span class='ocrx_word' id='word_1_13' title='bbox 181 753 231 784; x_wconf 79' lang='lat' dir='ltr'>ene-</span> 
     </span>
     <span class='ocr_line' id='line_1_7' title="bbox 72 795 231 843; baseline 0.013 -4"><span class='ocrx_word' id='word_1_14' title='bbox 72 795 133 842; x_wconf 78' lang='lat' dir='ltr'>rales</span> <span class='ocrx_word' id='word_1_15' title='bbox 156 795 231 843; x_wconf 81' lang='lat' dir='ltr'>Ordi-</span> 
     </span>
     <span class='ocr_line' id='line_1_8' title="bbox 72 868 137 900; baseline 0 0"><span class='ocrx_word' id='word_1_16' title='bbox 72 868 137 900; x_wconf 86' lang='lat' dir='ltr'>num.</span> 
     </span>
    </p>
   </div>
   <div class='ocr_carea' id='block_1_2' title="bbox 72 933 233 1251">
    <p class='ocr_par' dir='ltr' id='par_1_2' title="bbox 72 933 233 1097">
     <span class='ocr_line' id='line_1_9' title="bbox 97 933 232 992; baseline -0.007 -10"><span class='ocrx_word' id='word_1_17' title='bbox 97 933 232 992; x_wconf 80' lang='lat' dir='ltr'>Confirma-</span> 
     </span>
     <span class='ocr_line' id='line_1_10' title="bbox 74 992 233 1060; baseline 0.013 -22"><span class='ocrx_word' id='word_1_18' title='bbox 74 994 106 1060; x_wconf 79' lang='lat' dir='ltr'>tio</span> <span class='ocrx_word' id='word_1_19' title='bbox 127 992 233 1053; x_wconf 80' lang='lat' dir='ltr'>Pontifi-</span> 
     </span>
     <span class='ocr_line' id='line_1_11' title="bbox 72 1064 115 1097; baseline 0 0"><span class='ocrx_word' id='word_1_20' title='bbox 72 1064 115 1097; x_wconf 79' lang='lat' dir='ltr'>crs.</span> 
     </span>
    </p>

    <p class='ocr_par' dir='ltr' id='par_1_3' title="bbox 72 1133 227 1251">
     <span class='ocr_line' id='line_1_12' title="bbox 101 1133 214 1192; baseline 0 -12"><span class='ocrx_word' id='word_1_21' title='bbox 101 1133 161 1180; x_wconf 84' lang='lat' dir='ltr'>Dies</span> <span class='ocrx_word' id='word_1_22' title='bbox 173 1136 214 1192; x_wconf 82' lang='lat'>(18</span> 
     </span>
     <span class='ocr_line' id='line_1_13' title="bbox 72 1191 227 1251; baseline 0.013 -13"><span class='ocrx_word' id='word_1_23' title='bbox 72 1191 127 1238; x_wconf 83' lang='lat' dir='ltr'>iulii</span> <span class='ocrx_word' id='word_1_24' title='bbox 134 1195 227 1251; x_wconf 78' lang='lat'>1902).&#39;</span> 
     </span>
    </p>
   </div>
   <div class='ocr_carea' id='block_1_3' title="bbox 64 3435 228 3607">
    <p class='ocr_par' dir='ltr' id='par_1_4' title="bbox 64 3435 228 3607">
     <span class='ocr_line' id='line_1_14' title="bbox 97 3435 195 3482; baseline -0.01 0"><span class='ocrx_word' id='word_1_25' title='bbox 97 3435 195 3482; x_wconf 79' lang='lat' dir='ltr'><em>Occasio</em></span> 
     </span>
     <span class='ocr_line' id='line_1_15' title="bbox 64 3489 228 3550; baseline 0.024 -15"><span class='ocrx_word' id='word_1_26' title='bbox 64 3489 170 3550; x_wconf 71' lang='lat' dir='ltr'>frequens</span> <span class='ocrx_word' id='word_1_27' title='bbox 185 3491 228 3539; x_wconf 86' lang='lat' dir='ltr'>du·</span> 
     </span>
     <span class='ocr_line' id='line_1_16' title="bbox 67 3549 169 3607; baseline 0.01 -12"><span class='ocrx_word' id='word_1_28' title='bbox 67 3549 169 3607; x_wconf 75' lang='lat' dir='ltr'>diorum,</span> 
     </span>
    </p>
   </div>
   <div class='ocr_carea' id='block_1_4' title="bbox 66 3773 229 4108">
    <p class='ocr_par' dir='ltr' id='par_1_5' title="bbox 66 3773 229 4108">
     <span class='ocr_line' id='line_1_17' title="bbox 95 3773 227 3820; baseline 0 -1"><span class='ocrx_word' id='word_1_29' title='bbox 95 3776 173 3820; x_wconf 79' lang='lat' dir='ltr'>Aucta</span> <span class='ocrx_word' id='word_1_30' title='bbox 189 3773 227 3820; x_wconf 78' lang='lat' dir='ltr'>de-</span> 
     </span>
     <span class='ocr_line' id='line_1_18' title="bbox 67 3832 229 3879; baseline 0.012 -2"><span class='ocrx_word' id='word_1_31' title='bbox 67 3837 127 3877; x_wconf 79' lang='lat' dir='ltr'>creto</span> <span class='ocrx_word' id='word_1_32' title='bbox 142 3832 229 3879; x_wconf 75' lang='lat' dir='ltr'>Leonis</span> 
     </span>
     <span class='ocr_line' id='line_1_19' title="bbox 67 3889 171 3935; baseline 0 -2"><span class='ocrx_word' id='word_1_33' title='bbox 67 3889 140 3935; x_wconf 85' lang='lat' dir='ltr'><em>XIII</em></span> <span class='ocrx_word' id='word_1_34' title='bbox 151 3894 171 3934; x_wconf 83' lang='lat' dir='ltr'>et</span> 
     </span>
     <span class='ocr_line' id='line_1_20' title="bbox 66 3945 229 3993; baseline 0.006 -2"><span class='ocrx_word' id='word_1_35' title='bbox 66 3946 167 3993; x_wconf 84' lang='lat' dir='ltr'>Normis</span> <span class='ocrx_word' id='word_1_36' title='bbox 202 3945 229 3992; x_wconf 83' lang='lat' dir='ltr'>de</span> 
     </span>
     <span class='ocr_line' id='line_1_21' title="bbox 66 4005 228 4051; baseline -0.006 -1"><span class='ocrx_word' id='word_1_37' title='bbox 66 4006 134 4050; x_wconf 82' lang='lat' dir='ltr'>novis</span> <span class='ocrx_word' id='word_1_38' title='bbox 153 4005 228 4051; x_wconf 80' lang='lat' dir='ltr'>Insti-</span> 
     </span>
     <span class='ocr_line' id='line_1_22' title="bbox 68 4065 172 4108; baseline 0 -2"><span class='ocrx_word' id='word_1_39' title='bbox 68 4065 133 4108; x_wconf 76' lang='lat' dir='ltr'>tutis.</span> <span class='ocrx_word' id='word_1_40' title='bbox 170 4092 172 4098; x_wconf 84' lang='lat'>·</span> 
     </span>
    </p>
   </div>
   <div class='ocr_carea' id='block_1_5' title="bbox 289 280 930 344">
    <p class='ocr_par' dir='ltr' id='par_1_6' title="bbox 289 280 930 344">
     <span class='ocr_line' id='line_1_23' title="bbox 289 280 930 344; baseline -0.003 0"><span class='ocrx_word' id='word_1_41' title='bbox 289 280 328 344; x_wconf 84' lang='lat'>38</span> <span class='ocrx_word' id='word_1_42' title='bbox 539 295 541 301; x_wconf 84' lang='grc'>’</span> <span class='ocrx_word' id='word_1_43' title='bbox 582 321 589 332; x_wconf 90' lang='lat'><strong>·</strong></span> <span class='ocrx_word' id='word_1_44' title='bbox 748 308 930 344; x_wconf 74' lang='lat' dir='ltr'>uonuuuura</span> 
     </span>
    </p>
   </div>
   <div class='ocr_carea' id='block_1_6' title="bbox 287 447 1378 734">
    <p class='ocr_par' dir='ltr' id='par_1_7' title="bbox 287 447 1378 734">
     <span class='ocr_line' id='line_1_24' title="bbox 288 447 1376 520; baseline 0.002 -20"><span class='ocrx_word' id='word_1_45' title='bbox 288 458 331 500; x_wconf 88' lang='lat' dir='ltr'>est</span> <span class='ocrx_word' id='word_1_46' title='bbox 355 457 388 501; x_wconf 91' lang='lat' dir='ltr'>ut</span> <span class='ocrx_word' id='word_1_47' title='bbox 403 447 485 501; x_wconf 77' lang='lat' dir='ltr'>Rumi</span> <span class='ocrx_word' id='word_1_48' title='bbox 500 449 599 503; x_wconf 86' lang='lat' dir='ltr'>Patres</span> <span class='ocrx_word' id='word_1_49' title='bbox 615 448 772 505; x_wconf 83' lang='lat' dir='ltr'>Generales</span> <span class='ocrx_word' id='word_1_50' title='bbox 790 448 938 504; x_wconf 89' lang='lat' dir='ltr'>Ordinum</span> <span class='ocrx_word' id='word_1_51' title='bbox 952 448 1169 520; x_wconf 89' lang='lat' dir='ltr'>Religiosorum</span> <span class='ocrx_word' id='word_1_52' title='bbox 1181 448 1232 520; x_wconf 93' lang='lat' dir='ltr'>qui</span> <span class='ocrx_word' id='word_1_53' title='bbox 1245 447 1376 504; x_wconf 91' lang='lat' dir='ltr'>Tertium</span> 
     </span>
     <span class='ocr_line' id='line_1_25' title="bbox 289 516 1378 593; baseline 0.003 -22"><span class='ocrx_word' id='word_1_54' title='bbox 289 516 431 573; x_wconf 88' lang='lat' dir='ltr'>Ordinem</span> <span class='ocrx_word' id='word_1_55' title='bbox 443 519 562 585; x_wconf 89' lang='lat' dir='ltr'>habent,</span> <span class='ocrx_word' id='word_1_56' title='bbox 576 519 646 576; x_wconf 90' lang='lat' dir='ltr'>huic</span> <span class='ocrx_word' id='word_1_57' title='bbox 659 521 688 576; x_wconf 87' lang='lat' dir='ltr'>S.</span> <span class='ocrx_word' id='word_1_58' title='bbox 705 519 935 593; x_wconf 87' lang='lat' dir='ltr'>Congregationi</span> <span class='ocrx_word' id='word_1_59' title='bbox 949 520 1106 575; x_wconf 81' lang='lat' dir='ltr'><strong>exhibeant</strong></span> <span class='ocrx_word' id='word_1_60' title='bbox 1118 537 1230 575; x_wconf 87' lang='lat' dir='ltr'>novum</span> <span class='ocrx_word' id='word_1_61' title='bbox 1252 537 1378 575; x_wconf 90' lang='lat' dir='ltr'>summa·</span> 
     </span>
     <span class='ocr_line' id='line_1_26' title="bbox 287 588 1378 670; baseline 0.002 -28"><span class='ocrx_word' id='word_1_62' title='bbox 287 589 366 644; x_wconf 88' lang='lat' dir='ltr'>rium</span> <span class='ocrx_word' id='word_1_63' title='bbox 380 588 498 670; x_wconf 82' lang='lat' dir='ltr'>illarum</span> <span class='ocrx_word' id='word_1_64' title='bbox 514 590 769 664; x_wconf 90' lang='lat' dir='ltr'>Indulgentiarum</span> <span class='ocrx_word' id='word_1_65' title='bbox 782 609 855 665; x_wconf 92' lang='lat' dir='ltr'>quas</span> <span class='ocrx_word' id='word_1_66' title='bbox 873 609 928 665; x_wconf 93' lang='lat' dir='ltr'>pro</span> <span class='ocrx_word' id='word_1_67' title='bbox 941 592 1000 647; x_wconf 91' lang='lat' dir='ltr'>suis</span> <span class='ocrx_word' id='word_1_68' title='bbox 1012 592 1120 648; x_wconf 83' lang='lat' dir='ltr'>Tertiis</span> <span class='ocrx_word' id='word_1_69' title='bbox 1134 590 1292 647; x_wconf 86' lang='lat' dir='ltr'>Ordinibus</span> <span class='ocrx_word' id='word_1_70' title='bbox 1308 591 1378 646; x_wconf 92' lang='lat' dir='ltr'>obti-</span> 
     </span>
     <span class='ocr_line' id='line_1_27' title="bbox 288 673 507 734; baseline 0.014 -20"><span class='ocrx_word' id='word_1_71' title='bbox 288 677 357 715; x_wconf 85' lang='lat' dir='ltr'>nere</span> <span class='ocrx_word' id='word_1_72' title='bbox 370 673 507 734; x_wconf 77' lang='lat' dir='ltr'>cupiunt.</span> 
     </span>
    </p>
   </div>
   <div class='ocr_carea' id='block_1_7' title="bbox 287 744 1378 1030">
    <p class='ocr_par' dir='ltr' id='par_1_8' title="bbox 287 744 1378 1030">
     <span class='ocr_line' id='line_1_28' title="bbox 325 744 1376 816; baseline 0 -17"><span class='ocrx_word' id='word_1_73' title='bbox 325 745 367 799; x_wconf 93' lang='lat' dir='ltr'>De</span> <span class='ocrx_word' id='word_1_74' title='bbox 382 744 489 816; x_wconf 90' lang='lat' dir='ltr'>quibus</span> <span class='ocrx_word' id='word_1_75' title='bbox 505 746 644 802; x_wconf 91' lang='lat' dir='ltr'>omnibus</span> <span class='ocrx_word' id='word_1_76' title='bbox 657 744 731 801; x_wconf 88' lang='lat' dir='ltr'>facta</span> <span class='ocrx_word' id='word_1_77' title='bbox 745 745 887 802; x_wconf 87' lang='lat' dir='ltr'>relatione</span> <span class='ocrx_word' id='word_1_78' title='bbox 902 747 979 802; x_wconf 76' lang='lat' dir='ltr'>SSm⁰</span> <span class='ocrx_word' id='word_1_79' title='bbox 1004 746 1133 803; x_wconf 89' lang='lat' dir='ltr'>Domino</span> <span class='ocrx_word' id='word_1_80' title='bbox 1153 748 1263 801; x_wconf 87' lang='lat' dir='ltr'>Nostro</span> <span class='ocrx_word' id='word_1_81' title='bbox 1286 744 1376 800; x_wconf 86' lang='lat' dir='ltr'>Leoni</span> 
     </span>
     <span class='ocr_line' id='line_1_29' title="bbox 290 816 1377 890; baseline 0 -20"><span class='ocrx_word' id='word_1_82' title='bbox 290 817 348 871; x_wconf 88' lang='grc' dir='ltr'>ΡΡ.</span> <span class='ocrx_word' id='word_1_83' title='bbox 364 817 447 876; x_wconf 86' lang='grc' dir='ltr'>ΧΙΙΙ,</span> <span class='ocrx_word' id='word_1_84' title='bbox 471 818 507 872; x_wconf 90' lang='lat' dir='ltr'>ab</span> <span class='ocrx_word' id='word_1_85' title='bbox 521 816 705 890; x_wconf 80' lang='lat' dir='ltr'>Infrascripto</span> <span class='ocrx_word' id='word_1_86' title='bbox 719 817 867 873; x_wconf 88' lang='lat' dir='ltr'>Cardinali</span> <span class='ocrx_word' id='word_1_87' title='bbox 884 818 1045 882; x_wconf 81' lang='lat' dir='ltr'>Praelecm,</span> <span class='ocrx_word' id='word_1_88' title='bbox 1070 820 1100 873; x_wconf 92' lang='lat' dir='ltr'>in</span> <span class='ocrx_word' id='word_1_89' title='bbox 1115 817 1262 872; x_wconf 87' lang='lat' dir='ltr'>audientia</span> <span class='ocrx_word' id='word_1_90' title='bbox 1280 816 1377 871; x_wconf 89' lang='lat' dir='ltr'>habita</span> 
     </span>
     <span class='ocr_line' id='line_1_30' title="bbox 287 886 1378 960; baseline -0.001 -18"><span class='ocrx_word' id='word_1_91' title='bbox 287 887 334 942; x_wconf 90' lang='lat' dir='ltr'>die</span> <span class='ocrx_word' id='word_1_92' title='bbox 351 888 382 943; x_wconf 89' lang='lat'>18</span> <span class='ocrx_word' id='word_1_93' title='bbox 400 887 461 942; x_wconf 91' lang='lat' dir='ltr'>iulii</span> <span class='ocrx_word' id='word_1_94' title='bbox 483 906 559 960; x_wconf 82' lang='lat'>1902,</span> <span class='ocrx_word' id='word_1_95' title='bbox 575 888 718 944; x_wconf 84' lang='lat' dir='ltr'>Sanctitas</span> <span class='ocrx_word' id='word_1_96' title='bbox 733 890 792 944; x_wconf 86' lang='lat' dir='ltr'>Sua</span> <span class='ocrx_word' id='word_1_97' title='bbox 806 888 1000 945; x_wconf 88' lang='lat' dir='ltr'>resolutiones</span> <span class='ocrx_word' id='word_1_98' title='bbox 1012 891 1122 944; x_wconf 68' lang='lat' dir='ltr'>Eurorum</span> <span class='ocrx_word' id='word_1_99' title='bbox 1138 891 1258 944; x_wconf 90' lang='lat' dir='ltr'>Patrum</span> <span class='ocrx_word' id='word_1_100' title='bbox 1273 886 1378 943; x_wconf 86' lang='lat' dir='ltr'>confir-</span> 
     </span>
     <span class='ocr_line' id='line_1_31' title="bbox 288 958 952 1030; baseline 0.002 -16"><span class='ocrx_word' id='word_1_101' title='bbox 288 958 386 1026; x_wconf 90' lang='lat' dir='ltr'>mavit,</span> <span class='ocrx_word' id='word_1_102' title='bbox 403 975 510 1030; x_wconf 87' lang='lat' dir='ltr'>easque</span> <span class='ocrx_word' id='word_1_103' title='bbox 521 959 700 1015; x_wconf 85' lang='lat' dir='ltr'>exsecutioni</span> <span class='ocrx_word' id='word_1_104' title='bbox 711 960 845 1014; x_wconf 89' lang='lat' dir='ltr'>mandari</span> <span class='ocrx_word' id='word_1_105' title='bbox 860 961 952 1016; x_wconf 92' lang='lat' dir='ltr'>iussit.</span> 
     </span>
    </p>
   </div>
   <div class='ocr_carea' id='block_1_8' title="bbox 325 1043 1377 1367">
    <p class='ocr_par' dir='ltr' id='par_1_9' title="bbox 325 1043 1377 1367">
     <span class='ocr_line' id='line_1_32' title="bbox 325 1043 1290 1116; baseline 0.001 -19"><span class='ocrx_word' id='word_1_106' title='bbox 325 1045 433 1098; x_wconf 89' lang='lat' dir='ltr'>Datum</span> <span class='ocrx_word' id='word_1_107' title='bbox 447 1044 560 1098; x_wconf 87' lang='lat' dir='ltr'>Romae</span> <span class='ocrx_word' id='word_1_108' title='bbox 571 1060 605 1099; x_wconf 85' lang='lat' dir='ltr'>ex</span> <span class='ocrx_word' id='word_1_109' title='bbox 614 1043 768 1099; x_wconf 87' lang='lat' dir='ltr'>secretaria</span> <span class='ocrx_word' id='word_1_110' title='bbox 781 1043 912 1099; x_wconf 91' lang='lat' dir='ltr'>eiusdem</span> <span class='ocrx_word' id='word_1_111' title='bbox 926 1045 955 1099; x_wconf 90' lang='lat' dir='ltr'>S.</span> <span class='ocrx_word' id='word_1_112' title='bbox 972 1044 1005 1099; x_wconf 95' lang='lat' dir='ltr'>C.</span> <span class='ocrx_word' id='word_1_113' title='bbox 1022 1043 1069 1098; x_wconf 89' lang='lat' dir='ltr'>die</span> <span class='ocrx_word' id='word_1_114' title='bbox 1087 1044 1118 1099; x_wconf 90' lang='lat'>18</span> <span class='ocrx_word' id='word_1_115' title='bbox 1131 1043 1195 1098; x_wconf 90' lang='lat' dir='ltr'>iulii</span> <span class='ocrx_word' id='word_1_116' title='bbox 1214 1061 1290 1116; x_wconf 78' lang='lat'><strong>1902.</strong></span> 
     </span>
     <span class='ocr_line' id='line_1_33' title="bbox 609 1128 1190 1202; baseline 0.003 -20"><span class='ocrx_word' id='word_1_117' title='bbox 609 1128 804 1183; x_wconf 76' lang='lat' dir='ltr'>Sunsnnmus,</span> <span class='ocrx_word' id='word_1_118' title='bbox 821 1128 908 1183; x_wconf 89' lang='lat' dir='ltr'>Catd.</span> <span class='ocrx_word' id='word_1_119' title='bbox 925 1129 1067 1195; x_wconf 73' lang='lat' dir='ltr'>Cam-ont,</span> <span class='ocrx_word' id='word_1_120' title='bbox 1082 1128 1190 1202; x_wconf 58' lang='lat' dir='ltr'>Pratff.</span> 
     </span>
     <span class='ocr_line' id='line_1_34' title="bbox 407 1211 1377 1285; baseline 0 -19"><span class='ocrx_word' id='word_1_121' title='bbox 407 1212 463 1266; x_wconf 85' lang='lat' dir='ltr'>Pro</span> <span class='ocrx_word' id='word_1_122' title='bbox 479 1213 513 1266; x_wconf 88' lang='lat' dir='ltr'>R.</span> <span class='ocrx_word' id='word_1_123' title='bbox 530 1212 563 1267; x_wconf 88' lang='lat' dir='ltr'>P.</span> <span class='ocrx_word' id='word_1_124' title='bbox 579 1212 614 1267; x_wconf 92' lang='lat' dir='ltr'>D.</span> <span class='ocrx_word' id='word_1_125' title='bbox 629 1212 660 1266; x_wconf 92' lang='lat' dir='ltr'><em>F</em></span> <span class='ocrx_word' id='word_1_126' title='bbox 659 1211 795 1266; x_wconf 88' lang='lat' dir='ltr'>rancisco</span> <span class='ocrx_word' id='word_1_127' title='bbox 809 1211 930 1285; x_wconf 84' lang='lat' dir='ltr'>Sogaro</span> <span class='ocrx_word' id='word_1_128' title='bbox 943 1211 1086 1285; x_wconf 84' lang='lat' dir='ltr'>Archiep.</span> <span class='ocrx_word' id='word_1_129' title='bbox 1102 1212 1254 1279; x_wconf 62' lang='lat' dir='ltr'>Amiden„</span> <span class='ocrx_word' id='word_1_130' title='bbox 1271 1211 1377 1267; x_wconf 87' lang='lat' dir='ltr'>Secret.</span> 
     </span>
     <span class='ocr_line' id='line_1_35' title="bbox 587 1293 1242 1367; baseline -0.003 -17"><span class='ocrx_word' id='word_1_131' title='bbox 587 1293 729 1367; x_wconf 75' lang='lat' dir='ltr'>Iosephus</span> <span class='ocrx_word' id='word_1_132' title='bbox 743 1294 851 1350; x_wconf 84' lang='lat' dir='ltr'>Maria</span> <span class='ocrx_word' id='word_1_133' title='bbox 868 1294 943 1350; x_wconf 83' lang='lat' dir='ltr'>Can.</span> <span class='ocrx_word' id='word_1_134' title='bbox 961 1293 1081 1363; x_wconf 80' lang='lat' dir='ltr'>Corelli,</span> <span class='ocrx_word' id='word_1_135' title='bbox 1095 1294 1217 1349; x_wconf 87' lang='lat' dir='ltr'>Substit.</span> <span class='ocrx_word' id='word_1_136' title='bbox 1239 1302 1242 1307; x_wconf 87' lang='lat'>&#39;</span> 
     </span>
    </p>
   </div>
   <div class='ocr_carea' id='block_1_9' title="bbox 749 1442 926 1495">
    <p class='ocr_par' dir='ltr' id='par_1_10' title="bbox 749 1442 926 1495">
     <span class='ocr_line' id='line_1_36' title="bbox 749 1442 926 1495; baseline -0.006 0"><span class='ocrx_word' id='word_1_137' title='bbox 749 1442 926 1495; x_wconf 75' lang='lat' dir='ltr'>Auuornrto</span> 
     </span>
    </p>
   </div>
   <div class='ocr_carea' id='block_1_10' title="bbox 286 1561 1377 1920">
    <p class='ocr_par' dir='ltr' id='par_1_11' title="bbox 287 1561 1377 1778">
     <span class='ocr_line' id='line_1_37' title="bbox 324 1561 1377 1634; baseline 0.002 -18"><span class='ocrx_word' id='word_1_138' title='bbox 324 1565 435 1634; x_wconf 89' lang='lat' dir='ltr'>Itaque,</span> <span class='ocrx_word' id='word_1_139' title='bbox 451 1562 549 1629; x_wconf 90' lang='lat' dir='ltr'>hodie,</span> <span class='ocrx_word' id='word_1_140' title='bbox 571 1561 770 1632; x_wconf 83' lang='lat' dir='ltr'>indulgentiae</span> <span class='ocrx_word' id='word_1_141' title='bbox 789 1561 897 1634; x_wconf 91' lang='lat' dir='ltr'>quibus</span> <span class='ocrx_word' id='word_1_142' title='bbox 920 1562 1055 1618; x_wconf 88' lang='lat' dir='ltr'>fruuntur</span> <span class='ocrx_word' id='word_1_143' title='bbox 1068 1562 1202 1618; x_wconf 90' lang='lat' dir='ltr'>Tertiarii</span> <span class='ocrx_word' id='word_1_144' title='bbox 1216 1563 1377 1619; x_wconf 86' lang='lat' dir='ltr'>saeculares</span> 
     </span>
     <span class='ocr_line' id='line_1_38' title="bbox 287 1632 1373 1699; baseline -0.001 -11"><span class='ocrx_word' id='word_1_145' title='bbox 287 1634 316 1688; x_wconf 86' lang='lat' dir='ltr'>S.</span> <span class='ocrx_word' id='word_1_146' title='bbox 344 1632 490 1688; x_wconf 89' lang='lat' dir='ltr'>Francisci</span> <span class='ocrx_word' id='word_1_147' title='bbox 515 1635 695 1688; x_wconf 87' lang='lat' dir='ltr'>mutuandae</span> <span class='ocrx_word' id='word_1_148' title='bbox 718 1645 825 1688; x_wconf 90' lang='lat' dir='ltr'>sunta</span> <span class='ocrx_word' id='word_1_149' title='bbox 848 1635 949 1689; x_wconf 90' lang='lat' dir='ltr'>Const.</span> <span class='ocrx_word' id='word_1_150' title='bbox 976 1634 1155 1690; x_wconf 86' lang='lat' dir='ltr'>Misericors</span> <span class='ocrx_word' id='word_1_151' title='bbox 1181 1633 1241 1690; x_wconf 88' lang='lat' dir='ltr'>Dei</span> <span class='ocrx_word' id='word_1_152' title='bbox 1266 1634 1373 1699; x_wconf 89' lang='lat' dir='ltr'>Filius,</span> 
     </span>
     <span class='ocr_line' id='line_1_39' title="bbox 287 1704 1374 1778; baseline -0.001 -18"><span class='ocrx_word' id='word_1_153' title='bbox 287 1723 301 1760; x_wconf 91' lang='lat'><strong>2</strong></span> <span class='ocrx_word' id='word_1_154' title='bbox 331 1704 494 1769; x_wconf 81' lang='lat' dir='ltr'>maii1883,</span> <span class='ocrx_word' id='word_1_155' title='bbox 520 1719 547 1762; x_wconf 90' lang='lat' dir='ltr'>et</span> <span class='ocrx_word' id='word_1_156' title='bbox 570 1704 654 1760; x_wconf 88' lang='lat' dir='ltr'>Brevi</span> <span class='ocrx_word' id='word_1_157' title='bbox 671 1705 730 1774; x_wconf 84' lang='lat' dir='ltr'>Qui</span> <span class='ocrx_word' id='word_1_158' title='bbox 744 1705 879 1778; x_wconf 88' lang='lat' dir='ltr'>multa‚7</span> <span class='ocrx_word' id='word_1_159' title='bbox 900 1721 972 1777; x_wconf 86' lang='lat' dir='ltr'>sept.</span> <span class='ocrx_word' id='word_1_160' title='bbox 997 1724 1073 1777; x_wconf 77' lang='lat'><strong>¹90¹·</strong></span> <span class='ocrx_word' id='word_1_161' title='bbox 1094 1706 1154 1762; x_wconf 89' lang='lat' dir='ltr'>Cfr.</span> <span class='ocrx_word' id='word_1_162' title='bbox 1174 1705 1252 1764; x_wconf 84' lang='lat' dir='ltr'>Acta</span> <span class='ocrx_word' id='word_1_163' title='bbox 1265 1705 1374 1761; x_wconf 88' lang='lat' dir='ltr'>Leonis</span> 
     </span>
    </p>

    <p class='ocr_par' dir='ltr' id='par_1_12' title="bbox 286 1775 1372 1920">
     <span class='ocr_line' id='line_1_40' title="bbox 316 1775 1372 1903; baseline 0 -73"><span class='ocrx_word' id='word_1_164' title='bbox 316 1775 368 1903; x_wconf 68' lang='lat' dir='ltr'><em>I313I</em></span> <span class='ocrx_word' id='word_1_165' title='bbox 389 1775 468 1900; x_wconf 52' lang='lat' dir='ltr'>(edfit.</span> <span class='ocrx_word' id='word_1_166' title='bbox 484 1776 614 1848; x_wconf 75' lang='lat' dir='ltr'>Desclee)</span> <span class='ocrx_word' id='word_1_167' title='bbox 635 1788 656 1830; x_wconf 91' lang='lat' dir='ltr'>t.</span> <span class='ocrx_word' id='word_1_168' title='bbox 678 1794 703 1845; x_wconf 88' lang='lat'>2,</span> <span class='ocrx_word' id='word_1_169' title='bbox 719 1793 748 1848; x_wconf 89' lang='lat' dir='ltr'>p.</span> <span class='ocrx_word' id='word_1_170' title='bbox 768 1795 809 1846; x_wconf 87' lang='lat'>10,</span> <span class='ocrx_word' id='word_1_171' title='bbox 825 1787 853 1831; x_wconf 93' lang='lat' dir='ltr'>et</span> <span class='ocrx_word' id='word_1_172' title='bbox 869 1778 1028 1832; x_wconf 75' lang='lat' dir='ltr'>Nouvuccu</span> <span class='ocrx_word' id='word_1_173' title='bbox 1045 1779 1143 1832; x_wconf 75' lang='lat' dir='ltr'>Rarus</span> <span class='ocrx_word' id='word_1_174' title='bbox 1156 1782 1372 1844; x_wconf 68' lang='lat' dir='ltr'>rniouoctoum</span> 
     </span>
     <span class='ocr_line' id='line_1_41' title="bbox 286 1861 946 1920; baseline 0.003 -20"><span class='ocrx_word' id='word_1_175' title='bbox 286 1861 306 1902; x_wconf 88' lang='lat' dir='ltr'>t.</span> <span class='ocrx_word' id='word_1_176' title='bbox 363 1865 414 1920; x_wconf 86' lang='lat' dir='ltr'>‚p.</span> <span class='ocrx_word' id='word_1_177' title='bbox 440 1866 492 1920; x_wconf 64' lang='lat'>³07.</span> <span class='ocrx_word' id='word_1_178' title='bbox 693 1869 696 1878; x_wconf 91' lang='grc'><strong>’</strong></span> <span class='ocrx_word' id='word_1_179' title='bbox 943 1885 946 1888; x_wconf 87' lang='lat'><strong>·</strong></span> 
     </span>
    </p>
   </div>
   <div class='ocr_carea' id='block_1_11' title="bbox 285 1928 1377 2073">
    <p class='ocr_par' dir='ltr' id='par_1_13' title="bbox 285 1928 1377 2073">
     <span class='ocr_line' id='line_1_42' title="bbox 323 1928 1377 2003; baseline -0.003 -18"><span class='ocrx_word' id='word_1_180' title='bbox 323 1931 365 1985; x_wconf 88' lang='lat' dir='ltr'>De</span> <span class='ocrx_word' id='word_1_181' title='bbox 396 1930 585 2003; x_wconf 82' lang='lat' dir='ltr'>indulgentiis</span> <span class='ocrx_word' id='word_1_182' title='bbox 616 1929 708 1984; x_wconf 91' lang='lat' dir='ltr'>Tertii</span> <span class='ocrx_word' id='word_1_183' title='bbox 737 1928 856 1984; x_wconf 84' lang='lat' dir='ltr'>Ordinis</span> <span class='ocrx_word' id='word_1_184' title='bbox 886 1930 1022 1983; x_wconf 89' lang='lat' dir='ltr'>Fratrum</span> <span class='ocrx_word' id='word_1_185' title='bbox 1052 1930 1302 1999; x_wconf 89' lang='lat' dir='ltr'>Praedicatotum,</span> <span class='ocrx_word' id='word_1_186' title='bbox 1331 1929 1377 1984; x_wconf 89' lang='lat' dir='ltr'>ad-</span> 
     </span>
     <span class='ocr_line' id='line_1_43' title="bbox 285 2000 1000 2073; baseline -0.001 -15"><span class='ocrx_word' id='word_1_187' title='bbox 285 2001 417 2058; x_wconf 90' lang='lat' dir='ltr'>eundum</span> <span class='ocrx_word' id='word_1_188' title='bbox 432 2015 473 2058; x_wconf 92' lang='lat' dir='ltr'>est</span> <span class='ocrx_word' id='word_1_189' title='bbox 487 2011 663 2073; x_wconf 79' lang='lat' dir='ltr'>rescriptum</span> <span class='ocrx_word' id='word_1_190' title='bbox 679 2000 722 2054; x_wconf 88' lang='lat' dir='ltr'>Pii</span> <span class='ocrx_word' id='word_1_191' title='bbox 737 2003 805 2068; x_wconf 89' lang='lat' dir='ltr'>VII,</span> <span class='ocrx_word' id='word_1_192' title='bbox 821 2001 903 2056; x_wconf 77' lang='lat' dir='ltr'>blul.</span> <span class='ocrx_word' id='word_1_193' title='bbox 923 2001 1000 2057; x_wconf 81' lang='lat'><strong>1806.</strong></span> 
     </span>
    </p>
   </div>
   <div class='ocr_carea' id='block_1_12' title="bbox 285 2083 1374 2230">
    <p class='ocr_par' dir='ltr' id='par_1_14' title="bbox 285 2083 1374 2230">
     <span class='ocr_line' id='line_1_44' title="bbox 323 2083 1374 2158; baseline -0.003 -19"><span class='ocrx_word' id='word_1_194' title='bbox 323 2085 525 2158; x_wconf 86' lang='lat' dir='ltr'>Indulgentiae</span> <span class='ocrx_word' id='word_1_195' title='bbox 539 2083 753 2140; x_wconf 88' lang='lat' dir='ltr'>Tertiariorum</span> <span class='ocrx_word' id='word_1_196' title='bbox 766 2083 960 2139; x_wconf 90' lang='lat' dir='ltr'>saecularium</span> <span class='ocrx_word' id='word_1_197' title='bbox 973 2083 1092 2139; x_wconf 91' lang='lat' dir='ltr'>Ordinis</span> <span class='ocrx_word' id='word_1_198' title='bbox 1107 2086 1266 2140; x_wconf 88' lang='lat' dir='ltr'>Servorum</span> <span class='ocrx_word' id='word_1_199' title='bbox 1286 2087 1320 2140; x_wconf 90' lang='lat' dir='ltr'>B.</span> <span class='ocrx_word' id='word_1_200' title='bbox 1334 2083 1374 2137; x_wconf 92' lang='lat' dir='ltr'>M.</span> 
     </span>
     <span class='ocr_line' id='line_1_45' title="bbox 285 2155 987 2230; baseline -0.001 -20"><span class='ocrx_word' id='word_1_201' title='bbox 285 2156 413 2230; x_wconf 80' lang='lat' dir='ltr'>Virginis</span> <span class='ocrx_word' id='word_1_202' title='bbox 426 2157 614 2212; x_wconf 85' lang='lat' dir='ltr'>contiuentur</span> <span class='ocrx_word' id='word_1_203' title='bbox 628 2155 768 2226; x_wconf 90' lang='lat' dir='ltr'>rescripto</span> <span class='ocrx_word' id='word_1_204' title='bbox 786 2156 814 2210; x_wconf 82' lang='lat'>15</span> <span class='ocrx_word' id='word_1_205' title='bbox 829 2155 891 2210; x_wconf 89' lang='lat' dir='ltr'>dec.</span> <span class='ocrx_word' id='word_1_206' title='bbox 911 2155 987 2210; x_wconf 83' lang='lat'><strong>1883.</strong></span> 
     </span>
    </p>
   </div>
   <div class='ocr_carea' id='block_1_13' title="bbox 285 2228 1376 2383">
    <p class='ocr_par' dir='ltr' id='par_1_15' title="bbox 285 2228 1376 2383">
     <span class='ocr_line' id='line_1_46' title="bbox 322 2228 1376 2314; baseline -0.005 -19"><span class='ocrx_word' id='word_1_207' title='bbox 322 2241 525 2314; x_wconf 84' lang='lat' dir='ltr'>Indulgentiae</span> <span class='ocrx_word' id='word_1_208' title='bbox 536 2239 628 2295; x_wconf 89' lang='lat' dir='ltr'>Tertii</span> <span class='ocrx_word' id='word_1_209' title='bbox 642 2238 762 2294; x_wconf 90' lang='lat' dir='ltr'>Ordinis</span> <span class='ocrx_word' id='word_1_210' title='bbox 776 2237 932 2293; x_wconf 88' lang='lat' dir='ltr'>saecularis</span> <span class='ocrx_word' id='word_1_211' title='bbox 959 2239 1155 2294; x_wconf 89' lang='lat' dir='ltr'>Eremitarum</span> <span class='ocrx_word' id='word_1_212' title='bbox 1178 2241 1208 2294; x_wconf 89' lang='lat' dir='ltr'>S.</span> <span class='ocrx_word' id='word_1_213' title='bbox 1222 2228 1376 2312; x_wconf 86' lang='lat' dir='ltr'>Augustini</span> 
     </span>
     <span class='ocr_line' id='line_1_47' title="bbox 285 2310 1376 2383; baseline -0.004 -17"><span class='ocrx_word' id='word_1_214' title='bbox 285 2313 472 2368; x_wconf 85' lang='lat' dir='ltr'>contiuentur</span> <span class='ocrx_word' id='word_1_215' title='bbox 487 2312 604 2368; x_wconf 88' lang='lat' dir='ltr'>decreto</span> <span class='ocrx_word' id='word_1_216' title='bbox 627 2311 639 2365; x_wconf 88' lang='lat'><strong>5</strong></span> <span class='ocrx_word' id='word_1_217' title='bbox 655 2323 728 2383; x_wconf 83' lang='lat' dir='ltr'>sept.</span> <span class='ocrx_word' id='word_1_218' title='bbox 748 2311 823 2382; x_wconf 83' lang='lat'><strong>1903.</strong></span> <span class='ocrx_word' id='word_1_219' title='bbox 839 2310 899 2365; x_wconf 80' lang='lat' dir='ltr'>cfr.</span> <span class='ocrx_word' id='word_1_220' title='bbox 914 2312 996 2363; x_wconf 71' lang='lat' dir='ltr'>Acri</span> <span class='ocrx_word' id='word_1_221' title='bbox 1015 2311 1044 2364; x_wconf 88' lang='lat' dir='ltr'>S.</span> <span class='ocrx_word' id='word_1_222' title='bbox 1067 2312 1159 2373; x_wconf 77' lang='lat' dir='ltr'>Sabis,</span> <span class='ocrx_word' id='word_1_223' title='bbox 1175 2324 1196 2366; x_wconf 91' lang='lat' dir='ltr'>t.</span> <span class='ocrx_word' id='word_1_224' title='bbox 1212 2312 1255 2378; x_wconf 80' lang='lat'>36,</span> <span class='ocrx_word' id='word_1_225' title='bbox 1271 2329 1301 2383; x_wconf 91' lang='lat' dir='ltr'>p.</span> <span class='ocrx_word' id='word_1_226' title='bbox 1320 2310 1376 2365; x_wconf 82' lang='lat'>186.</span> 
     </span>
    </p>
   </div>
   <div class='ocr_carea' id='block_1_14' title="bbox 322 2393 1376 2467">
    <p class='ocr_par' dir='ltr' id='par_1_16' title="bbox 322 2393 1376 2467">
     <span class='ocr_line' id='line_1_48' title="bbox 322 2393 1376 2467; baseline -0.002 -19"><span class='ocrx_word' id='word_1_227' title='bbox 322 2393 524 2467; x_wconf 88' lang='lat' dir='ltr'>Indulgentiae</span> <span class='ocrx_word' id='word_1_228' title='bbox 537 2393 629 2449; x_wconf 90' lang='lat' dir='ltr'>Tertii</span> <span class='ocrx_word' id='word_1_229' title='bbox 644 2393 763 2448; x_wconf 90' lang='lat' dir='ltr'>Ordinis</span> <span class='ocrx_word' id='word_1_230' title='bbox 786 2393 940 2449; x_wconf 89' lang='lat' dir='ltr'>saecularis</span> <span class='ocrx_word' id='word_1_231' title='bbox 964 2395 1070 2448; x_wconf 87' lang='lat' dir='ltr'>Beatae</span> <span class='ocrx_word' id='word_1_232' title='bbox 1092 2394 1220 2467; x_wconf 91' lang='lat' dir='ltr'>Virginis</span> <span class='ocrx_word' id='word_1_233' title='bbox 1239 2412 1256 2449; x_wconf 90' lang='lat' dir='ltr'>a</span> <span class='ocrx_word' id='word_1_234' title='bbox 1277 2406 1376 2450; x_wconf 92' lang='lat' dir='ltr'>monte</span> 
     </span>
    </p>
   </div>
   <div class='ocr_carea' id='block_1_15' title="bbox 285 2465 1461 2539">
    <p class='ocr_par' dir='ltr' id='par_1_17' title="bbox 285 2465 1461 2539">
     <span class='ocr_line' id='line_1_49' title="bbox 285 2465 1461 2539; baseline -0.001 -18"><span class='ocrx_word' id='word_1_235' title='bbox 285 2467 421 2523; x_wconf 88' lang='lat' dir='ltr'>Carmelo</span> <span class='ocrx_word' id='word_1_236' title='bbox 437 2469 573 2539; x_wconf 89' lang='lat' dir='ltr'>leguntur</span> <span class='ocrx_word' id='word_1_237' title='bbox 584 2466 614 2520; x_wconf 90' lang='lat' dir='ltr'>iu</span> <span class='ocrx_word' id='word_1_238' title='bbox 626 2466 741 2522; x_wconf 89' lang='lat' dir='ltr'>decreto</span> <span class='ocrx_word' id='word_1_239' title='bbox 759 2465 790 2520; x_wconf 90' lang='lat'>18</span> <span class='ocrx_word' id='word_1_240' title='bbox 804 2478 877 2539; x_wconf 90' lang='lat' dir='ltr'>sept.</span> <span class='ocrx_word' id='word_1_241' title='bbox 892 2466 968 2537; x_wconf 80' lang='lat'><strong>1903.</strong></span> <span class='ocrx_word' id='word_1_242' title='bbox 982 2465 1041 2521; x_wconf 82' lang='lat' dir='ltr'>Cir.</span> <span class='ocrx_word' id='word_1_243' title='bbox 1055 2467 1139 2521; x_wconf 77' lang='lat' dir='ltr'>Acta</span> <span class='ocrx_word' id='word_1_244' title='bbox 1150 2470 1179 2523; x_wconf 84' lang='lat' dir='ltr'>S.</span> <span class='ocrx_word' id='word_1_245' title='bbox 1192 2468 1285 2536; x_wconf 79' lang='lat' dir='ltr'>Senis,</span> <span class='ocrx_word' id='word_1_246' title='bbox 1298 2481 1320 2522; x_wconf 95' lang='lat' dir='ltr'>t.</span> <span class='ocrx_word' id='word_1_247' title='bbox 1333 2466 1373 2531; x_wconf 83' lang='lat'>36,</span> <span class='ocrx_word' id='word_1_248' title='bbox 1457 2492 1461 2509; x_wconf 77' lang='grc' dir='ltr'>ι</span> 
     </span>
    </p>
   </div>
   <div class='ocr_carea' id='block_1_16' title="bbox 284 2555 391 2610">
    <p class='ocr_par' dir='ltr' id='par_1_18' title="bbox 284 2555 391 2610">
     <span class='ocr_line' id='line_1_50' title="bbox 284 2555 391 2610; baseline 0.019 -18"><span class='ocrx_word' id='word_1_249' title='bbox 284 2555 314 2610; x_wconf 90' lang='lat' dir='ltr'>p.</span> <span class='ocrx_word' id='word_1_250' title='bbox 330 2556 391 2608; x_wconf 88' lang='lat'><strong>241.</strong></span> 
     </span>
    </p>
   </div>
   <div class='ocr_carea' id='block_1_17' title="bbox 249 2800 1336 2886">
    <p class='ocr_par' dir='ltr' id='par_1_19' title="bbox 249 2800 1336 2886">
     <span class='ocr_line' id='line_1_51' title="bbox 249 2800 1336 2886; baseline -0.006 0"><span class='ocrx_word' id='word_1_251' title='bbox 249 2844 253 2853; x_wconf 85' lang='lat'><em>·</em></span> <span class='ocrx_word' id='word_1_252' title='bbox 329 2800 397 2886; x_wconf 84' lang='lat'>13.</span> <span class='ocrx_word' id='word_1_253' title='bbox 421 2852 460 2862; x_wconf 91' lang='lat'><em>-</em></span> <span class='ocrx_word' id='word_1_254' title='bbox 482 2813 517 2883; x_wconf 88' lang='lat' dir='ltr'>s.</span> <span class='ocrx_word' id='word_1_255' title='bbox 541 2812 883 2883; x_wconf 79' lang='lat' dir='ltr'>tuoutueutuaun</span> <span class='ocrx_word' id='word_1_256' title='bbox 908 2812 960 2880; x_wconf 83' lang='grc' dir='ltr'>ετ</span> <span class='ocrx_word' id='word_1_257' title='bbox 983 2812 1044 2882; x_wconf 89' lang='lat' dir='ltr'>ss.</span> <span class='ocrx_word' id='word_1_258' title='bbox 1070 2810 1336 2881; x_wconf 75' lang='lat' dir='ltr'>retinuistis</span> 
     </span>
    </p>
   </div>
   <div class='ocr_carea' id='block_1_18' title="bbox 582 2997 1081 3054">
    <p class='ocr_par' dir='ltr' id='par_1_20' title="bbox 582 2997 1081 3054">
     <span class='ocr_line' id='line_1_52' title="bbox 582 2997 1081 3054; baseline -0.004 -1"><span class='ocrx_word' id='word_1_259' title='bbox 582 2999 807 3054; x_wconf 78' lang='lat' dir='ltr'><em>DEGRHTUM</em></span> <span class='ocrx_word' id='word_1_260' title='bbox 826 2999 869 3051; x_wconf 88' lang='lat'>28</span> <span class='ocrx_word' id='word_1_261' title='bbox 886 2997 977 3052; x_wconf 82' lang='lat' dir='ltr'>AUG.</span> <span class='ocrx_word' id='word_1_262' title='bbox 998 2998 1081 3052; x_wconf 86' lang='lat'><em>1903</em></span> 
     </span>
    </p>
   </div>
   <div class='ocr_carea' id='block_1_19' title="bbox 348 3160 1312 3319">
    <p class='ocr_par' dir='ltr' id='par_1_21' title="bbox 348 3160 1312 3319">
     <span class='ocr_line' id='line_1_53' title="bbox 348 3160 1312 3235; baseline -0.002 -16"><span class='ocrx_word' id='word_1_263' title='bbox 348 3164 402 3220; x_wconf 85' lang='lat' dir='ltr'>De</span> <span class='ocrx_word' id='word_1_264' title='bbox 422 3162 941 3235; x_wconf 70' lang='lat' dir='ltr'>Indulgentiis·&#39;1⁸ertiariorum</span> <span class='ocrx_word' id='word_1_265' title='bbox 960 3163 1030 3233; x_wconf 89' lang='lat' dir='ltr'>qui,</span> <span class='ocrx_word' id='word_1_266' title='bbox 1048 3162 1143 3218; x_wconf 82' lang='lat' dir='ltr'>votis</span> <span class='ocrx_word' id='word_1_267' title='bbox 1162 3160 1312 3234; x_wconf 84' lang='lat' dir='ltr'>astricti,</span> 
     </span>
     <span class='ocr_line' id='line_1_54' title="bbox 590 3247 1073 3319; baseline 0 -17"><span class='ocrx_word' id='word_1_268' title='bbox 590 3260 812 3302; x_wconf 86' lang='lat' dir='ltr'>communem</span> <span class='ocrx_word' id='word_1_269' title='bbox 832 3248 945 3319; x_wconf 83' lang='lat' dir='ltr'>agunt</span> <span class='ocrx_word' id='word_1_270' title='bbox 962 3247 1073 3302; x_wconf 81' lang='lat' dir='ltr'>vitam</span> 
     </span>
    </p>
   </div>
   <div class='ocr_carea' id='block_1_20' title="bbox 283 3403 1373 4335">
    <p class='ocr_par' dir='ltr' id='par_1_22' title="bbox 283 3403 1373 4335">
     <span class='ocr_line' id='line_1_55' title="bbox 319 3403 1373 3478; baseline -0.004 -17"><span class='ocrx_word' id='word_1_271' title='bbox 319 3408 366 3461; x_wconf 79' lang='lat' dir='ltr'>Ad</span> <span class='ocrx_word' id='word_1_272' title='bbox 387 3406 463 3461; x_wconf 89' lang='lat' dir='ltr'>hanc</span> <span class='ocrx_word' id='word_1_273' title='bbox 486 3408 605 3461; x_wconf 85' lang='lat' dir='ltr'>Sacram</span> <span class='ocrx_word' id='word_1_274' title='bbox 628 3406 895 3478; x_wconf 85' lang='lat' dir='ltr'>Congregatiouem</span> <span class='ocrx_word' id='word_1_275' title='bbox 920 3405 1112 3477; x_wconf 84' lang='lat' dir='ltr'>IndulgentiIs</span> <span class='ocrx_word' id='word_1_276' title='bbox 1126 3405 1278 3477; x_wconf 90' lang='lat' dir='ltr'>Sacrisque</span> <span class='ocrx_word' id='word_1_277' title='bbox 1301 3403 1373 3460; x_wconf 86' lang='lat' dir='ltr'>Reli-</span> 
     </span>
     <span class='ocr_line' id='line_1_56' title="bbox 284 3476 1373 3552; baseline -0.003 -19"><span class='ocrx_word' id='word_1_278' title='bbox 284 3479 361 3552; x_wconf 89' lang='lat' dir='ltr'>quiis</span> <span class='ocrx_word' id='word_1_279' title='bbox 374 3477 569 3550; x_wconf 89' lang='lat' dir='ltr'>praepositam</span> <span class='ocrx_word' id='word_1_280' title='bbox 582 3494 668 3551; x_wconf 91' lang='lat' dir='ltr'>saepe</span> <span class='ocrx_word' id='word_1_281' title='bbox 683 3479 772 3533; x_wconf 90' lang='lat' dir='ltr'>dubia</span> <span class='ocrx_word' id='word_1_282' title='bbox 785 3478 880 3533; x_wconf 90' lang='lat' dir='ltr'>delata</span> <span class='ocrx_word' id='word_1_283' title='bbox 894 3491 961 3531; x_wconf 88' lang='lat' dir='ltr'>sunt</span> <span class='ocrx_word' id='word_1_284' title='bbox 975 3477 1051 3532; x_wconf 89' lang='lat' dir='ltr'>circa</span> <span class='ocrx_word' id='word_1_285' title='bbox 1073 3476 1245 3531; x_wconf 88' lang='lat' dir='ltr'>relationem</span> <span class='ocrx_word' id='word_1_286' title='bbox 1263 3476 1373 3531; x_wconf 88' lang='lat' dir='ltr'>Tertia-</span> 
     </span>
     <span class='ocr_line' id='line_1_57' title="bbox 284 3546 1372 3620; baseline -0.003 -16"><span class='ocrx_word' id='word_1_287' title='bbox 284 3552 406 3618; x_wconf 72' lang='lat' dir='ltr'>morum,</span> <span class='ocrx_word' id='word_1_288' title='bbox 420 3563 502 3604; x_wconf 89' lang='lat' dir='ltr'>tanto</span> <span class='ocrx_word' id='word_1_289' title='bbox 516 3549 604 3609; x_wconf 88' lang='lat' dir='ltr'>hodie</span> <span class='ocrx_word' id='word_1_290' title='bbox 617 3566 741 3604; x_wconf 91' lang='lat' dir='ltr'>numero</span> <span class='ocrx_word' id='word_1_291' title='bbox 756 3548 786 3603; x_wconf 89' lang='lat' dir='ltr'>in</span> <span class='ocrx_word' id='word_1_292' title='bbox 799 3550 1008 3604; x_wconf 87' lang='lat' dir='ltr'>communitate</span> <span class='ocrx_word' id='word_1_293' title='bbox 1022 3547 1182 3603; x_wconf 89' lang='lat' dir='ltr'>viventium</span> <span class='ocrx_word' id='word_1_294' title='bbox 1192 3562 1219 3602; x_wconf 92' lang='lat' dir='ltr'>et</span> <span class='ocrx_word' id='word_1_295' title='bbox 1229 3546 1372 3620; x_wconf 87' lang='lat' dir='ltr'>simplicia</span> 
     </span>
     <span class='ocr_line' id='line_1_58' title="bbox 283 3617 1372 3693; baseline -0.006 -16"><span class='ocrx_word' id='word_1_296' title='bbox 283 3635 351 3677; x_wconf 87' lang='lat' dir='ltr'>vota</span> <span class='ocrx_word' id='word_1_297' title='bbox 367 3620 614 3693; x_wconf 86' lang='lat' dir='ltr'>nuncupantium,</span> <span class='ocrx_word' id='word_1_298' title='bbox 638 3621 675 3675; x_wconf 89' lang='lat' dir='ltr'>ad</span> <span class='ocrx_word' id='word_1_299' title='bbox 688 3622 864 3693; x_wconf 87' lang='lat' dir='ltr'>respectIvos</span> <span class='ocrx_word' id='word_1_300' title='bbox 877 3638 946 3675; x_wconf 89' lang='lat' dir='ltr'>suos</span> <span class='ocrx_word' id='word_1_301' title='bbox 961 3620 1086 3675; x_wconf 88' lang='lat' dir='ltr'>Ordines</span> <span class='ocrx_word' id='word_1_302' title='bbox 1111 3619 1257 3689; x_wconf 87' lang='lat' dir='ltr'>regulares</span> <span class='ocrx_word' id='word_1_303' title='bbox 1274 3617 1372 3691; x_wconf 88' lang='lat' dir='ltr'>quoad</span> 
     </span>
     <span class='ocr_line' id='line_1_59' title="bbox 286 3691 1372 3764; baseline -0.005 -17"><span class='ocrx_word' id='word_1_304' title='bbox 286 3692 485 3761; x_wconf 85' lang='lat' dir='ltr'>Indulgentias</span> <span class='ocrx_word' id='word_1_305' title='bbox 499 3704 527 3745; x_wconf 89' lang='lat' dir='ltr'>et</span> <span class='ocrx_word' id='word_1_306' title='bbox 540 3691 703 3764; x_wconf 87' lang='lat' dir='ltr'>spirituales</span> <span class='ocrx_word' id='word_1_307' title='bbox 718 3691 832 3763; x_wconf 87' lang='lat' dir='ltr'>gratias.</span> <span class='ocrx_word' id='word_1_308' title='bbox 849 3693 931 3759; x_wconf 89' lang='lat' dir='ltr'>Quae</span> <span class='ocrx_word' id='word_1_309' title='bbox 945 3691 1033 3746; x_wconf 88' lang='lat' dir='ltr'>dubia</span> <span class='ocrx_word' id='word_1_310' title='bbox 1045 3702 1249 3746; x_wconf 88' lang='lat' dir='ltr'>succreverunt</span> <span class='ocrx_word' id='word_1_311' title='bbox 1263 3706 1298 3744; x_wconf 88' lang='lat' dir='ltr'>ex</span> <span class='ocrx_word' id='word_1_312' title='bbox 1314 3705 1372 3761; x_wconf 92' lang='lat' dir='ltr'>quo</span> 
     </span>
     <span class='ocr_line' id='line_1_60' title="bbox 286 3760 1372 3835; baseline -0.006 -16"><span class='ocrx_word' id='word_1_313' title='bbox 286 3766 347 3819; x_wconf 92' lang='lat' dir='ltr'>Leo</span> <span class='ocrx_word' id='word_1_314' title='bbox 369 3764 452 3829; x_wconf 89' lang='lat' dir='ltr'>XIII,</span> <span class='ocrx_word' id='word_1_315' title='bbox 469 3762 516 3817; x_wconf 81' lang='lat' dir='ltr'>iel.</span> <span class='ocrx_word' id='word_1_316' title='bbox 541 3780 598 3818; x_wconf 89' lang='lat' dir='ltr'>rec.</span> <span class='ocrx_word' id='word_1_317' title='bbox 623 3763 762 3835; x_wconf 91' lang='lat' dir='ltr'>speciales</span> <span class='ocrx_word' id='word_1_318' title='bbox 778 3762 977 3835; x_wconf 87' lang='lat' dir='ltr'>Indulgentias</span> <span class='ocrx_word' id='word_1_319' title='bbox 1001 3779 1054 3831; x_wconf 92' lang='lat' dir='ltr'>pro</span> <span class='ocrx_word' id='word_1_320' title='bbox 1077 3762 1111 3815; x_wconf 92' lang='lat' dir='ltr'>iis</span> <span class='ocrx_word' id='word_1_321' title='bbox 1133 3761 1202 3816; x_wconf 92' lang='lat' dir='ltr'>solis</span> <span class='ocrx_word' id='word_1_322' title='bbox 1223 3760 1372 3816; x_wconf 86' lang='lat' dir='ltr'>Tertiariis</span> 
     </span>
     <span class='ocr_line' id='line_1_61' title="bbox 283 3832 1371 3906; baseline -0.007 -15"><span class='ocrx_word' id='word_1_323' title='bbox 283 3850 348 3891; x_wconf 92' lang='lat' dir='ltr'>tum</span> <span class='ocrx_word' id='word_1_324' title='bbox 363 3833 604 3899; x_wconf 72' lang='lat' dir='ltr'>Franciscalibus</span> <span class='ocrx_word' id='word_1_325' title='bbox 619 3846 684 3889; x_wconf 91' lang='lat' dir='ltr'>tum</span> <span class='ocrx_word' id='word_1_326' title='bbox 697 3834 817 3889; x_wconf 91' lang='lat' dir='ltr'>Ordinis</span> <span class='ocrx_word' id='word_1_327' title='bbox 830 3836 988 3890; x_wconf 86' lang='lat' dir='ltr'>Servorum</span> <span class='ocrx_word' id='word_1_328' title='bbox 1003 3836 1035 3888; x_wconf 88' lang='lat' dir='ltr'>B.</span> <span class='ocrx_word' id='word_1_329' title='bbox 1049 3834 1091 3888; x_wconf 87' lang='lat' dir='ltr'>M.</span> <span class='ocrx_word' id='word_1_330' title='bbox 1102 3834 1138 3887; x_wconf 93' lang='lat' dir='ltr'>V.</span> <span class='ocrx_word' id='word_1_331' title='bbox 1151 3834 1201 3906; x_wconf 93' lang='lat' dir='ltr'>qui</span> <span class='ocrx_word' id='word_1_332' title='bbox 1214 3832 1244 3885; x_wconf 93' lang='lat' dir='ltr'>in</span> <span class='ocrx_word' id='word_1_333' title='bbox 1255 3832 1371 3887; x_wconf 88' lang='lat' dir='ltr'>saeculo</span> 
     </span>
     <span class='ocr_line' id='line_1_62' title="bbox 283 3902 1370 3975; baseline -0.007 -13"><span class='ocrx_word' id='word_1_334' title='bbox 283 3908 393 3972; x_wconf 85' lang='lat' dir='ltr'>vivunt,</span> <span class='ocrx_word' id='word_1_335' title='bbox 414 3905 566 3973; x_wconf 90' lang='lat' dir='ltr'>concessit,</span> <span class='ocrx_word' id='word_1_336' title='bbox 588 3905 709 3960; x_wconf 91' lang='lat' dir='ltr'>sublatis</span> <span class='ocrx_word' id='word_1_337' title='bbox 724 3907 863 3961; x_wconf 91' lang='lat' dir='ltr'>omnibus</span> <span class='ocrx_word' id='word_1_338' title='bbox 877 3906 940 3960; x_wconf 89' lang='lat' dir='ltr'>aliis</span> <span class='ocrx_word' id='word_1_339' title='bbox 962 3903 1153 3975; x_wconf 89' lang='lat' dir='ltr'>Indulgentiis</span> <span class='ocrx_word' id='word_1_340' title='bbox 1166 3920 1297 3975; x_wconf 88' lang='lat' dir='ltr'>eousque</span> <span class='ocrx_word' id='word_1_341' title='bbox 1310 3902 1370 3957; x_wconf 89' lang='lat' dir='ltr'>istis</span> 
     </span>
     <span class='ocr_line' id='line_1_63' title="bbox 283 3974 1369 4047; baseline -0.009 -11"><span class='ocrx_word' id='word_1_342' title='bbox 283 3978 389 4036; x_wconf 89' lang='lat' dir='ltr'>Tertiis</span> <span class='ocrx_word' id='word_1_343' title='bbox 403 3977 562 4033; x_wconf 91' lang='lat' dir='ltr'>Ordinibus</span> <span class='ocrx_word' id='word_1_344' title='bbox 574 3977 699 4033; x_wconf 86' lang='lat' dir='ltr'>tributis¹</span> <span class='ocrx_word' id='word_1_345' title='bbox 714 3979 825 4032; x_wconf 82' lang='lat' dir='ltr'>Verum</span> <span class='ocrx_word' id='word_1_346' title='bbox 839 3989 880 4031; x_wconf 92' lang='lat' dir='ltr'>est</span> <span class='ocrx_word' id='word_1_347' title='bbox 894 3978 1012 4031; x_wconf 85' lang='lat' dir='ltr'>Sacram</span> <span class='ocrx_word' id='word_1_348' title='bbox 1028 3976 1294 4047; x_wconf 90' lang='lat' dir='ltr'>Congregatiouem</span> <span class='ocrx_word' id='word_1_349' title='bbox 1309 3974 1369 4030; x_wconf 90' lang='lat' dir='ltr'>EE.</span> 
     </span>
     <span class='ocr_line' id='line_1_64' title="bbox 284 4046 1369 4121; baseline -0.006 -16"><span class='ocrx_word' id='word_1_350' title='bbox 284 4062 313 4105; x_wconf 93' lang='lat' dir='ltr'>et</span> <span class='ocrx_word' id='word_1_351' title='bbox 340 4052 401 4105; x_wconf 83' lang='lat' dir='ltr'>RR.</span> <span class='ocrx_word' id='word_1_352' title='bbox 425 4049 456 4102; x_wconf 91' lang='lat' dir='ltr'>in</span> <span class='ocrx_word' id='word_1_353' title='bbox 482 4049 542 4103; x_wconf 89' lang='lat' dir='ltr'>suis</span> <span class='ocrx_word' id='word_1_354' title='bbox 568 4048 687 4103; x_wconf 89' lang='lat' dir='ltr'>Normis</span> <span class='ocrx_word' id='word_1_355' title='bbox 711 4066 765 4121; x_wconf 89' lang='lat' dir='ltr'>pro</span> <span class='ocrx_word' id='word_1_356' title='bbox 794 4049 1005 4121; x_wconf 87' lang='lat' dir='ltr'>approbatione</span> <span class='ocrx_word' id='word_1_357' title='bbox 1030 4046 1138 4102; x_wconf 87' lang='lat' dir='ltr'>horum</span> <span class='ocrx_word' id='word_1_358' title='bbox 1165 4046 1369 4102; x_wconf 89' lang='lat' dir='ltr'>Institutorum</span> 
     </span>
     <span class='ocr_line' id='line_1_65' title="bbox 285 4118 1368 4198; baseline -0.005 -23"><span class='ocrx_word' id='word_1_359' title='bbox 285 4122 371 4187; x_wconf 79' lang='lat' dir='ltr'>(Sect.</span> <span class='ocrx_word' id='word_1_360' title='bbox 388 4139 407 4188; x_wconf 86' lang='lat'>1,</span> <span class='ocrx_word' id='word_1_361' title='bbox 422 4121 440 4192; x_wconf 65' lang='grc' dir='ltr'><strong>ἓ</strong></span> <span class='ocrx_word' id='word_1_362' title='bbox 459 4138 499 4185; x_wconf 87' lang='lat'>11,</span> <span class='ocrx_word' id='word_1_363' title='bbox 515 4138 544 4174; x_wconf 92' lang='lat' dir='ltr'>n.</span> <span class='ocrx_word' id='word_1_364' title='bbox 560 4121 612 4191; x_wconf 84' lang='lat'>16),</span> <span class='ocrx_word' id='word_1_365' title='bbox 627 4120 779 4175; x_wconf 88' lang='lat' dir='ltr'>statuisse:</span> <span class='ocrx_word' id='word_1_366' title='bbox 796 4141 812 4170; x_wconf 78' lang='lat' dir='ltr'>r&lt;</span> <span class='ocrx_word' id='word_1_367' title='bbox 828 4120 962 4173; x_wconf 90' lang='lat' dir='ltr'>Instituta</span> <span class='ocrx_word' id='word_1_368' title='bbox 971 4118 1183 4173; x_wconf 87' lang='lat' dir='ltr'>Tertiariorum</span> <span class='ocrx_word' id='word_1_369' title='bbox 1195 4133 1368 4198; x_wconf 88' lang='lat' dir='ltr'>nonappro-</span> 
     </span>
     <span class='ocr_line' id='line_1_66' title="bbox 284 4189 1368 4262; baseline -0.006 -16"><span class='ocrx_word' id='word_1_370' title='bbox 284 4193 399 4257; x_wconf 90' lang='lat' dir='ltr'>bentur‚</span> <span class='ocrx_word' id='word_1_371' title='bbox 416 4191 470 4246; x_wconf 83' lang='lat' dir='ltr'>nIsi</span> <span class='ocrx_word' id='word_1_372' title='bbox 487 4209 503 4244; x_wconf 91' lang='lat' dir='ltr'>a</span> <span class='ocrx_word' id='word_1_373' title='bbox 526 4190 731 4262; x_wconf 86' lang='lat' dir='ltr'>Superioribus</span> <span class='ocrx_word' id='word_1_374' title='bbox 746 4191 936 4245; x_wconf 90' lang='lat' dir='ltr'>Generalibus</span> <span class='ocrx_word' id='word_1_375' title='bbox 951 4208 1052 4245; x_wconf 92' lang='lat' dir='ltr'>eorum</span> <span class='ocrx_word' id='word_1_376' title='bbox 1075 4190 1220 4245; x_wconf 91' lang='lat' dir='ltr'>Ordinum</span> <span class='ocrx_word' id='word_1_377' title='bbox 1233 4206 1250 4243; x_wconf 89' lang='lat' dir='ltr'>a</span> <span class='ocrx_word' id='word_1_378' title='bbox 1263 4189 1368 4261; x_wconf 81' lang='lat' dir='ltr'>quibus</span> 
     </span>
     <span class='ocr_line' id='line_1_67' title="bbox 285 4261 1366 4335; baseline -0.006 -17"><span class='ocrx_word' id='word_1_379' title='bbox 285 4277 312 4318; x_wconf 83' lang='lat' dir='ltr'>ct</span> <span class='ocrx_word' id='word_1_380' title='bbox 326 4280 434 4317; x_wconf 89' lang='lat' dir='ltr'>nomen</span> <span class='ocrx_word' id='word_1_381' title='bbox 448 4274 475 4318; x_wconf 92' lang='lat' dir='ltr'>et</span> <span class='ocrx_word' id='word_1_382' title='bbox 488 4262 621 4315; x_wconf 90' lang='lat' dir='ltr'>habitum</span> <span class='ocrx_word' id='word_1_383' title='bbox 632 4276 815 4331; x_wconf 84' lang='lat' dir='ltr'>mutuantur,</span> <span class='ocrx_word' id='word_1_384' title='bbox 827 4263 857 4316; x_wconf 91' lang='lat' dir='ltr'>in</span> <span class='ocrx_word' id='word_1_385' title='bbox 868 4262 1020 4335; x_wconf 91' lang='lat' dir='ltr'>proprium</span> <span class='ocrx_word' id='word_1_386' title='bbox 1033 4261 1227 4335; x_wconf 86' lang='lat' dir='ltr'>respectivum</span> <span class='ocrx_word' id='word_1_387' title='bbox 1235 4261 1366 4316; x_wconf 88' lang='lat' dir='ltr'>Tertium</span> 
     </span>
    </p>
   </div>
   <div class='ocr_carea' id='block_1_21' title="bbox 0 0 1484 4900">
    <p class='ocr_par' dir='ltr' id='par_1_23' title="bbox 0 0 1484 4900">
     <span class='ocr_line' id='line_1_68' title="bbox 0 0 1484 4900; baseline 0 1"><span class='ocrx_word' id='word_1_388' title='bbox 0 0 1484 4900; x_wconf 95' lang='lat' dir='ltr'> </span> 
     </span>
    </p>
   </div>
  </div>
 </body>
</html>
