2959 4900
87 296 185 373 [81-83]
203 320 949 358 10111101100000311111111111010011010.1000111100.
961 321 984 357 s¹
998 320 1097 357 10511111
1116 295 1156 359 29

85 452 266 509 aSacrorum
292 450 414 506 Rituum
443 448 677 521 Congregatione
704 449 852 523 sequentis
878 450 958 506 dubii
980 450 1158 507 solutionem

85 522 235 579 humillime
246 519 387 595 flagitavit
398 542 405 589 ;
417 518 559 575 nimirum
573 539 579 574 :

115 596 184 649 «Au
195 592 330 649 Tertiarii
348 590 467 648 Ordinis
479 589 703 646 carmelitarum
722 591 753 645 in
768 591 1003 665 processionibus
1025 592 1158 650 incedere

84 666 183 740 possint
195 665 248 721 sub
261 664 363 721 eadem
377 678 463 719 cruce
472 660 591 717 Ordinis
608 661 743 718 Primarii
755 664 765 717 l
778 684 794 714 a

114 739 147 792 Et
160 738 244 792 Sacra
257 735 359 791 eadem
371 732 578 806 Congregatio‚
592 733 629 787 ad
643 733 816 789 relationem
829 734 983 807 subscripti
995 734 1157 805 secretarii,

85 807 211 880 exquisita
232 806 375 863 sententia
397 803 622 861 Commissionis
645 804 821 878 Liturgicae,
848 821 937 931 reqiue
958 817 1072 862 mature
1095 822 1158 879 per·

115 895 171 944 usa,
179 877 397 935 rescribendum
409 877 523 933 censuit
537 895 543 931 ε
555 873 736 932 Affirmative
749 876 780 931 in
793 894 871 947 casu,
908 888 954 932 ata
968 876 1159 950 praeferentia

84 896 220 1006 &ratribus
232 948 319 1023 primi
332 948 461 1007 Ordinis.
475 950 574 1020 Atque
586 947 626 1002 ita
639 947 794 1021 rescripsit.

116 1020 163 1076 Die
175 1022 210 1077 30
222 1020 295 1078 iunii
312 1021 390 1093 1905.

485 1090 522 1145 A.
538 1089 625 1144 Card.
640 1090 1051 1163 Tarrur1‚Pro·Praeseceus‚

454 1161 494 1218 D.
506 1161 625 1229 Punici,
636 1161 780 1235 Archiep.
792 1162 967 1233 Laodicen„
977 1162 1087 1217 Secret.

525 1283 701 1336 Auuorfflo

114 1404 183 1459 Cum
197 1404 315 1460 nullum
328 1419 365 1474 ap
387 1401 492 1458 elletur
500 1400 647 1474 peculiare
656 1400 851 1482 privilegium,
866 1400 979 1458 videtur
988 1417 1162 1473 responsum

85 1473 152 1530 istud
159 1476 188 1530 in
200 1492 304 1532 omnes
317 1418 421 1531 cadite
435 1472 597 1528 saeculares
604 1472 773 1528 Tertiarios.
786 1473 871 1528 Unde
885 1483 1097 1553 consequenter
1108 1470 1162 1529 erit

84 1545 239 1616 dicendum,
253 1544 413 1602 Tertiarios
426 1543 487 1616 qui,
509 1542 533 1599 si
546 1543 600 1599 sub
619 1542 755 1599 distincta
767 1559 853 1599 cruce
871 1542 1049 1609 incesserint,
1064 1542 1162 1599 locum

84 1632 136 1672 non
147 1617 321 1674 obtinebunt
332 1614 388 1672 nisi
401 1627 467 1688 post
480 1631 583 1670 omnes
600 1613 756 1670 cuiuslibet
771 1614 898 1670 Instituti
917 1614 1077 1688 religiosos,
1091 1614 1159 1683 iam,

84 1700 112 1742 ut
129 1689 220 1760 primo
241 1687 345 1744 Ordini
364 1685 548 1754 coniunctos,
571 1685 610 1741 ob
629 1685 779 1757 quandam
800 1704 869 1742 cum
890 1702 925 1742 eo
946 1685 1159 1752 confusionem.

85 1758 159 1829 primi
172 1760 293 1816 Ordinis
307 1756 480 1834 participare
491 1757 735 1831 praecedentiam.
859 1773 862 1779 ·

125 2081 190 2168 83.
211 2133 255 2143 -
276 2093 310 2164 s.
333 2093 478 2163 uruuu
502 2091 841 2164 cuusuusauuuis
869 2092 905 2176 (1
929 2092 981 2161 ut.
1005 2090 1112 2174 latu)

84 2277 345 2334 RESPONSUM
369 2277 428 2331 DE
451 2277 804 2333 ANNIVERSARIO
828 2276 1163 2332 DEDIGAYIONIS

225 2367 455 2423 EGGLESIAE
471 2369 527 2422 ET
541 2367 789 2424 PATROGINIO
806 2368 836 2423 S.
855 2366 1008 2421 JOSEPH

473 2531 664 2589 societatis
682 2532 767 2588 Iesu

115 2701 281 2758 Hodiernus
305 2701 449 2756 Redactor
462 2700 626 2756 Calendarii
645 2699 814 2757 divinorum
835 2700 1009 2757 Officiorum
1030 2702 1066 2757 ad
1078 2719 1166 2758 usum

86 2771 1081 2844 provinciaeAustriacoHungaricaeSocietatislesu,SacraeRituum
1089 2775 1165 2829 Con·

87 2843 237 2924 gregationi
250 2843 401 2915 sequentia
415 2843 503 2898 dubia
515 2860 569 2916 pro
583 2856 749 2917 opportuna
762 2844 909 2900 solutione
921 2843 1070 2900 humiliter
1080 2861 1165 2917 expo-

87 2927 151 2982 su1t;
166 2932 309 2970 nimirum
323 2934 330 2970 ε

117 2986 136 3040 Ι.
151 2987 183 3040 ln
196 2983 406 3041 archidioecesi
416 2985 584 3054 Viennensi,
601 3001 636 3040 ex
646 2984 797 3057 privilegio
813 2987 842 3041 S.
856 2987 890 3041 R.
906 2985 939 3041 C.
954 2986 982 3040 d.
998 2987 1027 3041 13
1042 2985 1165 3042 ianuarii

90 3054 146 3111 1888
155 3078 169 3107 ι(
182 3075 199 3112 a
212 3057 294 3113 clero
306 3056 477 3112 universo..
492 3068 552 3111 tam
565 3056 706 3112 saeculari
718 3075 809 3129 quam
821 3056 945 3129 regulari
962 3056 1067 3112 festum
1082 3057 1166 3113 Dedi-

87 3125 193 3195 cationis
206 3127 344 3184 omnium
363 3127 454 3199 ipsius
465 3127 687 3183 archidioecesis
709 3128 896 3184 ecclesiarum
917 3128 972 3183 sub
984 3139 1166 3201 competente

86 3194 135 3251 ritu
147 3199 306 3271 quotannis
321 3198 475 3255 Dominica
490 3201 532 3254 lll
548 3198 677 3254 octobris
696 3199 836 3255 celebrari
849 3199 924 3256 valet
937 3219 963 3254 a.
979 3201 1055 3254 Cum
1067 3212 1178 3264 autem

88 3265 147 3323 alias
158 3271 230 3326 festa
251 3270 396 3326 eiusmodi
415 3269 587 3326 dioecesana
608 3270 800 3342 Regularibus
813 3287 949 3326 concessa
962 3269 1167 3352 intellegantur

87 3338 184 3415 ebsque
197 3344 318 3409 Octava,
331 3341 499 3415 quaeritur:
516 3342 624 3398 Utrum
634 3342 691 3396 hoc
700 3342 778 3397 idem
789 3341 824 3397 sit
834 3342 1048 3398 observandum
1057 3358 1088 3396 ru
1098 3358 1167 3397 casu

87 3413 234 3488 mtemplis
258 3413 412 3468 Societatis
432 3415 497 3469 lesu
519 3430 580 3469 non
593 3413 768 3469 consecratis
791 3424 818 3468 et
830 3412 905 3468 intra
925 3413 1055 3470 eiusdem
1076 3412 1167 3468 archi·

89 3479 217 3540 dioecesis
228 3483 336 3540 limites
345 3483 406 3540 sitis
418 3486 429 3538 l

117 3553 152 3612 ll.
178 3555 317 3612 Societati
342 3558 407 3611 lesu
428 3571 598 3610 concessum
623 3566 666 3610 est
689 3554 796 3610 festum
823 3553 981 3610 Patrocinii
1004 3556 1033 3610 S.
1063 3553 1167 3627 loseph

88 3621 231 3682 Dominica
246 3627 289 3681 lll
313 3639 379 3698 post
395 3625 505 3681 Pascha
526 3625 733 3682 celebrandum
748 3626 805 3680 ritu
828 3624 936 3698 duplici
953 3627 963 3680 l
980 3625 1077 3681 classis
1099 3643 1166 3681 cum

88 3691 195 3764 Octava,
219 3708 248 3754 et
259 3697 391 3770 quidem,
405 3709 439 3753 ut
454 3697 678 3753 Observationes
692 3699 729 3751 ad
745 3697 953 3752 Calendarium
974 3697 1167 3770 approbatum

87 3763 101 3817 6
112 3765 267 3824 decembris
284 3769 351 3824 1888
363 3768 521 3836 declarant,
534 3768 575 3823 ita
596 3767 652 3823 fixe
665 3785 699 3823 ea
711 3767 767 3834 die,
783 3787 800 3819 r<
822 3767 935 3823 etiamsi
947 3780 1080 3824 occurrat
1100 3784 1168 3822 cum

87 3833 152 3892 festo
161 3839 357 3895 Dedicationis
368 3839 506 3895 ecclesiae
515 3839 660 3912 propriae,
676 3839 806 3908 Patroni,
820 3839 864 3896 vel
874 3838 1167 3907 Titularisecclesiae‚

88 3921 154 3977 quae
171 3911 367 3966 amandantur
387 3911 423 3966 ad
437 3911 562 3982 primam
576 3910 652 3965 diem
676 3927 737 3965 non
752 3909 921 3984 impeditam
934 3931 960 3969 a,
977 3912 1053 3965 Cum
1071 3923 1169 3965 autem

87 3975 150 4034 haec
169 3982 226 4036 sint
249 3981 321 4038 festa
335 3980 483 4054 primaria,
507 3981 678 4054 quaeritur:
695 3982 804 4038 Utrum
818 3998 852 4036 eo
866 3981 929 4053 ipso
943 3982 1020 4037 idem
1043 3980 1168 4037 Patroci-

88 4048 161 4105 nium
181 4053 211 4111 S.
228 4052 334 4127 loseph
347 4070 401 4126 pro
414 4053 559 4109 Societate
577 4066 604 4108 et
617 4071 634 4108 a
646 4052 760 4108 fortiori
775 4053 811 4108 sit
831 4052 961 4126 primarii
974 4053 1041 4108 loco
1062 4053 1170 4108 haben·

88 4117 160 4189 dum,
182 4140 236 4179 nec
256 4124 311 4179 ista
330 4124 531 4205 praerogativa
552 4126 696 4179 censenda
717 4137 850 4180 revocata
871 4124 986 4180 decreto
1008 4124 1038 4179 S.
1062 4125 1096 4178 R.
1122 4124 1168 4192 C.‚

88 4206 112 4246 n.
128 4193 203 4260 3808,
218 4213 252 4267 27
265 4195 340 4250 iuuit
358 4196 434 4268 1893,
451 4207 479 4251 et
490 4213 520 4250 n.
536 4195 615 4263 3881,
626 4214 645 4266 4
657 4196 793 4251 lebruarii
808 4196 897 4267 18963

119 4263 154 4317 Et
165 4266 251 4321 Sacra
264 4267 368 4323 eadem
382 4266 587 4340 Congregatio,
602 4267 638 4321 ad
651 4266 822 4324 relationem
836 4266 989 4340 subscripti
1005 4265 1167 4338 Secretarii,

1248 2718 1347 2766 Orator.

1246 2856 1346 2903 unum.

1247 2995 1272 3043 Ι.
1284 2995 1322 3042 De
1331 2993 1367 3040 de-

1219 3051 1337 3100 ditatione
1352 3053 1378 3098 in

1218 3110 1317 3158 accestis
1331 3122 1378 3156 nen

1219 3169 1368 3216 consonatis.

1249 3558 1280 3606 11
1284 3594 1290 3606 .
1302 3557 1340 3604 Dc

1221 3617 1270 3663 loco
1280 3629 1345 3675 quem

1222 3674 1289 3720 habet
1299 3675 1325 3719 in
1334 3673 1378 3718 So-

1222 3731 1312 3778 rietatis
1323 3729 1371 3777 Ca·

1222 3787 1328 3834 laudario

1221 3846 1335 3893 Patroci-

1222 3904 1288 3950 nium
1298 3903 1318 3949 S
1320 3937 1327 3951 .

1222 3960 1312 4020 Ioseph.
