2959 4900
70 3648 189 3706 Proponi-

43 3711 139 3751 turusus
148 3718 201 3753 ton·

43 3765 133 3809 trarius
154 3763 201 3820 legi

42 3821 160 3867 communi

41 3878 130 3937 eiusque
140 3875 200 3937 sun·

41 3934 159 3982 dumento.

253 326 292 389 20
406 379 409 388 .
695 346 897 411 'mouumenti'

252 482 322 536 dum
335 481 366 535 in
379 496 466 536 causa
481 479 625 560 praesenti
639 480 669 536 S.
686 480 893 553 Congregatio,
918 479 1067 553 conceptis
1087 479 1191 549 verbis,
1208 497 1269 535 non
1284 479 1343 552 agit

252 552 307 608 nisi
321 553 357 608 de
370 550 518 607 beneficiis
531 551 775 608 residentialibus.
791 553 853 608 Nec
868 550 987 608 mirum.
1003 553 1070 608 lure
1085 551 1165 608 enim
1178 550 1339 619 communi,

253 621 421 696 simpliciter
442 621 573 694 professi,
598 636 700 678 contra
722 639 756 679 ac
781 622 972 691 sollemniter,
1001 639 1062 678 non
1089 622 1166 678 fiunt
1190 622 1343 695 incapaces

252 693 376 749 dominii
389 710 443 749 nec
455 693 581 750 radicale
600 692 738 749 amittunt
754 692 921 749 dominium
937 695 1095 749 bonorum.
1112 695 1211 762 Quare
1222 710 1342 748 causam

253 765 372 838 quidem
387 765 458 820 dant
470 782 522 820 cur
536 776 641 822 vacent
652 764 794 821 beneficia
807 764 1022 833 residentialia‚
1045 782 1113 820 cum
1126 782 1161 820 ex
1174 762 1260 820 firmo
1274 782 1343 820 curn

255 837 392 893 Instituto
413 836 532 893 vinculo
553 836 583 892 in
606 847 782 910 perpetuum
801 836 899 893 officio
923 836 1096 892 residentiae
1114 835 1276 892 satisfacere
1294 853 1343 892 ne-

273 920 371 966 ueant.
386 907 443 963 Sed
457 907 530 963 nihil
544 911 595 982 per
610 925 640 964 se
655 908 752 964 obstat
764 907 837 981 quin
855 908 998 963 retineant
1012 906 1188 964 beneficium
1201 924 1262 963 non
1274 907 1343 963 resi·

253 927 389 1048 ienitate,
404 979 487 1035 cuius
500 979 584 1035 oneri
597 979 748 1051 implendo
762 996 823 1035 non
837 993 906 1035 sunt
918 978 1053 1052 impares.

278 1062 316 1132 Ι3.
340 1061 473 1134 Denique
485 1059 624 1132 suffragio
638 1077 693 1116 suo
708 1061 763 1116 Emi
788 1062 887 1117 Patres
904 1061 965 1116 vim
984 1061 1173 1135 professionis
1188 1071 1344 1186 perpetuae

254 1131 412 1188 declarare
436 1131 572 1188 videntur
595 1149 655 1188 non
677 1143 776 1186 autem
798 1131 880 1187 illam
899 1133 1063 1189 decernere.
1088 1134 1171 1201 Quae
1188 1132 1240 1187 dec
1252 1131 1345 1188 aratio

255 1203 389 1258 innititur
402 1214 523 1258 naturae
534 1203 675 1275 assumpti
686 1213 777 1258 status
786 1203 925 1275 religiosi,
938 1204 1108 1276 praesertim
1121 1215 1186 1276 post
1196 1204 1346 1259 decretum

255 1275 360 1330 Auctis
383 1273 565 1341 Admodum,
590 1273 701 1346 quoin
725 1286 900 1348 perpetuum
940 1276 1041 1331 rofessi
1056 1277 1115 1331 iam
1128 1273 1232 1347 expelli
1244 1275 1343 1348 prohi-

255 1347 359 1402 bentur
375 1345 432 1400 nisi
442 1362 477 1401 eo
488 1347 578 1401 modo
590 1362 650 1418 quo
664 1345 844 1402 sollemniter
858 1294 978 1420 proitissi
993 1348 1139 1403 Ordinum
1154 1345 1343 1418 regularium.

255 1419 354 1486 Quare
368 1433 521 1472 censemus
539 1434 626 1472 usum
647 1417 729 1471 istius
748 1416 880 1489 responsi
894 1435 956 1474 esse
973 1435 1057 1491 posse
1070 1417 1245 1490 generalem,
1259 1417 1299 1471 ita
1312 1429 1347 1472 ut

254 1489 326 1544 haec
339 1487 427 1543 statui
440 1487 531 1560 possit
546 1487 611 1542 lex:
633 1489 695 1543 Per
706 1489 922 1561 professionem
934 1501 1108 1563 perpetuam
1122 1489 1152 1544 in
1168 1489 1345 1562 Congrege-

256 1559 334 1614 n'one
346 1557 493 1632 religiosa
507 1569 616 1614 vacant
628 1559 769 1634 beneficia
783 1560 1001 1616 residentialia.

290 1661 317 1713 4.
338 1645 449 1698 Ansam
462 1643 581 1698 demum
594 1643 676 1699 dubii
700 1644 735 1698 de
758 1645 947 1700 ordinatione
967 1646 1086 1718 praebet
1105 1644 1213 1700 factum
1226 1661 1346 1718 respon-

255 1732 332 1770 sum.
361 1715 438 1769 Cum
461 1714 656 1787 congregatio
675 1714 811 1787 religiosa
836 1716 872 1770 de
894 1734 952 1788 qua
978 1733 1074 1772 sermo
1103 1729 1146 1771 est
1169 1716 1200 1770 in
1227 1716 1344 1771 decreto

256 1803 292 1841 ne
314 1797 382 1840 ueat
396 1785 456 1840 iam
470 1784 597 1841 alumnis
612 1785 744 1842 conferre
756 1785 876 1841 titulum
886 1803 1005 1843 mensae
1015 1786 1192 1855 communis,
1202 1787 1341 1856 possitne,

255 1857 285 1911 in
295 1803 351 1912 illo
369 1855 513 1925 Institut0,
530 1857 676 1938 professus
698 1869 837 1913 votorum
852 1857 1030 1929 simplicium
1052 1858 1103 1930 qui
1119 1857 1261 1914 beneficio
1274 1857 1343 1913 resi·

256 1927 375 1984 dentiali
390 1927 463 1983 forte
479 1927 515 1984 sit
530 1941 688 1984 instructus
708 1929 873 2001 promoveri
886 1931 923 1984 ad
936 1947 1033 1985 sacros
1046 1929 1164 1984 ordines
1177 1929 1263 1984 titulo
1276 1928 1343 1984 talis
1395 1929 1402 1935 ”

255 1997 400 2066 beneficii,
425 2016 485 2072 quo
505 2017 585 2068 mox,
601 2017 651 2072 per
674 2012 741 2055 etua
763 1999 952 2071 professione,
976 2012 1020 2056 est
1043 2000 1221 2071 privandus?
1247 2001 1345 2068 Quam

221 2095 226 2105 ·
255 2069 457 2126 difficultatem
476 2087 537 2126 esse
549 2070 639 2127 ineno
661 2070 768 2126 abilem
790 2084 873 2196 putat
892 2073 1016 2154 scriptor
1036 2074 1137 2128 Revue
1157 2069 1345 2152 theologt'que
1377 2140 1379 2144 ,

251 2142 407 2218 franpaise
422 2146 443 2196 ¹.
460 2141 664 2198 Nihilominus
675 2141 748 2197 nihil
764 2153 794 2197 ta
807 2143 1007 2199 iordinatronr
1017 2145 1119 2199 obesse
1132 2143 1341 2199 existimamus.

254 2213 409 2268 Formalis
420 2213 499 2268 enim
513 2213 645 2269 suffectio
658 2213 735 2268 tituli
750 2213 868 2270 alterius
880 2215 910 2269 in
924 2215 1024 2271 locum
1039 2215 1144 2287 prioris
1157 2231 1218 2269 non
1229 2213 1344 2269 videtur

256 2283 363 2356 requiri
383 2285 412 2338 in
427 2284 532 2338 clerico
548 2284 698 2352 saeculari,
725 2285 781 2341 nisi
800 2298 832 2341 ut
846 2285 899 2358 ipsi
920 2287 957 2342 de
976 2299 1115 2358 perpetua
1135 2284 1344 2340 sustentatione

256 2355 292 2410 sit
305 2366 434 2410 cautum.
451 2357 550 2424 Quare
565 2372 618 2411 nec
628 2367 787 2428 usurpatur
801 2356 832 2411 in
846 2357 1028 2430 regularibus
1041 2357 1222 2413 sollemniter
1235 2355 1344 2429 profes-

256 2425 304 2483 sis.
320 2427 387 2493 Sed,
403 2438 469 2499 post
492 2428 576 2484 Dect.
599 2428 705 2483 Auctis
729 2427 900 2492 admodum.
928 2430 985 2485 tale
1004 2443 1145 2503 perpetua
1163 2426 1344 2503 professione

255 2496 444 2570 coniungitur
458 2498 610 2554 vinculum
627 2500 702 2554 inter
724 2500 992 2572 Congregationem
1011 2514 1149 2556 votorum
1166 2499 1346 2573 simplicium

255 2580 284 2625 et
298 2569 462 2637 alumnum,
477 2570 558 2643 quod
568 2581 646 2626 certa
660 2570 746 2625 faciat
758 2570 856 2626 futura
866 2571 1015 2628 alimenta.
1028 2574 1126 2644 Atque
1139 2571 1211 2627 haec
1224 2571 1345 2626 fortasse

255 2653 298 2696 est
310 2657 397 2695 causa
419 2657 471 2696 cur
489 2654 633 2714 ¹negatum
655 2641 691 2697 sit
710 2659 789 2697 anno
817 2643 879 2715 1891
906 2644 1058 2699 ludultum
1072 2643 1205 2699 mutandi
1224 2642 1346 2697 titulum

255 2713 336 2783 quod
349 2712 430 2784 prius
449 2725 511 2768 erat
523 2728 705 2769 concessum.

317 3014 357 3102 8.
384 3062 417 3073 -
441 3024 478 3093 s.
502 3023 643 3094 canan.
669 3024 948 3096 eriscoeonun
972 3025 1024 3094 ετ
1047 2969 1296 3093 neauttntun

482 3203 691 3284 Responsa
711 3209 753 3263 30
770 3209 1028 3266 SEPTHMBRIS
1047 3209 1129 3263 1903

254 3370 308 3428 De
320 3370 530 3428 confessarii
542 3370 795 3442 designatione
809 3374 847 3427 et
856 3371 1056 3427 mutatione
1069 3370 1163 3440 apud
1176 3367 1351 3424 Mortales

674 3468 696 3509 a
714 3454 933 3511 Visitatione

291 3626 464 3683 Ordinarius
476 3624 640 3681 Tirasonen
654 3626 783 3699 exponit,
798 3628 879 3699 quod
894 3637 985 3681 exstat
998 3624 1029 3679 in
1041 3642 1095 3680 sua
1109 3623 1233 3679 dioecesi
1246 3640 1348 3679 mona-

254 3700 375 3756 sterium
388 3714 405 3753 a
417 3696 593 3753 Visitatione
612 3696 641 3751 in
662 3715 721 3769 quo
740 3697 787 3753 lex
807 3698 843 3751 de
861 3697 998 3753 triennali
1020 3694 1188 3751 confessarii
1206 3694 1346 3750 ordinarii

254 3770 417 3826 mutatione
430 3769 508 3823 haud
524 3781 663 3824 servatur.
687 3770 769 3824 Haec
783 3768 862 3823 enirn
881 3768 1072 3831 consuetudo,
1089 3783 1164 3840 quae
1178 3767 1347 3822 adversatur

254 3842 310 3897 iuri
335 3838 497 3908 communi,
525 3839 659 3895 innititur
685 3850 749 3894 tum
778 3838 985 3896 constitutioni
1012 3840 1082 3894 XIX
1107 3836 1242 3907 instituti,
1270 3854 1347 3917 quae

252 3916 376 3969 refertur
395 3910 432 3966 ad
454 3910 656 3977 confessarios
678 3923 743 3965 tum
761 3910 948 3983 responsioni
969 3928 986 3964 a
1007 3911 1094 3965 Sacra
1113 3910 1347 3981 Congregattone

255 3985 471 4057 Episcoporum
484 3994 512 4038 et
527 3982 718 4052 Regularium
732 4000 765 4036 su
788 3999 818 4038 er
829 3998 859 4037 re
871 3982 938 4035 data
951 3980 998 4035 die
1015 3979 1168 4053 19augusti
1183 3981 1258 4036 1825.
1269 3980 1346 4034 Cum

254 4056 333 4111 enim
348 4052 539 4128 superiorissa
554 4053 724 4109 Monasterii
740 4000 844 4108 Aimae
865 4052 954 4107 Urbis
968 4064 1098 4124 rogasset
1111 4051 1354 4120 Sanctissimum,

283 4308 291 4342 ¹
309 4324 374 4366 1904,
388 4320 415 4367 p,
429 4316 465 4367 89·
