2959 4900
78 310 144 392 [32]
285 337 307 371 s.
325 337 380 372 atr.
398 337 424 371 c,
443 341 508 382 1904,
525 337 561 378 oa
576 337 667 373 vanus
682 338 775 373 ouans
791 337 948 374 Lirunmcts
1131 317 1167 378 91

78 521 145 608 32.
164 575 206 581 —
219 535 253 605 8.
277 523 424 608 altuutt
448 537 693 609 consueuit.
717 540 782 624 (29
800 538 865 608 lulli
883 539 956 608 015
972 555 1049 623 auu:
1067 537 1170 620 1904)

206 723 414 801 Responsa
433 724 487 778 DE
508 726 643 781 VARIIS
660 725 795 781 DUBIIS
812 727 1043 782 LITURGICIS

113 889 153 942 A.
180 886 277 942 Varia
290 887 380 942 auita
393 889 429 944 ae
444 849 543 944 Misia
557 900 585 945 ei
599 889 717 965 officio.
746 915 748 922 ·

113 983 192 1039 Ord.
214 983 281 1037 FF.
295 983 411 1039 Minor.
425 985 517 1040 Prov.
539 982 700 1058 Anglicae.
717 1019 752 1027 -
768 988 955 1042 Reverendus
978 989 1011 1042 Ρ.
1031 987 1170 1041 Taddeus

81 1057 238 1134 Hermans,
269 1054 470 1111 Kalendarista
503 1057 673 1136 Provinciae
705 1057 847 1138 Anglicae
885 1057 1004 1138 Ordinis
1034 1059 1170 1138 Fratrum

82 1128 242 1192 llmorum,
268 1126 305 1180 de
330 1143 475 1182 consensu
503 1144 548 1182 sur
576 1129 778 1185 Procuratoris
808 1129 958 1184 Generalis
992 1129 1170 1184 solutionem

80 1196 265 1268 sequentium
278 1197 436 1252 dubiorum
452 1216 469 1253 a
487 1200 645 1254 Sacrorum
667 1200 789 1256 Rituum
805 1200 1042 1272 Congregatione
1062 1199 1169 1254 humil-

80 1269 146 1323 lime
158 1267 327 1342 postulavit‚
342 1269 484 1324 nimirum
498 1290 505 1326 ε
938 1291 939 1296 “

113 1436 168 1490 ΙΙΙ.
184 1435 296 1489 Utrum
308 1435 465 1507 Regulares
472 1436 503 1491 in
515 1437 620 1506 Anglia
629 1452 657 1494 et
667 1439 736 1494 alibi
746 1449 964 1494 commorantes
974 1438 1004 1492 in
1013 1437 1169 1493 recolendo

82 1505 276 1561 anniversario
299 1506 445 1579 Ecclesiae
459 1507 650 1573 Cathedralis,
665 1510 707 1565 uti
729 1510 837 1566 limites
852 1509 983 1564 Civitatis
1005 1509 1168 1580 intelligere

82 1578 203 1632 debeant
216 1576 305 1632 etiam
324 1578 456 1634 suburbii
470 1579 601 1636 Civitatis
621 1581 801 1648 hodiernae;
818 1598 854 1635 an
869 1581 966 1653 potius
986 1597 1036 1635 eos
1050 1580 1167 1635 restrin-

82 1665 143 1719 gere
165 1648 241 1704 fines
262 1649 299 1702 ad
319 1649 497 1715 primitivam
520 1650 675 1707 Civitatem
696 1670 748 1707 seu
772 1653 911 1723 burgum,
927 1651 1105 1725 quandoque
1126 1665 1168 1706 sat

83 1720 227 1791 exiguum.
243 1719 293 1773 ubi
309 1721 437 1775 Ecclesia
452 1721 633 1777 cathedralis
646 1723 802 1779 aedificata
816 1723 932 1778 fuerat‘.l

116 1884 168 1938 Vl.
204 1884 313 1939 Utrum
348 1886 517 1954 Sacerdotes
545 1888 703 1958 Regulares
736 1886 943 1942 celelebrantes
971 1885 1001 1939 in
1033 1885 1170 1940 Oratorio

85 1954 196 2009 interno
210 1971 347 2010 sororum
368 1956 529 2031 cuiuspiam
543 1959 702 2013 modernae
725 1957 969 2033 Congregationis
983 1970 1011 2010 et
1036 1953 1170 2012 fidelibus

84 2025 200 2080 minime
221 2027 342 2099 patenti,
359 2027 481 2083 Missam
502 2029 581 2085 iuxta
605 2029 818 2084 Kalendarium
840 2029 884 2083 sui
901 2027 1019 2083 Ordinis
1046 2027 1170 2082 debeant

84 2097 245 2163 celebrare;
268 2115 307 2152 an
333 2097 430 2171 potius
455 2099 534 2162 iuxta
561 2101 686 2156 Ordines
712 2100 890 2166 dioeceseos,
916 2101 946 2155 in
975 2116 1033 2170 qua
1057 2116 1170 2154 sorores

84 2166 258 2236 huiusmodi,
275 2170 484 2226 Kalendarium
503 2171 656 2244 proprium
669 2189 703 2226 ex
728 2171 880 2245 privilegio
904 2171 948 2226 vel
964 2188 1019 2224 usu
1040 2169 1170 2241 legitimo

85 2256 141 2292 non
155 2239 295 2296 habentes
308 2259 422 2296 moram
434 2243 555 2297 trahunt
568 2246 577 2297 l
746 2253 756 2260 ’“

117 2331 182 2385 Vll.
210 2332 319 2386 Utrum
341 2331 371 2386 in
394 2332 440 2390 die
466 2335 673 2406 Rogationum,
701 2333 1002 2391 Commemorationis
1029 2333 1171 2387 Omnium

87 2400 225 2457 Fidelium
251 2403 475 2472 Defunctorum,
491 2419 519 2461 et
533 2406 651 2477 quando
665 2422 700 2462 ex
714 2419 872 2479 praecepto
886 2404 1070 2469 rubricarum
1084 2421 1170 2478 pecu-

86 2472 197 2528 liarium
224 2474 363 2544 Breviarii
391 2477 697 2551 Romano-Seraphici,
729 2476 872 2533 Officium
901 2478 1113 2532 Defunctorum
1141 2476 1171 2531 in

88 2543 180 2598 Choro
192 2546 377 2617 persolvitur,
394 2549 483 2604 Missa
502 2548 703 2604 conventualis
721 2550 758 2604 de
784 2549 995 2620 Rogationibus
1010 2565 1078 2603 cum
1102 2550 1171 2603 Pro-

87 2616 210 2671 cessione
230 2617 395 2674 coniunctis
408 2632 459 2674 aut
481 2621 639 2694 respective
654 2621 690 2677 de
704 2620 805 2691 requie
831 2621 934 2675 debeat
957 2618 1094 2675 celebrari
1111 2639 1117 2673 :
1134 2637 1171 2673 an

88 2686 180 2755 potius
192 2688 227 2743 de
237 2687 347 2761 duplici
357 2688 402 2745 vel
416 2691 598 2764 semiduplici
612 2706 784 2747 occurrente
795 2692 825 2746 in
842 2691 978 2746 Ecclesiis
994 2690 1171 2746 Monialium

89 2756 219 2813 Officium
234 2759 374 2815 Divinum
385 2761 571 2830 habentibus,
586 2763 609 2817 si
623 2780 682 2818 una
693 2774 808 2818 tantum
822 2762 912 2817 Missa
928 2761 1111 2818 celebretur?

122 2850 198 2904 Vlll.
230 2852 312 2906 Num
340 2851 513 2909 Ordinarius
541 2855 708 2927 praecipere
735 2854 837 2925 possit,
867 2867 900 2908 ut
923 2854 1086 2913 sacerdotes
1112 2865 1172 2907 tam

90 2920 240 2976 saeculares
259 2940 350 2995 quam
366 2923 523 2995 Regulares
536 2926 566 2979 in
588 2925 685 2981 Missis
699 2926 783 2980 lectis
798 2925 917 2981 tertium
931 2942 1049 2981 cereum
1072 2940 1171 2979 accen-

90 2991 155 3044 dant
166 2992 194 3046 in
205 2994 328 3050 Canone
341 2996 419 3068 apud
434 3013 499 3051 eam
512 2996 679 3061 dioecesim,
692 2997 744 3052 ubi
759 2996 845 3052 sicuti
858 2996 888 3050 in
903 2996 1039 3051 universa
1054 2995 1172 3067 regione

91 3078 150 3115 mos
171 3064 253 3119 illum
275 3066 452 3122 accendendi
466 3068 496 3121 in
511 3068 690 3123 oblivionem
703 3086 736 3123 ac
751 3067 974 3123 desuetudinem
1000 3067 1183 3126 iamdudum

94 3132 185 3188 abierit
200 3137 208 3188 l

111 3226 157 3303 X
180 3228 254 3283 Cum
267 3230 465 3287 anniversaria
487 3231 544 3287 late
564 3244 680 3305 sumpta
704 3251 739 3286 ex
756 3231 955 3301 DecretoSS.
973 3232 1034 3285 RR.
1061 3230 1169 3301 congr,

93 3295 145 3373 diet
155 3317 168 3351 2
180 3300 339 3355 decembris
357 3303 420 3374 1891
433 3320 464 3357 n.
476 3304 544 3374 2753
558 3303 616 3357 sint
628 3320 661 3359 ea
675 3320 752 3375 quae
760 3302 850 3358 semel
862 3302 891 3355 in
906 3318 984 3356 anno
999 3319 1016 3356 a
1031 3302 1171 3355 Commu·

93 3367 219 3425 nitatibus
233 3370 296 3426 fieri
318 3372 414 3427 solent
428 3394 435 3428 :
451 3391 524 3430 num
538 3374 620 3429 Ritus
640 3374 748 3446 duplex
760 3375 797 3428 sit
809 3373 977 3429 retinendus
997 3390 1051 3442 pro
1065 3371 1170 3427 Officio

94 3441 298 3517 generalissimo
326 3443 471 3499 Omnium
497 3445 709 3501 Defunctorum
740 3444 861 3500 Ordinis
887 3443 1038 3515 Seraphici
1063 3455 1091 3499 et
1107 3454 1170 3568 *pro

95 3509 287 3587 Anniversario
301 3515 444 3571 Omnium
469 3517 626 3572 Parentum
639 3528 828 3585 nostrorum;
844 3526 935 3588 utque
946 3514 976 3570 in
1000 3515 1063 3570 aliis
1079 3529 1114 3569 tri
1137 3531 1170 3569 us

95 3584 283 3639 anniversariis
302 3586 344 3640 sic
355 3587 465 3642 vocatis
478 3587 508 3642 in
531 3588 642 3643 Ordine
655 3587 797 3643 celebrari
819 3586 923 3654 solitis,
942 3586 1024 3641 Ritus
1044 3586 1170 3641 semidu-

95 3648 158 3728 plex
167 3652 199 3707 sit
216 3655 416 3729 assignandus,
428 3672 545 3731 tresque
564 3659 712 3714 orationes
726 3658 757 3713 in
771 3658 906 3731 Vesperis
919 3670 947 3713 et
971 3657 1122 3712 Laudibus
1136 3674 1170 3711 ac

97 3720 178 3776 Missa
188 3726 370 3784 recitandae?
469 3731 472 3735 '

131 3817 166 3895 Et
173 3819 252 3877 Sacra
264 3825 366 3880 eadem
379 3825 584 3898 congregatio,
602 3826 637 3881 ad
652 3826 827 3881 relationem
841 3824 994 3897 subscripti
1006 3824 1169 3893 Secretarii,

98 3886 188 3968 audito
195 3905 258 3947 voto
271 3895 495 3952 commissionis
510 3897 687 3969 Liturgicae,
699 3897 899 3968 omnibusque
907 3895 1009 3951 sedulo
1020 3894 1169 3967 perpensis

97 3960 298 4020 rescribendum
311 3966 424 4022 censuit
441 3988 446 4021 :
983 3972 987 3979 '

100 4124 174 4247 dciii
187 4128 235 4185 lll.
250 4153 266 4182 α
278 4135 303 4187 A
302 4132 469 4207 ffirmative
491 4135 532 4189 ad
538 4134 673 4208 primam
693 4144 812 4207 partem
825 4154 832 4201 ;
848 4132 989 4207 negative
1010 4133 1050 4187 ad
1071 4147 1173 4187 secun·

170 4238 176 4251 ι
188 4219 202 4247 >J

136 4288 229 4350 AdVl.
244 4316 258 4346 α
268 4298 417 4372 Negative
428 4301 468 4356 ad
476 4301 734 4374 primampartem
748 4322 755 4369 ;
770 4299 951 4374 affirmative
961 4299 1002 4354 ad
1011 4299 1171 4354 secundam

1223 1461 1226 1470 ’
1255 1451 1318 1518 Qaiti
1334 1469 1381 1518 ¹vc-

1224 1513 1277 1576 nfliat
1287 1517 1382 1560 civita-

1225 1574 1259 1616 tis
1278 1573 1380 1616 nomine.

1253 1893 1290 1940 De
1306 1892 1381 1940 calen-

1224 1949 1383 1997 darioinorcz·

1225 2011 1286 2055 torio
1306 2008 1380 2054 Soro-

1224 2080 1285 2114 rum.

1254 2362 1290 2407 Da
1314 2362 1383 2407 rinion

1224 2419 1305 2465 Misso
1328 2421 1355 2465 in

1223 2476 1322 2523 ecclesiis
1332 2490 1382 2522 mo-

1224 2534 1380 2589 niatrumper-

1225 2592 1350 2639 tisdiebus.

1253 2875 1290 2921 De
1315 2877 1382 2921 terlio

1224 2944 1285 2978 cereo
1304 2934 1329 2979 in
1344 2947 1384 2979 ca-

1224 3004 1283 3036 none
1319 2991 1382 3037 Mis-

1224 3061 1272 3093 sae.

1257 3247 1290 3293 De
1308 3247 1366 3292 Ritu

1224 3306 1377 3351 communium

1224 3364 1361 3408 anniversa-

1225 3422 1325 3466 rioritm.
