2959 4900
280 327 319 387 50
731 345 912 382 monumenta

317 483 344 556 b)
361 481 494 538 Privatus
513 481 635 554 quidam
647 481 700 550 vir,
717 481 837 538 honeste
855 492 883 537 et
895 481 1081 557 simpliciter,
1101 482 1132 536 in
1151 480 1263 536 nullius
1276 480 1372 561 operis

281 553 456 622 subsidium,
477 553 592 626 poterit,
617 570 673 627 per
700 553 895 623 occasionem,
921 566 949 610 et
967 553 1049 609 nulla
1073 555 1184 609 utendo
1210 563 1373 621 coactione,

281 643 349 682 cum
363 625 513 682 sacerdote
526 624 683 681 convenire
697 625 734 680 de
749 624 806 680 alia
820 642 853 680 re
865 642 920 697 pro
932 625 1079 699 stipendio
1090 624 1181 681 libere
1193 623 1373 698 accipienda.

316 713 343 784 c)
358 709 399 778 Si,
415 726 469 782 pro
488 708 646 783 stipendia,
662 721 756 764 ratam
776 709 907 765 remittas
919 721 1032 783 partem
1052 711 1088 765 de
1101 708 1225 782 pecunia
1237 709 1296 764 iam
1309 718 1377 763 actu

282 781 335 837 tibi
362 799 379 836 a
401 781 567 836 celebrante
593 779 701 849 debita,
727 779 835 836 videris
858 780 1036 854 stipendium
1059 781 1089 835 in
1117 780 1236 854 propria
1262 779 1377 835 tradere

283 851 549 981 {piescpqmnppptqrqe
564 852 605 907 sic
618 851 759 907 indirecte
772 863 801 908 et
814 851 1014 908 fraudulenter
1030 853 1102 909 velis
1121 851 1191 907 alias
1209 867 1256 908 res
1269 850 1377 924 stipen-

321 1036 362 1075 ιο.
386 1019 517 1074 Lucrum
536 1035 639 1098 capere
652 1033 687 1073 ex
701 1017 831 1074 collectis
845 1017 1002 1075 missarum
1020 1017 1213 1088 eleemosynis
1231 1016 1290 1072 iam
1308 1027 1375 1072 ante

283 1089 671 1163 eratprohibitum31mmo,
688 1087 719 1144 in
727 1090 905 1162 quibusdam
916 1089 1071 1158 adiunctis,
1088 1109 1118 1146 n.
1134 1091 1164 1145 13
1174 1089 1281 1145 decreti
1295 1105 1377 1144 com-

283 1161 462 1226 memoratis,
476 1160 615 1233 punitum
637 1160 941 1218 excommunicatione
963 1161 993 1218 S.
1010 1161 1147 1217 Pontifici
1159 1174 1314 1217 reservata.
1333 1162 1376 1215 Ac

282 1233 373 1289 vetuit
386 1234 417 1288 S.
433 1231 631 1357 Congrqgatio
646 1231 782 1300 Concilii‚
803 1249 840 1287 ne
853 1232 905 1304 qui
920 1232 970 1288 alii
988 1233 1184 1289 committeret
1199 1231 1303 1287 missas
1316 1248 1333 1285 a
1346 1247 1377 1286 se

284 1317 426 1377 acceptas,
438 1302 527 1359 etiam
553 1320 643 1359 aeuus
662 1303 800 1360 retineret
820 1321 855 1358 ex
866 1305 1098 1360 commutatione
1112 1303 1254 1377 pecuniae
1266 1315 1377 1357 ortum.

285 1377 328 1430 lta
347 1386 433 1430 sonat
447 1391 651 1447 responsum2
667 1375 834 1430 novembris
850 1393 860 1430 1
900 1375 927 1431 8.
948 1375 1105 1432 Collectori
1119 1388 1218 1431 tamen
1242 1373 1309 1430 licet
1321 1373 1378 1428 sibi

283 1446 403 1502 reficere
427 1445 574 1519 impensas
595 1447 625 1500 in
643 1446 817 1519 colligendis
842 1463 878 1502 ve
913 1446 1143 1504 transmittendis
1164 1445 1260 1501 missis
1276 1445 1376 1500 factas.

283 1536 310 1573 v.
325 1535 353 1590 g.
368 1534 422 1589 pro
435 1530 554 1574 vectura
567 1517 731 1573 litterarum
739 1517 786 1573 vel
797 1517 949 1591 pecuniae.

321 1601 377 1656 Sed
393 1618 461 1656 curn
476 1600 632 1674 scriptores
646 1600 848 1673 permitterent
861 1613 895 1656 ut
902 1602 1017 1657 etiama
1035 1599 1193 1657 collectore
1203 1599 1379 1657 retineretur

283 1672 400 1728 modica
420 1673 565 1744 quaedam
584 1689 695 1727 merces
716 1671 825 1727 laboris
844 1672 980 1746 impensi,
1000 1672 1080 1745 quod
1099 1671 1154 1745 ipsi
1173 1672 1203 1727 S.
1224 1669 1379 1743 Alphonso

284 1761 346 1800 non
369 1743 522 1799 videbatur
547 1742 750 1816 improbabile,
779 1743 839 1798 iam
869 1744 1020 1816 quaeritur
1045 1756 1147 1799 utrum
1171 1758 1264 1798 necne
1291 1740 1379 1796 hodie

286 1814 374 1870 etiam
393 1815 448 1870 ista
467 1814 610 1870 sententia
629 1814 745 1870 defendi
764 1814 876 1886 possitl
902 1817 945 1870 Ac
970 1815 1045 1871 ratio
1070 1815 1126 1870 ista
1151 1813 1266 1896 agendi,
1288 1829 1379 1885 quam

286 1899 385 1942 tamen
399 1885 516 1959 proprie
531 1887 673 1942 damnare
694 1887 846 1956 nolumus,
861 1886 947 1942 nobis
964 1886 1079 1942 videtur
1101 1901 1226 1941 omnmo
1245 1902 1262 1939 a
1280 1894 1380 1940 mente

307 1957 446 2013 raesentis
465 1957 573 2013 decreti
587 1957 702 2012 aliena:
719 1957 779 2013 iam
797 1959 835 2012 ad
850 1958 981 2030 aliquam
994 1958 1068 2014 lucri
1081 1957 1208 2030 speciem
1220 1955 1379 2012 acceditur.

285 1975 344 2086 §ed
357 2028 379 2085 si
391 2029 457 2101 quis
469 2028 611 2085 collector
623 2045 659 2083 ex
672 2028 727 2084 hac
737 2028 821 2100 quasi
835 2040 897 2085 arte
910 2029 964 2085 sibi
977 2029 1086 2085 victum
1095 2045 1235 2101 quaerere
1241 2026 1379 2095 voluerit,

286 2101 360 2155 illud
373 2112 512 2174 putamus
528 2117 691 2174 repugnare
708 2099 860 2156 absolutae
873 2100 979 2156 rationi
993 2118 1060 2181 qua,
1079 2118 1109 2155 n.
1123 2101 1141 2155 8
1156 2098 1273 2156 decreti.
1290 2112 1381 2153 omne

287 2171 456 2229 commercii
470 2188 562 2244 genus
577 2183 701 2239 vetatur,
717 2171 810 2226 immo
824 2189 913 2228 omne
929 2172 1060 2227 studium
1077 2170 1236 2244 quaerendi
1254 2168 1381 2242 eleemo-

287 2261 373 2324 sinas
393 2243 473 2315 quod
489 2242 548 2298 alio
567 2241 626 2298 fine
645 2241 806 2316 imperetur
822 2259 855 2299 ac
873 2243 1078 2300 celebrationis
1100 2242 1235 2316 propriae
1247 2241 1292 2296 vel
1313 2241 1380 2296 sub

309 2327 428 2370 rtorum.

326 2425 367 2463 11.
388 2407 431 2461 De
450 2404 585 2479 gravibus
605 2405 708 2480 poenis
728 2422 804 2478 quae
823 2423 852 2463 n.
877 2424 907 2461 12
921 2404 1100 2475 indicuntur,
1115 2404 1160 2462 fac
1173 2404 1310 2461 observes
1332 2419 1381 2460 eas

288 2477 355 2533 ferri
369 2490 472 2533 contra
492 2495 542 2533 eos
556 2476 607 2550 qui
627 2478 771 2549 quasdam
783 2478 942 2550 praesentis
954 2477 1061 2533 decreti
1080 2476 1245 2532 sanctiones
1258 2475 1382 2549 perfrin-

288 2566 355 2621 gere
374 2548 441 2603 ausi
459 2548 589 2605 fuerint:
614 2549 655 2604 ita
673 2561 706 2603 ut
725 2548 756 2603 in
775 2566 824 2605 eas
842 2567 902 2606 non
921 2548 1053 2605 incurras
1067 2548 1122 2604 nisi
1135 2547 1293 2621 deliqueris
1312 2564 1381 2603 cum

289 2620 407 2675 scientia
426 2631 522 2675 reatus
540 2632 569 2676 et
588 2637 710 2693 poenae.
1101 2638 1105 2645 ’

325 2702 382 2758 Sed
403 2714 562 2775 praeterea,
592 2703 687 2774 gravis
706 2715 823 2776 oportet
841 2713 875 2757 ut
893 2702 967 2758 adsit
985 2702 1116 2758 materia.
1138 2704 1236 2771 Quam
1253 2714 1287 2757 ut
1300 2699 1382 2757 brevi
1466 2720 1469 2731 ·

289 2791 425 2830 sermone
438 2773 560 2831 definire
573 2791 725 2842 conemur,
747 2786 822 2829 artes
845 2791 921 2855 quae
942 2774 1109 2847 plectuntur
1131 2792 1161 2830 n.
1182 2776 1242 2830 8-11
1268 2773 1306 2828 ad
1325 2770 1382 2826 tria
1470 2825 1471 2831 ,

289 2845 491 2901 revocabimus
503 2863 620 2917 genera.
645 2845 841 2901 Prohibentur
853 2863 932 2901 enim
944 2846 976 2918 a)
992 2845 1204 2903 conversiones
1223 2842 1382 2918 stipendio·

290 2934 356 2972 rum
372 2917 402 2970 in
424 2916 495 2972 alias
517 2934 573 2983 res,
595 2917 640 2972 vel
660 2917 694 2989 b)
720 2917 893 2973 Eorundem
912 2916 1135 2972 imminutiones
1153 2934 1187 2972 ac
1210 2916 1337 2988 denique
1351 2914 1382 2985 cl
1470 2949 1471 2978 3

292 2989 355 3044 Coo
378 2987 469 3043 erario
492 2988 530 3043 ad
549 2988 719 3061 reprobatas
734 3000 811 3043 artes
830 2987 1059 3060 bibliopolarum
1078 3001 1106 3043 et
1123 3001 1323 3044 mercatorum
1335 2986 1381 3041 vel

291 3005 432 3115 similium
454 3075 663 3140 personarum.
692 3060 735 3115 De
765 3060 882 3140 duobus
906 3058 1055 3132 prioribus
1079 3070 1112 3115 ut
1139 3060 1380 3138 respondeamus,

291 3148 409 3211 gravem
432 3130 562 3186 dicemus
586 3146 648 3186 esse
671 3130 834 3197 materiam,
854 3148 878 3185 sr
904 3130 949 3186 vel
969 3131 1112 3204 stipendia
1135 3143 1325 3193 commutata,
1352 3146 1382 3183 m
1469 3160 1470 3202 ᾗ

291 3218 389 3274 prrore
410 3219 490 3270 casu,
510 3201 567 3270 vel,
583 3202 613 3257 in
627 3201 719 3257 altero
732 3220 812 3267 casu,
826 3214 922 3327 partes
935 3203 1079 3257 detractae
1092 3201 1284 3274 quantitatem
1298 3200 1383 3256 attin·
1469 3207 1470 3230 ³

292 3284 362 3354 gant
381 3289 456 3345 quae
475 3274 512 3328 ad
525 3290 611 3345 grave
626 3272 736 3328 furtum
757 3275 828 3330 abso
841 3285 891 3328 ute
902 3273 1071 3345 requiritur.
1091 3273 1177 3329 Ratio
1191 3290 1244 3329 cur
1256 3271 1382 3328 strictius

292 3361 322 3399 rn
342 3344 440 3417 priore
458 3362 548 3417 quam
567 3343 598 3399 in
618 3344 709 3400 altero
724 3362 793 3399 casu
812 3344 990 3418 accipiamus
1003 3344 1156 3400 materiam
1168 3362 1296 3417 gravem,
1311 3343 1383 3399 haec

292 3425 357 3471 est:
377 3432 446 3469 cum
467 3415 661 3497 prohibentur
675 3415 933 3485 commutationes,
953 3416 1093 3472 delictum
1113 3414 1201 3471 afficit
1219 3425 1383 3472 commuta·

293 3499 353 3541 tam
371 3498 566 3558 quantitatem
585 3499 694 3555 totam;
710 3489 782 3543 dum
796 3487 914 3559 quando
926 3499 1039 3543 vetatur
1053 3487 1189 3560 stipendii
1202 3486 1382 3554 imminuti0,

293 3575 327 3613 ea
339 3558 462 3612 ‘tanturn
485 3575 552 3631 pars
574 3574 650 3630 quae
669 3557 747 3614 male
765 3558 927 3614 detrahitur
938 3560 976 3613 ad
995 3576 1103 3632 corpus
1122 3558 1218 3613 delicti
1237 3557 1382 3632 pertinere

293 3628 416 3685 videtur.
442 3630 528 3684 Ratio
548 3629 639 3702 ipsius
658 3630 781 3685 traditae
799 3629 917 3703 regulae
935 3630 1097 3686 desumitur
1121 3648 1155 3684 ex
1172 3628 1318 3702 analogia.
1341 3629 1383 3683 Dc

293 3717 324 3755 re
338 3700 418 3755 enim
432 3701 528 3773 agitur
547 3712 606 3756 tem
629 3702 703 3756 orali
723 3701 913 3782 (stipendium
927 3701 1000 3756 nihil
1019 3719 1135 3757 sacrum
1153 3700 1294 3772 continet]
1308 3715 1383 3773 quae

294 3772 370 3827 male
386 3771 546 3844 acquiritur
566 3789 596 3827 se
633 3789 690 3853 per
709 3790 741 3828 se
760 3790 823 3827 sme
840 3772 964 3829 alicuius
982 3772 1091 3827 damno
1110 3771 1230 3827 iniusto.
1245 3772 1335 3840 Quod
1347 3770 1382 3826 ad

293 3843 414 3898 tertium
431 3860 541 3911 casum,
560 3861 656 3915 gravis
669 3843 825 3899 iudicanda
838 3856 881 3900 est
893 3844 1063 3917 cooperatio
1081 3861 1140 3915 qua
1154 3842 1334 3916 bibliopolae
1356 3853 1384 3897 et

294 3928 470 3971 mercatores
481 3913 532 3987 qui
552 3914 604 3972 has
619 3930 772 3972 exerceant
782 3927 857 3972 artes
870 3915 1008 3971 iuvantur
1022 3916 1053 3970 in
1065 3916 1180 3971 actione
1193 3931 1247 3970 sua
1258 3914 1383 3988 graviter

294 3984 403 4041 illicita.

333 4071 496 4135 Praeterea,
520 4085 571 4141 per
593 4069 738 4136 accidens
760 4070 793 4134 si,
818 4069 864 4125 his
885 4070 1005 4136 artibus,
1020 4070 1065 4126 vel
1084 4070 1174 4125 unius
1192 4069 1298 4126 missae
1312 4069 1382 4139 cele·¹

296 4140 389 4195 bratio
412 4138 535 4196 notabili
556 4141 687 4213 periculo
712 4153 890 4223 opponatur,
913 4141 972 4196 iam
993 4142 1030 4197 ob
1050 4141 1127 4197 hanc
1149 4158 1269 4197 causam
1291 4140 1383 4214 gravis

296 4210 495 4292 committetur
520 4227 621 4293 reatus,
641 4212 702 4285 qui,
723 4230 748 4268 ει
766 4227 879 4272 ceterae
897 4212 1084 4270 condiciones
1105 4212 1243 4285 impletae
1265 4212 1380 4280 fuerint,
1468 4261 1469 4292 ἶ

295 4298 375 4353 gravi
389 4300 511 4339 censura
523 4301 622 4358 puniri
633 4296 736 4357 potest.
