2959 4900
296 304 357 367 llll
718 329 854 377 ouersrra
868 330 952 366 verua
1012 297 1015 304 ’

296 462 348 528 vel
380 461 571 564 designata,
600 479 682 531 sunt
712 464 890 554 exigenda,
921 487 985 534 nec
1008 467 1203 535 inconsulta
1229 462 1266 531 S.
1298 458 1376 529 Sede

296 567 423 619 mutan
436 567 594 640 possunt.

345 640 424 729 lpsa
441 640 557 731 itaque
574 642 733 726 mutatio,
752 641 871 730 aliquo
888 644 996 712 modo
1008 643 1255 726 substantialis,
1273 639 1312 707 in
1321 637 1378 706 tale

300 729 503 799 lnstitutum
519 730 637 799 induci
654 731 788 821 nequit,
806 731 873 799 nisi
890 753 930 800 er
948 731 985 801 S.
1006 732 1106 803 Sedis
1121 731 1334 801 auctoritate.

345 820 477 887 Intacta
493 835 610 888 autem
627 837 769 889 manent
785 821 861 888 iura
880 822 1045 912 Episcopi
1069 823 1113 890 de
1129 823 1204 889 aliis
1221 821 1292 888 iam
1318 834 1378 884 ase

296 908 497 1065 approbatis
516 910 700 997 Institutis‚
717 910 784 979 nisi
802 931 838 978 re
862 931 942 979 vera
957 933 1091 980 novum
1108 910 1286 979 moraliter
1308 926 1378 973 con·

322 1016 410 1065 atur.
554 1052 556 1055 .

341 1110 374 1174 4.
391 1087 548 1175 Quartus
560 1089 726 1167 articulus
738 1104 789 1157 est
801 1089 844 1157 de
858 1090 1189 1159 Constitutionibus
1214 1089 1283 1156 Eas
1294 1087 1381 1154 solus

298 1176 516 1267 recognoscit
549 1178 759 1269 Episcopus,
788 1179 849 1247 sed
877 1181 1073 1247 cavendum
1099 1180 1140 1247 ei.
1161 1193 1213 1267 est
1241 1191 1280 1245 ut
1310 1174 1382 1242 satis

298 1284 493 1355 congruant
516 1288 598 1335 cum
631 1268 779 1337 Normis
806 1290 826 1336 a
851 1266 888 1336 S.
907 1268 1040 1357 Congr.
1062 1268 1333 1358 ⁸Episcoporum
1356 1280 1382 1331 et

302 1354 533 1443 Regularium
568 1357 611 1423 de
646 1378 823 1425 novorum
861 1358 1106 1427 Institutorum
1141 1356 1382 1448 approbatione

298 1446 540 1534 promulgatis.
573 1444 631 1514 Sic
658 1446 823 1515 vitabitur
849 1447 960 1515 nimia
987 1448 1046 1515 illa
1075 1446 1269 1537 disparitas,
1300 1463 1382 1533 quae
1449 1521 1450 1526 ἵ

299 1532 525 1618 incommoda
548 1536 646 1604 affert
661 1533 894 1605 cum‘novum
914 1537 1119 1606 Institutum
1141 1558 1161 1606 a
1179 1533 1216 1603 S.
1237 1533 1326 1602 Sede
1341 1546 1383 1599 est
1449 1549 1450 1628 ᾗ

300 1623 580 1712 approbandum.

347 1712 433 1779 Non
449 1713 560 1783 nimio
575 1730 692 1783 tamen
718 1717 834 1805 rigore
850 1716 943 1783 istud
959 1731 1011 1784 est
1026 1714 1281 1803 accipiendum,
1311 1732 1382 1780 cum
1449 1731 1450 1772 r

301 1802 475 1890 quaedam
493 1803 711 1872 Normarum
727 1821 843 1893 partes
858 1804 896 1871 in
915 1804 1075 1873 Instituta
1095 1803 1304 1892 episcopalia
1319 1821 1382 1868 non
1449 1807 1450 1840 r

226 1894 233 1906 ‘
301 1891 485 1978 quadrent,
514 1916 547 1961 v.
566 1914 619 1981 gr.
648 1894 692 1960 de
707 1895 785 1961 iure
811 1893 1008 1961 dimittendi
1040 1894 1231 1979 alumnos3
1262 1890 1320 1960 sed
1346 1889 1382 1955 de
1449 1959 1450 1982 ἒ

301 1980 438 2068 punctis
467 1983 671 2071 praecipuis,
692 1984 810 2071 qualia
826 1997 907 2050 sunt
922 1982 1105 2072 disciplina
1120 1998 1296 2064 votorum,
1315 1999 1382 2045 vera
1449 1989 1450 2016 l

302 2086 452 2158 potestas
470 2069 669 2158 Superioris
686 2072 816 2158 localis,
831 2085 895 2140 etc.
1364 2132 1369 2151 ,

348 2158 379 2225 5.
402 2157 539 2226 Ultimo
567 2162 712 2229 articulo
728 2162 819 2229 clare
846 2159 1024 2248 delinitur,
1057 2160 1153 2251 quod
1170 2159 1241 2227 iam
1268 2181 1308 2227 ex
1322 2171 1382 2223 tota

302 2246 388 2335 legis
404 2249 611 2317 oeconomia
627 2252 827 2339 apparebat,
846 2250 1104 2319 distinctionem
1131 2248 1283 2317 Instituti
1300 2248 1382 2314 dioe-

303 2337 416 2403 cesani
456 2354 488 2403 et
529 2338 706 2407 Pontificii
747 2340 893 2408 minime
928 2360 1003 2407 esse
1040 2359 1274 2429 suppressam.
1324 2336 1383 2402 lsta

305 2422 340 2493 S.
364 2423 464 2492 Sedis
492 2427 630 2496 licentia
658 2429 756 2496 nullo
781 2430 889 2498 modo
921 2428 1026 2497 efficit
1051 2444 1092 2497 ut
1113 2449 1203 2498 nova
1234 2426 1383 2495 Instituta
1448 2482 1449 2515 3

303 2536 451 2582 romano
478 2517 732 2604 intentantur,
758 2519 832 2606 sed,
857 2520 970 2586 donec
994 2518 1194 2596 successerit
1216 2517 1382 2584 decretum

304 2606 417 2670 laudis
431 2610 454 2688 ¹,
473 2623 583 2673 servat
603 2606 799 2694 Episcopus
815 2608 936 2675 omnia
952 2608 1028 2675 iura
1051 2606 1238 2697 dirigendi,
1256 2606 1383 2693 dispen·
1406 2610 1410 2621 “

305 2692 416 2777 sandi,
432 2707 465 2759 et
478 2696 582 2762 etiam
597 2697 851 2786 exstinguendi,
872 2717 963 2786 quae
975 2696 1041 2784 ipsi
1054 2718 1074 2765 a
1086 2696 1208 2765 Const.
1227 2693 1383 2764 Conditor

306 2797 386 2868 sunt
405 2784 578 2851 attributa.
599 2785 706 2871 Quod
724 2788 840 2873 ample
867 2800 918 2854 est
933 2786 1189 2874 accipiendum,
1218 2806 1263 2864 ne
1278 2800 1382 2874 pecce-

306 2890 385 2936 mus
401 2872 437 2938 in
455 2871 540 2940 illud
561 2901 567 2941 :
591 2899 604 2936 r
625 2873 804 2943 Correctio
820 2874 906 2942 iuris
922 2890 973 2942 est
989 2875 1121 2945 odiosa.
1143 2901 1157 2938 a

353 2957 518 3048 Sequitur
534 2962 712 3052 derogatio
740 2965 1006 3032 contrariorum.
1033 2961 1218 3033 Contraria
1233 2974 1303 3029 erat
1322 2957 1381 3055 dis3

307 3050 434 3136 positio
464 3051 504 3120 C.
539 3050 719 3139 Concidere,
746 3074 836 3142 quae
862 3052 1104 3121 fundationem
1131 3052 1214 3122 novi
1245 3048 1381 3118 Institutr

307 3139 388 3205 satis
404 3141 515 3208 libero
534 3140 793 3230 Episcoporum
810 3142 952 3211 arbitrio
967 3141 1200 3231 permittebat.
1447 3146 1448 3159 .

337 3406 344 3440 ¹
357 3404 413 3453 Cir.
426 3406 463 3454 De
473 3405 609 3465 Religiosis,
622 3411 641 3453 t.
653 3422 676 3462 2,
688 3418 715 3464 p.
729 3411 779 3460 123,
792 3417 819 3452 n.
832 3421 868 3454 12.
