2959 4900
101 326 170 412 {48
239 351 263 389 s.
279 352 305 388 c.
322 350 402 388 couc.
420 351 457 387 ou
472 349 615 387 missarum
630 348 777 387 omnious.
794 349 911 386 nectar.
930 353 995 396 1904,
1013 343 1068 398 1905
1142 324 1199 389 lill

153 463 210 543 IV..
220 487 407 562 Rescriptum
424 487 566 561 ¹a7sebr.
581 487 655 559 1905
664 487 705 544 ad
718 487 899 562 Episcopum
911 485 1083 561 Leopolien.
1097 487 1110 522 2

151 581 398 657 Archlepiscopus
418 582 620 656 Leopoliensis
641 583 857 651 Ruthenorum,
880 579 1028 642 remeat
1051 582 1206 638 Decretum

114 653 146 709 S.
162 653 290 710 Concilii
309 654 367 710 diei
393 671 420 710 ιι
445 654 514 710 maii
540 673 608 728 1904
649 654 727 709 uoad
750 653 852 712 missas
871 652 1033 722 manuales,
1056 651 1206 708 humiliter

114 723 192 798 petit
204 725 387 784 solutionem
397 725 587 800 sequentium
598 726 639 781 du
661 726 759 782 iorum
774 771 780 782 .

153 822 178 877 1.
193 822 240 876 An
251 820 333 876 iuxta
345 832 399 876 art.
414 840 430 876 2
443 820 562 878 termini
575 820 786 894 persolutionis
796 820 883 876 statui
896 819 1026 894 possint:

402 905 547 977 usquead
564 923 595 961 ro
607 905 710 960 missas
733 923 743 960 1
759 904 867 962 mensis

437 998 454 1028 ³>
562 994 598 1033 eo
651 997 667 1027 »
728 975 904 1032 aniensium

437 1069 453 1099 t)
651 1069 668 1098 »
728 1049 744 1104 3
817 1069 833 1100 n

437 1141 454 1171 2)
651 1140 668 1170 >i
727 1138 747 1189 4
818 1140 834 1171 ))

436 1212 453 1243 ))
650 1212 666 1241 i)
728 1193 741 1246 5
818 1212 833 1242 >t

439 1284 455 1315 »
549 1280 599 1319 ιοο
653 1283 670 1314 >t
730 1263 748 1319 6
821 1283 836 1314 n

113 1345 143 1388 et
157 1331 198 1388 ita
211 1350 301 1408 porro
315 1351 368 1406 pro
381 1332 561 1406 quibuslibet
574 1352 608 1390 20
620 1333 717 1389 missis
729 1350 824 1389 unum
837 1347 969 1390 mensem
983 1331 1127 1389 addendo

153 1430 194 1486 ll.
208 1431 256 1485 An
273 1430 304 1486 hi
318 1429 436 1487 termini
450 1430 659 1503 intellegantur
672 1430 795 1486 seorsim
814 1430 913 1502 quoad
926 1429 1087 1502 quemlibet
1100 1428 1206 1502 stipen-

113 1500 201 1557 dium
225 1500 408 1572 offerentem‚
434 1501 480 1558 vel
501 1502 591 1558 etiam
616 1501 746 1574 intellegi
770 1501 884 1575 possint
905 1501 1083 1558 cumulative
1108 1501 1206 1574 quoad

113 1590 221 1629 omnes
240 1573 338 1648 aliqua
351 1573 507 1630 occasione
519 1593 547 1630 v.
561 1591 589 1647 g.
611 1574 642 1630 in
656 1572 755 1647 aliqua
770 1572 966 1630 sollemnitate
979 1571 1151 1642 offerentes3
1167 1571 1206 1628 ita

112 1658 148 1700 ut
162 1644 187 1700 si
208 1658 280 1702 tunc
291 1645 436 1719 stipendia
458 1643 652 1702 offeruntura
677 1662 726 1702 roo
747 1644 939 1714 oblatoribus,
960 1663 977 1701 a
999 1645 1130 1718 quolibet
1152 1661 1206 1716 pro

112 1733 179 1844 qap
198 1715 298 1788 missa,
312 1733 414 1774 omnes
436 1717 491 1773 hae
512 1718 617 1775 missae
642 1716 673 1773 in
695 1716 822 1774 termino
842 1733 891 1774 sex
912 1717 1060 1774 mensium
1080 1715 1206 1790 persolvi

134 1805 152 1844 e
174 1800 255 1846 eant.
1128 1811 1130 1815 ’

153 1886 209 1941 ΙΙΙ.
221 1886 270 1941 An
283 1885 313 1940 in
324 1902 393 1942 casu
405 1899 461 1943 art.
475 1905 492 1960 7
506 1903 560 1960 pto
573 1885 772 1943 sacerdotibus
782 1884 833 1958 qui
844 1885 880 1942 ab
890 1884 1048 1942 Ordinatio
1061 1884 1205 1958 stipendia

113 1957 177 2012 acci
200 1957 276 2023 iuut,
290 1955 414 2014 termini¹
427 1970 546 2015 currant
568 1974 629 2014 non
651 1975 668 2014 a
690 1956 737 2013 die
759 1974 819 2031 quo
839 1956 969 2029 primarii
989 1955 1144 2013 offerentes
1157 1956 1204 2012 sti·

113 1974 225 2099 pendia
237 2028 391 2099 dederunt,
415 2030 465 2087 sed
486 2047 523 2086 er
543 2028 732 2086 concessione
751 2027 938 2101 Apostolicae
960 2028 1042 2085 Sedis
1055 2045 1072 2084 a
1085 2027 1132 2084 die
1145 2045 1205 2101 quo

115 2099 294 2157 Ordinatius
307 2100 377 2174 ipsis
387 2100 531 2175 stipendia
542 2100 655 2157 tribuit.

151 2198 205 2253 IV.
220 2198 268 2252 An
281 2196 335 2253 ista
353 2197 509 2271 stipendia,
524 2197 577 2254 etsi
591 2196 732 2269 primario
745 2213 763 2252 a
776 2196 909 2269 pluribus
922 2193 1113 2253 offerentibus
1126 2196 1203 2264 data,

113 2281 265 2398 Laepltsqqpq
277 2286 356 2396 sqqqu
378 2282 432 2325 art.
456 2289 472 2344 7
495 2281 649 2342 tamquam
670 2268 706 2324 ab
728 2285 790 2324 uno
810 2268 918 2324 scilicet
937 2267 1094 2324 Ordinario
1107 2266 1206 2323 oblata

150 2436 188 2492 V.
203 2436 251 2491 An
265 2435 350 2493 liceat
363 2435 520 2495 Ordinario
541 2435 681 2493 omnibus
702 2436 748 2492 his
770 2435 866 2492 missis
884 2453 1073 2493 communem
1087 2453 1205 2510 genera·

117 2507 177 2563 lem
201 2507 399 2565 intentionem
424 2510 472 2578 (ad
495 2508 690 2566 intentionem
715 2509 860 2580 dantium)
883 2508 1088 2581 praescribere,
1116 2508 1169 2565 etsi
1190 2527 1207 2564 a

115 2579 266 2652 primariis
279 2578 470 2637 offerentibus
484 2580 622 2653 speciales
635 2579 814 2637 intentiones
827 2579 1020 2653 praescriptae
1033 2580 1164 2637 fuissent.

493 2676 545 2733 Die
560 2696 594 2749 27
608 2674 747 2732 februarii
765 2677 829 2749 ¹905

152 2773 183 2829 S.
207 2772 405 2846 congregatio
430 2772 555 2829 Concilii
576 2770 742 2828 Tridentini
766 2773 912 2847 Interpres
932 2772 1088 2846 propositis
1110 2770 1206 2828 dubiis

118 2843 157 2899 ita
169 2844 410 2919 respondendum
424 2843 555 2901 censuit:

152 2940 199 2995 Ad
214 2942 237 2996 l.
254 2940 329 2995 Rem
341 2938 468 3014 relinqui
481 2937 606 2995 discreto
625 2937 734 3015 iudicio
755 2952 783 2995 et
804 2938 1001 2996 conscientiae
1020 2940 1206 2996 sacerdotum

120 3010 199 3067 iuxta
213 3012 373 3067 Decretum
386 3022 415 3066 et
427 3012 545 3083 regulas
557 3028 573 3065 a
588 3011 718 3084 probatis
734 3010 909 3068 Doctoribus
922 3010 1051 3068 traditas.

153 3107 198 3162 Ad
213 3106 253 3161 Il.
268 3102 295 3162 A
292 3105 468 3181 ffirmative,
482 3106 520 3161 ad
539 3106 665 3179 primam
675 3118 810 3233 partem;
829 3106 969 3182 negative
987 3107 1023 3162 ad
1036 3106 1204 3176 secundam,

120 3177 284 3233 dummodo
294 3176 378 3234 aliter
385 3194 448 3234 non
462 3190 575 3234 constet
589 3178 624 3234 de
637 3195 673 3234 vo
686 3186 787 3234 untate
800 3178 977 3235 oblatorum.

155 3272 200 3326 Ad
223 3273 279 3329 lll.
302 3270 503 3355 Affirmativc,
527 3272 557 3328 id
579 3285 622 3328 est
647 3273 859 3355 obligationem
884 3274 1011 3347 incipere
1036 3292 1053 3329 a
1077 3275 1124 3331 die
1146 3290 1206 3347 quo

122 3343 283 3401 sacerdotes
295 3361 398 3400 missas
411 3344 599 3401 celebrandas
608 3345 646 3400 ab
659 3345 815 3402 Ordinatio
824 3345 979 3420 recipiunt.

157 3440 200 3496 Ad
215 3441 265 3502 IV.
282 3440 451 3565 Episcopus·
463 3453 544 3496 curet
558 3452 591 3495 ut
602 3454 750 3568 quatenus
763 3439 826 3497 fieri
846 3440 941 3523 possit·
952 3441 1067 3523 missae,
1087 3459 1104 3495 a
1117 3438 1206 3513 pluri·

125 3508 177 3565 bus
189 3522 331 3584 receptae,
346 3529 363 3565 a
375 3529 395 3584 p
408 3512 509 3567 unbus
522 3529 602 3568 sacer
623 3513 721 3568 ottbus
735 3525 868 3585 tempore
878 3512 975 3568 debito
989 3511 1140 3569 satisfiunt.

159 3606 203 3664 Ad
213 3608 249 3662 V.
266 3604 406 3663 Sufficere
418 3619 451 3663 ut
461 3608 625 3664 sacerdotes
635 3607 783 3665 celebrent
803 3608 884 3665 iuxta
902 3620 1032 3664 mentem
1042 3606 1206 3674 Ordinarii;

126 3677 175 3747 qui
186 3690 283 3735 tamen
303 3677 497 3735 intentionem
519 3696 571 3751 pro
590 3679 712 3752 singulis
734 3678 925 3737 offerentibus
947 3679 1102 3736 efformare
1123 3679 1208 3735 debet

126 3746 201 3805 iuna
222 3750 338 3822 regulas
360 3767 377 3803 a
397 3750 528 3823 probatis
554 3750 721 3824 theologiae
741 3750 862 3807 moralis
884 3752 1055 3808 auctoribus
1076 3750 1205 3806 traditas.

128 3818 230 3876 Melius
240 3833 341 3878 tamen
351 3837 415 3879 esse
423 3820 447 3877 si
456 3820 597 3896 patefiant
606 3823 806 3880 sacerdotibus
816 3822 994 3881 intentiones
1003 3822 1205 3897 praescriptae.

404 3917 720 3980 †Vmcenr1us(3ard.
736 3921 791 3993 Ep.
809 3920 970 3987 Praenest,
986 3919 1170 3992 Praefectus.

743 4013 776 4070 C.
793 4014 843 4070 De
855 4012 925 4083 Lai,
940 4012 1135 4069 Secretarius.

162 4245 249 4295 lncr'a
259 4247 287 4297 S.
299 4247 391 4303 Sunls,
404 4251 424 4295 t.
437 4252 465 4304 37
475 4249 633 4307 (rom-1905),
645 4260 673 4307 p.
687 4251 738 4296 52⁵.

161 4310 208 4359 tln
217 4310 362 4361 lustriaco
373 4310 497 4371 imperio.

1288 579 1386 627 Onetor.

1286 790 1387 834 Dabla.

1288 844 1313 890 1·
1324 845 1362 891 D‘
1372 845 1401 890 le·

1257 903 1344 1006 pitimo
1354 901 1408 949 cele·

1275 960 1377 1006 rationis

1261 1021 1365 1078 tempori.

1288 1425 1328 1472 ll.
1340 1427 1378 1474 De

1259 1482 1328 1530 modo
1339 1485 1406 1532 intel·

1260 1539 1349 1608 legendi
1358 1547 1404 1589 ter·

1259 1613 1345 1650 minos.

1288 1883 1344 1952 lll.
1357 1885 1395 1932 De

1258 1954 1412 2066 stt-‘titt‘

1253 2055 1346 2125 sacrm
1356 2071 1419 2106 com-
