2959 4900
69 260 241 339 [137,138]
267 280 441 317 nreaoanrro
457 279 610 317 tusrtrurr.
627 245 833 317 catenularum
848 281 1046 319 ctsraactnnsn
1103 260 1162 323 l39

68 415 248 495 dignaretur,
271 412 334 469 eius
347 412 450 485 petitio
473 414 625 469 Romanae
647 410 859 468 Commissioni
873 428 926 485 pro
947 410 1081 469 examine
1094 428 1163 468 con·
1254 430 1338 477 Votum

68 484 257 541 stitutionum
269 500 416 540 novorum
432 484 636 543 institutorum
648 484 685 539 ab
699 484 754 539 hac
767 485 796 539 S.
812 484 1046 556 Congregatione
1058 484 1164 557 depen·
1220 486 1373 554 commissio·

68 556 204 613 dentium
237 554 396 624 institutae,
428 556 477 611 cui
509 554 766 611 Eminentissimus
797 555 960 611 cardinalis
993 556 1165 611 Franciscus
1219 558 1268 593 W·

69 627 174 684 Satolli
201 638 322 700 praeest,
362 638 436 694 ‚rout
462 642 537 707 opus
567 636 629 682 erat
660 626 756 683 delata
786 625 851 682 fuit.
881 628 1073 684 Praelaudata
1097 644 1165 688 vero

70 696 323 756 Reverendissima
377 696 519 764 mmissio,
536 708 645 753 attenta
657 698 746 754 huius
761 697 894 753 Instituti·
912 715 965 771 pro
977 698 1165 755 missionibus

69 772 100 826 in
125 770 291 841 supradicta
309 768 428 841 regione
442 768 576 837 utilitate,
591 768 627 825 de
639 786 698 841 qua
712 764 824 824 litterae
837 770 1097 827 commendaticiae
1110 770 1165 825 Or·

68 842 263 909 dinariorum,
282 840 313 896 in
325 857 455 912 quorum
468 840 649 895 dioecesibus
659 840 804 895 Sororum
815 839 922 897 domus
939 854 1062 905 exstant,
1076 840 1166 897 fidem
1211 869 1215 873 ‡

68 913 190 975 faciunt.
215 924 243 968 et
261 923 371 967 attenta
393 912 482 967 etiam
502 911 580 966 illius
593 926 629 983 ag
649 910 799 983 regatione
818 912 854 966 ad
875 912 1009 969 Tertium
1023 912 1166 985 Ordinem

69 983 170 1039 Sancti
186 982 360 1038 Dominicia
376 984 410 1037 R.
425 984 457 1038 P.
471 982 611 1053 Magistro
623 928 757 1038 generali
765 992 891 1065 peracta,
902 984 980 1039 idem
995 985 1166 1039 Institutum

70 1055 192 1111 interim
202 1054 384 1110 laudandum
397 1052 519 1136 eiusque
532 1053 755 1110 constitutiones
767 1067 848 1110 iuxta
861 1054 978 1111 schema
992 1054 1164 1122 exhibitum,

69 1126 246 1183 introductis
276 1138 374 1181 tamen
399 1124 668 1181 modificationibus
693 1138 781 1199 prout
806 1126 836 1181 in
863 1143 980 1183 annexo
1006 1126 1164 1199 exemplari

68 1199 204 1267 habetur,
220 1197 258 1253 ad
280 1196 517 1269 quinquennium
541 1213 593 1268 per
605 1197 728 1252 modum
747 1197 938 1269 experimenti
962 1215 999 1271 ap
1021 1198 1166 1253 robandas

70 1268 195 1336 censuit.
216 1269 315 1336 Quare
327 1268 399 1323 haec
414 1268 502 1323 Sacra
517 1268 711 1349 Congregatio
723 1268 760 1325 de
781 1270 974 1341 Propaganda
1014 1269 1069 1338 ide,
1086 1269 1166 1324 iuxta

70 1352 170 1396 votum
197 1338 463 1395 Reverendissimae
486 1340 718 1407 commissionis,
746 1340 895 1399 decretum
920 1341 1015 1400 laudis
1036 1339 1166 1414 praefato

72 1411 211 1467 instituto
223 1421 252 1465 et
264 1422 484 1481 temporaneam
499 1411 674 1483 praedictam
694 1410 937 1485 approbationem
952 1412 1015 1469 eius
1027 1412 1167 1467 constitu-

69 1483 202 1538 tionibus
222 1482 291 1536 dare
310 1481 444 1548 decrevit,
468 1498 586 1554 sperans
599 1481 696 1554 ipsum
718 1484 776 1537 tale
796 1483 1010 1539 incrementum
1032 1499 1168 1539 consecu-

69 1556 183 1623 turum,¹
197 1565 231 1607 ut
252 1552 334 1607 Sedis
353 1554 539 1625 Apostolicae
562 1554 804 1626 approbationem
818 1570 871 1609 suo
884 1567 1016 1628 tempore
1035 1554 1167 1610 obtinere

70 1625 176 1680 valeat.
192 1625 289 1692 Quam
303 1624 332 1679 S.
345 1624 586 1697 Congregationis
596 1625 770 1680 sententiam
789 1626 825 1680 ab
841 1624 1024 1698 infrascripto
1038 1626 1168 1681 eiusdem
1238 1628 1384 1696 Approbatr'o

71 1697 247 1759 Secretario,
261 1694 292 1749 in
308 1695 455 1750 audientia
468 1695 525 1751 diei
540 1714 556 1767 9
571 1696 640 1750 maii
659 1698 725 1769 1905
738 1697 791 1752 SS.
810 1698 844 1752 D.
861 1698 899 1752 N.
919 1700 972 1754 Pio
985 1697 1083 1752 divina
1099 1698 1168 1753 Pro·
1219 1686 1354 1746 pontificia.

69 1766 202 1822 videntia
217 1768 275 1821 ΡΡ.
291 1767 318 1821 Χ
339 1767 471 1834 relatam,
495 1768 597 1823 eadem
617 1767 760 1823 Sanctitas
782 1768 842 1822 Sua
862 1769 898 1822 in.
916 1769 1054 1824 omnibus
1075 1780 1169 1823 ratam

68 1840 181 1963 gabere
193 1836 420 1962 etdconfirmare
442 1838 559 1910 dignata
578 1850 630 1906 est,
646 1850 673 1894 et
695 1839 839 1912 superbis
859 1856 995 1911 praesens
1018 1840 1169 1895 decretum

93 1926 138 1965 er1
152 1925 223 1963 man
246 1921 313 1963 avit.

107 1983 220 2035 Datum
245 1981 364 2045 Rornae,
390 1996 424 2034 ex
445 1978 573 2035 Aedibus
596 1980 626 2035 S.
650 1980 892 2053 congregationis
917 1982 953 2037 de
978 1983 1170 2054 Propaganda
1253 1983 1313 2050 ntes
1322 1982 1360 2037 [10

72 2052 159 2121 Fide,
177 2051 225 2106 die
247 2068 279 2106 ro
293 2052 362 2107 maii
379 2050 457 2123 1905.
1224 2054 1285 2088 ”¹⁰²¹
1296 2042 1373 2098 ¹9⁰5)-

407 2182 410 2185 ,
429 2136 475 2191 Fr.
500 2133 701 2206 Hieronymus
715 2136 801 2190 Card.
820 2136 925 2205 Gorrr,
946 2137 1133 2209 Praefectus.

480 2238 482 2243 s
525 2218 672 2291 Aloysius
700 2218 817 2287 Verria,
837 2220 1034 2276 Secretart'us

539 2378 713 2431 Annorarto

109 2511 257 2568 Observes
277 2529 367 2584 quam
388 2499 732 2567 accurate·'secernantur
744 2511 809 2566 laus
834 2512 972 2581 instituti,
999 2512 1172 2586 approbatio

73 2583 339 2652 Constitutionum,
355 2583 504 2656 ipsiusque
520 2582 646 2637 Instituti
662 2583 847 2655 approbatio.

103 2875 206 2961 138.
230 2929 268 2938 -
293 2889 327 2958 s.
352 2889 500 2958 anuuit
525 2886 864 2958 cornetannovts
887 2887 927 2971 (a
951 2905 1026 2956 nov.
1051 2888 1152 2971 taos)

79 3055 296 3122 INDULTUM,
325 3060 382 3114 EX
409 3059 634 3115 AUDIBNTIA
663 3059 748 3124 ssmt,
779 3059 904 3113 VARIA
934 3058 1100 3126 MUTANS
1128 3058 1175 3112 IN

147 3203 152 3220 Ι
210 3138 473 3214 caneuunflto
493 3137 833 3193 GISTERGIENSIUM
851 3138 945 3192 Attr.
965 3137 1044 3191 OBS.

419 3290 564 3349 Ordinis
584 3291 833 3358 cisterciensis

117 3451 164 3508 Ad
179 3450 322 3505 maiorem
336 3447 567 3504 uniformitatem
580 3449 745 3504 habendam
756 3466 823 3503 curn
840 3448 1015 3503 Kalendario
1030 3448 1175 3505 Ecclesiae
1258 3472 1349 3518 0741„

84 3523 275 3588 Universalis
298 3521 371 3575 R¹nus
395 3521 427 3575 D.
451 3520 598 3575 Amedeus
621 3522 656 3575 de
680 3521 740 3589 uie,
764 3520 862 3575 Abbas
885 3520 1034 3575 Generalis
1056 3520 1175 3576 Ordinis
1229 3530 1305 3597 nette
1319 3533 1381 3596 pro·

82 3593 293 3651 Cisterciensis.
320 3591 441 3647 nomine
466 3608 584 3663 quoque
611 3591 738 3662 Capituli
767 3592 916 3646 Generalis
946 3608 1041 3663 nuper
1071 3593 1173 3660 coacti,
1232 3589 1381 3653 &sumt

82 3686 99 3721 a
113 3668 192 3722 SSm⁰
208 3663 336 3720 Domino
352 3665 459 3719 Nostro
486 3662 537 3716 Pio
562 3664 640 3734 Papa
656 3663 683 3716 X
697 3664 883 3734 insequentes
904 3663 977 3716 ritus
1001 3662 1176 3718 elevationes
1229 3643 1365 3692 ‘amam

83 3755 117 3793 ac
131 3737 306 3791 variationes
317 3735 347 3788 in
360 3734 568 3790 Kalendarium
578 3734 728 3803 ipsiusmet
739 3734 858 3788 Ordinis
872 3732 1059 3800 inducendas,
1072 3733 1176 3789 humil·
1251 3786 1253 3791 .

83 3809 164 3864 limis
176 3806 311 3874 precibus
324 3805 467 3875 expetivit,
480 3805 639 3859 nimirum:
799 3865 801 3869 ¹
1195 3816 1197 3819 ·

124 3893 151 3935 1⁰
172 3880 213 3935 Ut
225 3877 332 3934 festum
348 3876 539 3932 Sacratissitni
553 3875 656 3930 Cordis
673 3877 738 3931 Iesu
753 3877 790 3931 ad
802 3875 892 3930 ritum
905 3874 1052 3947 duplicem
1064 3875 1175 3948 primae

83 3951 184 4006 classis
207 3950 318 4022 absque
342 3947 450 4003 Octava
477 3947 614 4013 elevetur,
638 3947 821 4002 extendendo
846 3948 992 4018 integrum
1020 3947 1176 4002 Decretum
1281 4011 1285 4020 ι

84 4022 143 4079 diei
156 4023 192 4076 28
206 4021 279 4081 iunii
295 4018 362 4090 1889
372 4018 409 4073 ad
425 4018 604 4074 Breviariurn
619 4018 819 4074 Cisterciense.
839 4061 842 4065 .
1223 4009 1284 4070 jesu
1295 4009 1345 4077 53·

121 4106 152 4148 20
173 4093 214 4148 Ut
223 4091 331 4147 festum
340 4089 581 4145 Annuntiationis
596 4091 629 4146 B.
643 4089 684 4146 M.
699 4090 735 4145 V.
750 4088 888 4146 evehatur
902 4088 938 4151 ad
949 4088 1056 4161 duplex
1066 4088 1177 4159 primae
1231 4066 1393 4172 cmssfss’

58 4203 63 4210 ·
86 4164 184 4221 classis
207 4163 269 4218 sine
293 4161 410 4230 Octava,
434 4161 623 4217 recolendum
645 4177 705 4215 una
718 4161 879 4230 eademque
898 4160 944 4214 die
957 4175 1026 4215 cum
1049 4160 1177 4217 Ecclesia
1232 4184 1306 4230 tionis
1315 4182 1347 4229 Β,

86 4233 255 4302 universali,
270 4232 351 4288 iuxta
367 4234 522 4290 Decretum
532 4232 588 4288 diei
603 4232 635 4288 23
650 4231 751 4306 aprilis
767 4232 844 4305 1895.
1231 4240 1271 4288 Μ.
1288 4240 1324 4288 V:
