2959 4900
67 336 132 417 [48]
184 358 207 394 s.
225 358 250 392 c.
268 357 350 394 conc.
367 358 404 392 ns
419 357 561 393 tristanum
576 357 723 394 ottramnus
741 358 859 394 unctas.
878 363 943 405 1904,
961 352 1016 406 1905
1099 338 1156 400 137

102 491 131 559 b)
154 490 187 544 ln
209 487 334 543 dioecesi
349 490 378 543 S.
396 488 528 553 Deodati,
548 487 609 552 ubi,
630 505 665 542 ex
684 488 834 561 privilegio
852 488 1013 560 pontifici0,
1029 489 1157 564 episcopi

71 560 238 632 permittere
253 573 374 632 possunt
393 572 425 613 ut
438 577 491 632 pro
511 560 598 614 missa
611 560 768 615 binationis
788 560 946 631 accipiatur
968 561 1156 634 stipendium,

70 631 150 705 operi
165 631 214 703 pio
225 631 443 757 applicandum,
455 631 509 703 ipsi
520 631 717 686 sacerdotibus
727 630 940 686 celebrantibus
950 633 1051 687 cedere
1064 634 1159 688 solent

70 703 210 775 quicquid
222 721 243 757 u
256 715 299 757 tra
313 702 348 758 fr.
366 705 436 771 r,50,
451 719 505 774 pro
518 702 675 758 missarum
688 703 874 775 eleemosyna
886 703 1056 775 receperint.

103 797 168 866 Age
197 811 277 859 vero,
301 809 457 867 utramque
484 794 611 851 formam
636 794 810 868 improbavit
836 796 866 850 S.
892 795 1095 868 Congregatio.
1122 797 1159 850 Et

70 869 173 922 merito
199 867 329 935 quidem.
355 869 398 922 Ex
425 867 484 922 iam
512 866 562 920 diu
583 880 698 939 recepta
723 866 959 938 iurisprudentia,
982 881 1009 922 et
1032 879 1084 922 art.
1115 878 1159 921 110

71 937 176 994 decreti
193 939 235 993 Ut
246 938 354 1006 debita,
369 954 488 1010 prorsus
507 939 677 1010 prohibetur
696 939 855 1010 quominus
870 938 906 992 de
925 938 1023 992 oblata
1036 936 1159 993 eleemo-

71 1010 132 1065 sina
142 1008 303 1082 quicquam
313 1008 498 1077 detrahatur,
510 1021 538 1064 et
548 1009 674 1065 severius
684 1010 772 1065 etiarn
782 1010 878 1065 obstat
891 1010 921 1064 S.
934 1009 1015 1064 Sedis
1025 1008 1157 1076 vetitum,

72 1080 229 1206 quomdinus
251 1097 285 1134 ex
299 1080 393 1136 missis
406 1080 565 1137 binationis
577 1080 723 1154 privatum
745 1080 906 1155 percipiant
925 1080 1160 1136 emolumentum

74 1169 152 1207 sacer
173 1165 246 1207 otes.

106 1238 271 1301 Praeterea,
294 1248 327 1290 ut
350 1236 483 1290 observat
505 1235 566 1308 ipse
588 1235 831 1308 Congregationis
853 1235 1033 1303 secretarius,
1055 1252 1122 1307 pars
1144 1253 1160 1288 a

73 1306 206 1376 parochis
221 1306 456 1362 Bredanensibus
475 1318 597 1375 retenta,
611 1306 702 1362 nimia
717 1319 760 1362 est
772 1321 804 1362 ut
818 1307 950 1362 laborem
969 1305 1160 1361 nunti-ationis

73 1394 262 1450 compensare
281 1377 422 1433 videatur.
448 1379 531 1446 Quae
552 1391 651 1434 tamen
672 1377 829 1446 nuntiatio,
850 1390 952 1433 contra
970 1390 1058 1450 atque
1082 1376 1160 1432 idern

74 1449 219 1521 opinatur,
234 1465 288 1504 nec
313 1450 406 1504 otiosa
429 1467 483 1505 nec
502 1449 613 1504 inutilis
635 1462 687 1515 est,
703 1467 771 1504 cum
795 1467 845 1518 per
867 1467 931 1504 eam
954 1447 1160 1504 defunctorum

73 1521 212 1600 memoria
223 1519 333 1592 populo
347 1522 580 1589 commendetur,
592 1539 684 1594 eaque
694 1520 820 1576 familiae
834 1519 960 1576 defuncti
976 1519 1010 1574 sit
1024 1519 1161 1592 acceptis·

73 1608 149 1646 suna.

104 1683 228 1749 Verum,
252 1699 320 1737 cum
342 1683 497 1756 episcopus
520 1685 723 1749 BredanensiS,
747 1685 783 1738 ad
804 1683 947 1757 parochos
969 1683 1159 1750 excusandos,

78 1753 275 1808 necessitatem
296 1756 435 1826 arguebat
457 1754 653 1828 prospiciendi
668 1756 808 1811 honestae
821 1770 924 1811 eorum
946 1749 1160 1816 sustentationi,

78 1826 102 1878 S.
128 1826 326 1896 Congregatio
351 1825 516 1897 negativam
540 1826 762 1898 responsionem
787 1826 958 1898 temperavit
982 1825 1087 1893 verbis,
1111 1825 1162 1879 Ad

80 1906 210 1963 mentem,
235 1895 353 1968 quibus,
379 1910 411 1951 ut
438 1897 595 1953 verisimile
622 1911 674 1965 est,
702 1898 855 1953 meliorem
876 1897 1014 1953 indicavit
1038 1896 1161 1951 modum
1235 1963 1238 1969 .

79 1966 167 2022 eidem
180 1966 233 2020 fini
247 1967 431 2036 consulendi,
445 1986 472 2023 v.
485 1987 512 2040 g.
527 1986 578 2040 per
593 1968 775 2040 pontificiam
789 1969 1020 2025 concessionem.
1041 1967 1159 2036 Contra,

79 2054 159 2093 usum
172 2038 313 2094 dioecesis
327 2040 356 2095 S.
374 2040 496 2095 Deodati
509 2039 678 2113 simpliciter
691 2040 827 2096 abolevit.

109 2146 135 2198 9.
158 2127 302 2199 Denique,
323 2128 358 2182 de
377 2127 472 2184 missis
486 2128 746 2200 cappellaniarum,
761 2145 840 2184 mere
854 2126 1037 2184 confirmavit
1053 2126 1162 2180 claram

81 2197 180 2252 decreti
193 2197 427 2270 dispositionem,
447 2200 609 2255 secundum
628 2219 727 2272 quarn,
743 2199 917 2267 beneficiati,
938 2200 961 2254 si
983 2197 1085 2253 missas
1098 2195 1162 2251 aliis

80 2267 202 2324 tribuant
220 2269 418 2338 celebrandas,
442 2288 503 2326 non
526 2271 561 2326 ad
583 2272 737 2326 arbitrium
751 2289 838 2326 suurn
852 2270 1067 2341 eleemosynam
1080 2267 1162 2323 aesti-

81 2356 154 2394 mare
165 2343 288 2467 possint,
313 2343 362 2397 sed
376 2359 441 2397 earn
455 2343 523 2398 dare
537 2343 662 2398 debeant
675 2361 765 2414 quam
786 2341 907 2397 definiat
929 2339 1076 2414 synodalis
1097 2350 1163 2394 taxa

82 2408 134 2464 loci
144 2429 164 2467 u
184 2410 193 2466 i
207 2425 249 2469 est
265 2412 451 2470 beneficium.
665 2444 668 2448 ⁸

524 2576 562 2628 ll.
585 2574 716 2629 lnouurs

118 2716 192 2770 luvat
204 2716 294 2772 etiam
306 2716 407 2788 paucis
420 2717 548 2772 recolere
570 2718 676 2789 gratias
698 2718 839 2772 hactenus
859 2732 1020 2783 concessas,
1045 2728 1076 2769 ut
1095 2714 1163 2769 hinc

84 2786 158 2855 quid,
173 2786 279 2913 irpstam
292 2789 330 2842 ob
350 2804 478 2857 causam,
493 2806 510 2842 a
524 2790 554 2844 S.
570 2788 651 2844 Sedis
670 2788 848 2861 benignitate
868 2787 975 2860 sperari
989 2787 1079 2859 possit
1092 2786 1163 2841 into

82 2869 175 2913 rescat.
204 2872 302 2931 taque,

121 2960 139 2996 t.
159 2944 202 2999 Ne
227 2944 266 2999 ob
288 2943 368 3016 piam
390 2943 511 3015 quidem
534 2960 662 3011 causam,
689 2943 820 3016 permisit
846 2945 875 2998 S.
899 2942 1104 3015 Congregatio,
1131 2953 1165 2996 ut

84 3012 179 3068 missae
192 3014 438 3087 conquirerentur
453 3015 528 3069 ultra
551 3032 653 3070 earum
676 3032 834 3069 numerum
857 3032 929 3086 quas
944 3014 1091 3069 Ordinarii
1114 3030 1164 3084 per

85 3100 111 3136 se
131 3085 171 3140 vel
192 3104 242 3159 per
264 3086 396 3141 subditos
422 3098 554 3158 tempore
579 3086 677 3140 debito
699 3086 838 3141 celebrari
864 3098 999 3158 possent;
1023 3084 1165 3140 concessit

85 3167 192 3281 tantuml
212 3170 244 3211 ut
269 3171 373 3229 sponte
398 3157 512 3213 oblatae
538 3157 770 3212 admitterentur.
804 3157 1001 3229 (Responsum
1031 3157 1068 3210 ad
1097 3157 1162 3210 Soc.

88 3226 134 3280 SS.
148 3229 181 3281 Sa
195 3229 324 3299 satoris.)

119 3328 140 3363 2.
161 3312 260 3366 Eidem
286 3311 423 3367 Societati
446 3310 657 3382 aliquantisper
688 3309 761 3365 fines
783 3310 913 3365 dilatavit
935 3310 1057 3381 legitimi
1080 3308 1164 3381 spatii

89 3381 263 3438 celebrationi
276 3383 406 3438 concessi
421 3382 461 3436 itu
474 3398 516 3450 ut,
532 3382 657 3453 exceptis
680 3382 774 3437 missis
810 3400 915 3437 uarum
937 3399 1025 3437 causa
1038 3393 1162 3453 urgeret,

88 3463 192 3527 etquae
215 3454 312 3510 statim
333 3472 369 3509 ex
391 3454 585 3526 promissione
605 3465 700 3509 essent
711 3400 930 3525 perstiivendae,
954 3452 1027 3509 aliae
1046 3464 1164 3525 possent

90 3535 157 3577 intra
168 3536 222 3579 tres
235 3543 349 3581 menses
363 3524 429 3580 dici.
832 3533 837 3542 “

122 3606 146 3683 d.
165 3608 265 3664 Noluit
284 3611 314 3665 S.
330 3607 526 3680 Congregatio
549 3607 672 3663 eandem
692 3609 868 3664 Societatem
890 3608 1016 3663 eximere
1039 3626 1107 3663 cura
1129 3610 1164 3663 de

91 3677 177 3731 missis
189 3697 258 3751 quas
271 3679 391 3752 privatis
412 3679 608 3735 committeret
627 3679 826 3735 sacerdotibus
840 3679 1027 3735 celebrandas
1039 3702 1045 3748 ;
1062 3680 1163 3744 immo,

92 3761 150 3801 eam
161 3750 227 3805 dixit
238 3751 417 3823 obligatione
430 3768 491 3805 non
505 3751 634 3805 solutam
647 3752 703 3805 nisi
716 3769 768 3824 per
778 3751 999 3806 translationem
1013 3751 1118 3806 factam
1128 3752 1165 3807 ad

94 3816 247 3891 Superiores
260 3824 410 3895 generales
432 3822 579 3877 Ordinum
600 3821 644 3877 vel
667 3822 938 3895 Congregationum
950 3823 1163 3893 religiosarum,

93 3888 134 3967 vel
144 3892 177 3945 ad
189 3893 357 3949 Ordinarios
376 3893 573 3949 dioecesanos
589 3896 736 3961 Attamen,
753 3894 829 3949 dicta
842 3894 971 3949 Societas
993 3895 1036 3949 uti
1058 3895 1165 3965 poterit

94 3959 148 4040 alra·
159 3964 357 4091 declarapione,
381 3983 440 4037 qua
453 3981 556 4020 omnes
574 3965 698 4021 Praelati
711 3966 859 4037 regulares
873 3965 1034 4021 Ordinariis
1054 3966 1165 4021 dioece-

95 4045 162 4086 sanis
173 4038 265 4092 assimi
279 4050 377 4091 antu-r.

124 4133 147 4182 4.
168 4118 295 4175 Permisit
308 4120 435 4191 denique
448 4129 490 4188 ut,
504 4118 541 4172 ad
554 4118 618 4193 pios
640 4117 723 4189 fines,
738 4120 932 4176 retinerentur
955 4139 970 4175 2
983 4124 1022 4187 ⁰l0
1043 4136 1078 4175 ex
1097 4121 1165 4176 mis-

97 4196 182 4243 sarum
193 4190 350 4263 stipendiis.

737 4318 748 4341 0

471 4358 790 4367 ——-———-.-
