2959 4900
83 354 145 433 [38.
154 354 207 436 39]
224 379 244 412 s.
257 379 281 412 c.
291 378 334 413 aa.
344 377 379 414 ar
388 377 451 414 aaa.
462 370 578 415 nantas.
588 378 706 416 sinerax
715 380 793 418 eaor.
807 395 830 404 -
840 379 1116 418 cacuminantem.
1138 359 1176 421 99

122 512 203 570 Hinc
216 514 367 586 quaeritur
383 537 389 570 :

121 598 254 652 Durante
263 597 390 654 triennio
404 610 541 654 votorum
556 598 744 680 simplicium,
760 599 904 655 debentne
922 598 1041 656 Puellae
1056 609 1175 658 manere

81 668 113 722 in
121 668 237 724 ambitu
248 680 276 725 et
285 670 339 725 sub
350 669 503 744 disciplina
514 670 693 738 Novicratus,
701 670 775 727 sicut
785 687 868 728 verae
877 669 1024 738 Noviciae,
1033 669 1175 728 annivere

82 739 112 792 in
135 740 366 811 Communitate,
385 741 460 797 sicut
478 741 553 798 aliae
573 742 725 810 Moniales,
741 744 795 798 sub
816 741 962 798 exclusiva
981 741 1175 816 dependentia

82 811 302 886 Superiorissae
324 813 517 870 Monasteriil
537 813 567 869 Si
589 830 764 888 responsum
785 815 822 870 ad
849 826 901 870 2um
922 813 975 870 erit
994 813 1172 889 negativum,

82 883 206 939 humilis
219 896 318 940 orator
331 883 504 957 expostulat,
519 885 592 958 quid
603 895 632 941 et
645 887 789 959 quomodo
799 886 997 961 satagendum
1008 887 1018 941 l

120 968 160 1022 Et
177 967 256 1023 Deus
269 980 323 1024 etc.

119 1052 210 1107 Sacra
231 1052 425 1125 Congregatio
448 1055 557 1109 Eurorum
581 1065 608 1110 et
633 1055 777 1109 Revmorum
799 1055 830 1110 S.
857 1055 890 1109 R.
917 1055 951 1110 E.
974 1053 1174 1111 Cardinalium

83 1123 220 1196 Negotiis
231 1137 258 1178 et
267 1123 539 1180 Consultationibus
548 1124 764 1198 Episcoporum
773 1138 801 1180 et
810 1125 999 1198 Regularium
1009 1127 1175 1199 praeposita

83 1195 218 1268 exposito
230 1195 322 1251 dubio
334 1196 572 1270 respondendum
586 1196 699 1252 censuit
712 1208 799 1269 prout
811 1197 962 1270 respondit
974 1219 979 1253 :

118 1280 177 1336 Ad.
196 1281 218 1336 l.
234 1292 349 1354 partem
361 1281 522 1356 Negatire.

118 1364 176 1419 Ad.
195 1366 232 1420 ll.
249 1376 362 1438 partem
375 1367 400 1420 A
399 1364 576 1441 ffirmative.

120 1447 244 1515 Romae,
264 1448 530 1522 izoctobrisrpoa.
814 1520 838 1574 Α
871 1520 894 1575 C
929 1521 946 1575 d
978 1522 1004 1576 A

843 1563 849 1576 .
896 1538 957 1576 ar.
1006 1535 1137 1577 cainani.

809 1606 846 1660 P.
866 1605 1005 1672 Giustini,
1027 1606 1138 1663 Secret.
1185 1682 1188 1689 .

475 1770 700 1782 ..⁴..-.-.-.-..,.-.r
708 1777 792 1782 ——-.-

368 1905 438 1990 39.
468 1961 507 1967 -
537 1919 750 1990 neseonsn
778 1918 894 1989 tants

191 2102 245 2161 Da
264 2103 567 2160 confessariorum
591 2104 741 2176 penuria
764 2103 857 2175 apud
877 2103 1067 2174 religiosos

125 2277 243 2334 Oerae
260 2279 391 2352 pretium
418 2279 534 2334 ridetur
561 2279 663 2334 varias
685 2279 733 2332 hic
760 2278 943 2350 coniungere
970 2277 1174 2358 responsiones

89 2349 138 2420 qai
156 2366 189 2406 us
203 2367 287 2406 mens
299 2351 470 2406 ostendatur
482 2353 513 2406 S.
529 2351 614 2406 Sedis
633 2351 669 2406 de
681 2348 897 2405 sacramentali
917 2348 1121 2404 iurisdictione
1136 2349 1176 2404 ud

90 2420 279 2478 absolvendos
295 2422 454 2498 religiosos
467 2433 496 2479 et
507 2422 675 2498 regulares.

126 2506 148 2558 l.
168 2506 349 2580 Responsum
365 2508 397 2562 S.
415 2507 528 2581 Congr.
549 2506 765 2580 Episcoporum
786 2516 813 2561 et
831 2503 1033 2585 Regularium
1054 2507 1091 2587 ,σᾷ
1102 2516 1174 2579 sept.

91 2577 481 2720 {Rppapiengpungregatione
502 2595 635 2633 excurri
658 2576 909 2651 Presbyterorum
934 2575 1099 2645 Misszonzs,
1125 2594 1175 2634 seu

126 2753 141 2781 u
167 2734 287 2807 Absque
316 2734 431 2791 licentia
461 2735 624 2808 Superioris
652 2734 819 2790 membrum
845 2732 1088 2805 congregationis
1107 2750 1176 2788 con-

92 2800 243 2863 sessionem
267 2806 509 2863 sacramentalem
535 2806 630 2861 valide
658 2823 718 2859 non
747 2804 858 2877 peragit
887 2804 965 2877 apud
994 2803 1174 2860 sacerdotem

93 2888 242 2934 externum
271 2879 477 2952 approbatum,
512 2880 581 2934 dum
602 2876 703 2953 facile
733 2876 844 2932 habere
865 2876 960 2949 possit
989 2876 1173 2933 sacerdotem

96 2946 312 3019 Confessarium
327 2950 417 3007 etiam
432 2950 462 3005 in
478 2949 733 3025 Congregatione.
750 2970 766 3000 n

130 3034 165 3088 ll.
186 3036 368 3109 Responsum
382 3036 413 3090 S.
429 3034 698 3103 Paenitentiariae,
714 3051 749 3103 14
763 3032 837 3088 maii
850 3047 921 3101 1902
935 3031 954 3085 ¹.

129 3136 146 3165 u
163 3118 205 3172 Ad
230 3121 251 3173 l.
273 3118 304 3173 Si
327 3118 468 3192 Superior
486 3119 591 3173 domus
610 3118 719 3190 aliique
743 3115 912 3173 confessarii
930 3126 991 3169 tam
1010 3114 1061 3169 diu
1081 3114 1176 3171 absint

96 3186 192 3243 saltem
212 3206 262 3262 per
285 3207 379 3245 unum
399 3189 477 3245 diem
495 3204 528 3245 ut
553 3208 638 3263 grave
660 3192 697 3244 sit
719 3188 856 3261 religioso
880 3185 1038 3259 paenitenti
1057 3197 1119 3243 toto
1140 3204 1174 3243 eo

96 3268 219 3332 tempore
233 3278 331 3318 carere
350 3261 534 3317 absolutione
556 3260 769 3327 sacramentali,
787 3259 810 3315 is
829 3258 906 3315 licite
926 3270 954 3313 et
972 3257 1067 3314 valide
1081 3259 1174 3315 absol-

97 3330 167 3385 vitur
179 3334 213 3388 ab
225 3346 363 3389 extraneo
378 3332 557 3390 confessario
570 3334 688 3401 idoneo,
704 3333 733 3388 h.
750 3351 775 3387 e.
789 3331 965 3405 approbato.
981 3352 996 3381 u

132 3415 182 3472 lll.
200 3419 382 3493 Responsum
396 3419 433 3473 R.
448 3428 477 3473 et
492 3418 521 3473 U
523 3460 529 3473 .
544 3416 750 3491 Inquisitionis
764 3418 784 3471 2.

133 3500 211 3558 Edito
225 3504 341 3559 decreto
350 3504 380 3559 S.
391 3504 426 3559 R.
444 3514 472 3557 et
485 3502 524 3559 U.
536 3500 736 3574 lnquisitionis
751 3500 816 3573 1899
829 3501 850 3567 ³,
867 3514 926 3571 quo
937 3497 1135 3553 monebantur
1145 3497 1174 3551 in

99 3569 174 3627 Urbe
184 3575 393 3647 Religiosarum
403 3573 667 3640 Communitatum,
680 3570 914 3643 Seminariorum
929 3579 957 3625 et
974 3568 1175 3641 Collegiorum

99 3643 268 3767 Superiores,
283 3663 330 3716 ne,
352 3660 471 3727 excepto
491 3645 592 3717 aliquo
611 3663 677 3701 raro
696 3660 775 3714 casu,
791 3659 914 3698 suorum
932 3640 1122 3697 alumnorum
1144 3641 1174 3696 in

1256 524 1386 570 nablum.

1229 615 1389 793 ‚iiiut-ipit?

1230 731 1286 778 citer
1298 733 1342 790 pto
1354 745 1388 778 es-

1229 801 1318 836 sarum.

1257 2298 1331 2344 Ratio

1228 2353 1353 2404 scribendi.

1246 2510 1388 2571 Responsum

1228 2568 1255 2617 de
1269 2569 1358 2627 Congr.

1229 2630 1341 2687 exempta.

1246 3044 1387 3107 Responsum

1229 3098 1387 3208 ppplegulnrr·

1237 3433 1387 3491 Responsum

1229 3489 1255 3536 de
1273 3489 1387 3537 Institulo

1229 3552 1334 3596 votorum

1228 3604 1376 3665 simplicium.

99 3730 130 3766 ea
152 3732 192 3771 em
209 3719 297 3775 domo
320 3730 504 3773 manentmm
528 3715 758 3773 sacramentales
778 3713 984 3770 Confessiones
999 3712 1173 3785 exciperent,
1258 3742 1260 3746 ·

100 3787 263 3863 interrogata
283 3802 324 3846 est
345 3791 374 3845 S.
393 3791 427 3845 R.
449 3802 477 3845 et
497 3791 535 3844 U.
558 3788 712 3861 Inquisitio
734 3787 771 3843 ab
789 3785 891 3867 aliquo
905 3784 1061 3865 Superiore
1075 3796 1174 3840 utrum

99 3859 194 3916 saltem
210 3863 232 3918 si
251 3861 380 3935 quando,
401 3860 482 3916 utin
501 3860 689 3917 missionibus
708 3858 753 3915 vel
774 3854 1076 3925 dom1bus1nchoatrs,
1098 3872 1175 3911 unus

100 3940 205 3987 tantum
224 3934 267 3989 vel
290 3933 351 3988 duo
374 3933 537 3989 sacerdotes
561 3933 656 3988 forent
679 3931 709 3986 in
731 3931 831 4000 domo,
856 3944 983 4001 quorum
1005 3927 1077 3983 alter
1102 3941 1175 3983 esset

131 4156 251 4207 ¹Affertur
259 4166 345 4208 totum
354 4160 424 4208 inter
432 4159 595 4216 Monummta,
605 4173 633 4206 n.
643 4166 712 4222 234,
721 4172 749 4217 p.
763 4164 814 4214 642.
831 4156 928 4217 Agitur
939 4155 973 4203 de
982 4150 1173 4215 Regularibus.

130 4225 142 4256 ‘2
156 4221 287 4274 Afferimus
301 4240 334 4275 ex
348 4229 407 4275 Ant
417 4239 456 4273 uu
471 4227 588 4282 caraea,
603 4231 629 4273 15
640 4231 719 4273 mart.
733 4230 799 4282 1903,
811 4222 859 4271 sed
875 4220 1022 4270 dolendum
1037 4218 1110 4281 quod
1126 4233 1175 4267 nos

104 4289 186 4335 latent
193 4290 246 4338 dies
254 4297 280 4339 et
290 4298 397 4341 caetera
408 4290 541 4353 quaesita.
906 4314 909 4321 ·

130 4355 143 4387 3
158 4351 206 4403 Cir.
217 4356 374 4416 Monnmmta,
386 4372 413 4407 n.
427 4364 496 4421 232,
509 4372 536 4419 p.
548 4366 600 4407 638.
932 4431 948 4469 ἱ
