2959 4900
307 286 348 349 56
760 306 942 343 uouuuarvra

304 439 411 512 grazia.
425 471 461 480 —
475 438 645 495 lstituzione
667 438 767 494 divina
787 440 833 495 dei
858 440 1048 496 Sacramenti.
1064 473 1100 483 —
1116 442 1158 497 La
1173 442 1387 497 transustanzia·

302 510 397 567 zione'.
410 542 446 551 ψ
462 511 505 567 La
518 511 607 567 Saura
624 510 719 566 Messa
737 513 753 566 e
766 528 835 567 vero
855 510 1004 569 Sacrificio
1018 513 1143 568 salutare
1158 513 1232 584 peri
1248 512 1306 567 vivi
1318 530 1333 567 e
1345 530 1388 585 per

303 581 426 637 imorti.
440 613 476 623 -
491 582 534 637 La
555 581 740 638 confessione
762 582 925 639 auricolare
944 585 960 639 ὲ
978 583 1139 639 necessaria
1160 600 1213 656 per
1232 582 1254 638 il
1268 584 1387 657 perdono

303 653 350 709 dei
376 653 486 725 peccati
512 652 667 709 commessi
691 654 772 725 dopo
798 653 819 709 il
842 655 1001 711 Eattesimo
1023 656 1059 710 ed
1083 657 1099 711 e
1124 667 1197 711 stata
1226 672 1340 729 sempre
1362 656 1386 710 in

302 741 358 780 uso
372 724 450 781 nella
462 724 576 780 Chiesa.
590 755 626 765 -
641 726 683 780 Le
696 725 881 797 indulgenze.
897 758 932 767 -
948 728 1074 782 Essenza
1087 744 1103 783 e
1116 726 1212 799 specie
1227 726 1337 782 diverse
1347 727 1387 783 del

302 809 422 869 peccato
436 812 452 851 e
466 795 633 851 condizioni
646 795 780 851 richieste
794 814 810 851 a
822 814 942 869 peccare
954 798 1171 854 mortalmente.
1187 829 1225 838 —
1239 798 1387 853 Occasioni

302 867 349 924 del
359 879 480 939 peccato
492 884 508 922 e
520 867 640 938 obbligo
649 867 679 921 di
689 867 803 939 fugirle.
816 900 851 909 -
861 863 1000 941 Obblighi
1014 869 1043 923 di
1053 869 1187 939 giustizia
1197 886 1214 925 e
1223 868 1354 941 obblighi
1363 870 1387 924 di

301 939 392 994 carita
404 955 488 995 verso
507 937 528 992 il
542 938 698 1009 prossimo.
713 971 748 979 —
765 938 870 995 Diritto
884 940 914 994 di
929 940 1086 1021 proprieta.
1097 972 1134 981 —
1150 941 1192 995 La
1207 940 1387 996 restituzione

302 1010 464 1068 dell'onore
476 1026 492 1065 e
502 1009 578 1064 della
591 1009 675 1065 roba.
688 1042 723 1048 —-
738 1012 773 1065 In
788 1010 841 1065 che
854 1022 980 1067 cons1ste
995 1012 1132 1067 l’essenzu
1142 1012 1188 1067 del
1204 1012 1387 1067 Matrimonio

301 1080 346 1136 fra
366 1081 505 1137 cristiani.
521 1114 556 1120 -
572 1082 614 1136 La
634 1081 740 1137 Chiesa
752 1082 887 1137 cattolica
906 1085 1039 1139 Romana
1059 1084 1119 1139 ela
1132 1083 1195 1139 sola
1208 1100 1279 1139 vera
1292 1084 1386 1139 Chiesa

302 1152 429 1208 stabilita
444 1153 481 1207 da
493 1151 572 1208 Gesir
587 1151 693 1208 Cristo.
709 1183 746 1193 —
767 1153 897 1209 Primato
912 1154 941 1209 di
961 1155 1126 1211 universale
1139 1154 1345 1227 giurisdizione
1356 1156 1385 1210 ed

301 1222 479 1280 infallibilitd
497 1222 664 1279 dottrinale.
677 1254 713 1264 -
729 1223 836 1279 Diritto
859 1225 904 1281 del
929 1227 1006 1297 Papa
1020 1225 1049 1279 di
1064 1226 1188 1298 dirigere
1200 1226 1221 1281 il
1234 1226 1385 1299 pensieroe

302 1294 424 1350 l’azione
437 1294 483 1350 dei
496 1294 624 1351 cattolici
636 1294 713 1351 nelle
725 1295 873 1361 questioni
885 1296 995 1352 sociali.
1007 1328 1042 1337 -
1059 1296 1177 1353 Liberta
1191 1297 1221 1351 di
1234 1297 1382 1353 coscienza.

300 1398 336 1407 -
353 1366 469 1422 Liberta
482 1366 511 1422 di
526 1378 648 1439 stampe.
665 1398 701 1408 -
719 1366 894 1423 Tolleranza
915 1368 1000 1424 civile
1022 1385 1037 1424 e
1060 1367 1206 1441 religiosa.
1228 1402 1264 1413 —
1289 1369 1383 1424 Diritto

301 1438 331 1492 di
355 1437 559 1493 associazione.
588 1470 623 1479 -
649 1439 659 1491 Ι
686 1438 806 1510 precetti
831 1438 907 1494 della
933 1439 1048 1498 Chiesa.
1071 1472 1105 1479 —-
1135 1441 1176 1495 Le
1200 1456 1331 1496 censure.
1354 1471 1383 1480 -
1445 1460 1446 1465 ¹

304 1508 458 1634 Preagliriqqa
473 1509 580 1565 eculto
593 1510 639 1565 dei
653 1509 745 1567 Santi.
762 1542 797 1550 -
817 1508 841 1564 ll
857 1511 1040 1588 Purgatorio.
1055 1544 1090 1551 --
1113 1510 1261 1567 L'inferno
1275 1511 1382 1568 el’eter·
1445 1510 1446 1515 ’

301 1592 345 1635 nrt
397 1596 413 1635 e
437 1596 553 1655 epene.

301 1700 473 1756 Sommario
485 1716 544 1774 per
563 1699 683 1756 l'esame
701 1700 733 1755 di
752 1679 872 1774 noqiriiri
888 1700 1108 1768 fondamentali
1127 1700 1158 1755 di
1171 1690 1202 1757 S.
1218 1702 1380 1776 Eloquenqa

338 1811 452 1865 Natura
464 1808 593 1882 propria,
608 1808 677 1875 fine,
692 1808 792 1877 mezzi,
813 1808 887 1865 sonti
902 1808 968 1864 dell’
987 1810 1148 1882 eloquenza
1171 1826 1253 1865 sacra
1274 1826 1290 1864 e
1307 1826 1381 1865 come

301 1879 446 1936 differisca
459 1880 536 1936 dalla
548 1880 680 1952 prolana.
700 1912 736 1919 —
759 1880 877 1949 Qualita
898 1880 1032 1936 richieste
1046 1882 1093 1937 nel
1106 1879 1289 1961 predicatore
1303 1897 1350 1953 per
1360 1880 1380 1933 le

300 1952 376 2023 leggi
390 1951 487 2007 divine
506 1952 541 2007 ed
553 1950 776 2022 ecclesiastiche,
797 1954 825 2007 la
839 1951 989 2007 sublimita
1004 1952 1050 2007 del
1074 1951 1236 2017 mrnistero,
1262 1953 1282 2007 il
1304 1952 1381 2006 frutto

299 2023 376 2079 delle
388 2024 495 2081 anime.
511 2056 547 2062 —
563 2022 714 2078 Differenti
729 2023 824 2095 specie
844 2025 873 2077 di
888 2022 1089 2096 predicazione
1104 2040 1120 2079 e
1140 2024 1221 2079 modi
1236 2021 1378 2097 propriidi

299 2094 444 2150 ciascuna.
465 2127 501 2135 -
523 2092 622 2149 Difetti
634 2094 789 2167 principali
805 2095 841 2149 da
856 2095 971 2150 evitarsi
990 2096 1069 2152 nella
1082 2095 1171 2150 scelta
1185 2094 1233 2149 dei
1247 2094 1326 2164 remi,
1340 2092 1379 2147 nel

300 2166 390 2221 modo
403 2167 432 2220 di
445 2166 562 2239 esporli,
574 2164 651 2222 nella
661 2165 757 2220 forma
766 2166 812 2221 del
823 2165 894 2234 dire,
905 2166 983 2222 nella
991 2166 1177 2233 recitazione,
1189 2165 1238 2221 nel
1247 2177 1379 2237 oontegno

299 2238 346 2293 del
360 2237 552 2310 predicatore.
572 2269 608 2276 -
630 2236 667 2292 Se
681 2253 697 2291 e
710 2252 795 2292 come
809 2254 935 2311 possano
948 2236 1073 2293 trattarsi
1084 2236 1237 2362 1questioni
1252 2235 1381 2311 politiche

300 2308 347 2363 dal
375 2325 457 2363 sacro
484 2321 611 2363 oratore.
636 2339 673 2348 —
696 2308 784 2375 Quali
808 2306 956 2433 questioni
981 2308 1081 2364 scienti
1105 2308 1158 2363 che
1182 2325 1200 2363 o
1221 2307 1380 2383 scolastiche

299 2396 427 2453 possano
454 2391 551 2434 trovar
577 2378 627 2433 luo
648 2396 666 2434 o
690 2378 721 2433 in
743 2397 785 2434 un
831 2379 939 2435 iscorso
963 2395 1056 2435 sacr0.
1085 2408 1119 2419 —-
1147 2378 1235 2447 Quali
1258 2390 1380 2434 caratten

300 2453 415 2507 devono'
427 2462 593 2525 presentare
605 2449 614 2505 i
624 2396 686 2506 fini
702 2450 755 2508 che
765 2452 789 2507 si
798 2452 938 2525 vogliono
953 2468 1073 2508 narrare
1085 2450 1113 2505 al
1126 2449 1246 2524 popolo

299 2625 537 2674 sacramentorum
554 2620 698 2670 institutio.
710 2649 739 2656 -
749 2619 1041 2672 TranssubstantiatiO.
1054 2649 1082 2656 —
1093 2623 1178 2670 Sacra
1193 2620 1281 2670 Missa
1296 2630 1379 2690 verum

300 2698 339 2738 est
350 2688 522 2739 Sacrificium
532 2689 653 2745 salutare
670 2701 722 2747 pro
740 2687 812 2735 vivis
829 2693 857 2735 et
874 2686 1019 2735 defunctis.
1036 2715 1064 2722 —
1075 2687 1216 2736 Confessio
1227 2686 1379 2736 auriculans

299 2763 340 2804 est
359 2754 514 2804 necessaria
531 2753 567 2802 ad
585 2754 773 2802 remissionem
790 2758 967 2813 peccatorum
985 2754 1193 2802 commissorum
1210 2759 1272 2812 post
1286 2749 1378 2810 baptis·
1444 2809 1445 2818 ἵ

299 2837 383 2878 mum,
394 2834 556 2881 semperque
567 2819 653 2880 viguit
661 2821 690 2868 in
698 2821 832 2868 Ecclesia.
843 2846 872 2854 -
881 2819 1078 2879 Indulgentiae.
1087 2847 1115 2856 -
1123 2819 1250 2868 Essentia
1260 2824 1287 2867 et
1296 2816 1379 2866 variae

299 2890 404 2948 species
420 2894 598 2947 peccatorum
617 2891 645 2933 et
664 2886 841 2934 condiciones
861 2885 1032 2934 necessariae
1052 2900 1102 2946 pro
1122 2886 1230 2935 mortali
1251 2887 1377 2954 culpa..-

300 2955 465 3004 Occasiones
475 2953 592 3014 peccati,
604 2952 736 3013 obligatio
748 2967 795 3000 eas
805 2952 940 3013 fugiendi.
952 2955 1038 3001 -Ius
1053 2953 1239 3013 proprietatis.
1254 2980 1282 2987 -
1299 2952 1377 3020 Restrf

299 3023 370 3070 tutio
385 3021 497 3070 honoris
517 3027 544 3068 et
563 3019 656 3067 damni
678 3019 706 3066 in
722 3018 813 3067 bonis.
825 3046 854 3054 -
869 3019 1011 3080 Quaenam
1026 3019 1061 3068 sit
1080 3020 1198 3068 essentia
1218 3017 1375 3067 Matrimonu

299 3090 370 3137 inter
380 3087 552 3137 christianos.
564 3113 593 3120 -
604 3087 729 3135 Ecclesia
748 3084 885 3134 catholica
900 3087 1026 3134 Romana
1040 3088 1095 3135 sola
1105 3093 1145 3135 est
1155 3100 1220 3135 vera
1231 3083 1349 3134 Ecclesia
1362 3092 1376 3127 a

298 3153 408 3205 Christo
423 3153 547 3202 lundata.
569 3179 596 3187 —
615 3152 755 3201 Primatus
773 3151 973 3200 iurisdictionis
990 3152 1150 3201 universalis
1160 3161 1188 3201 et
1205 3149 1376 3201 infallibilitas

298 3219 466 3269 doctrinalis.
483 3247 512 3254 -
528 3221 574 3267 Ius
586 3220 679 3278 Papae
690 3217 825 3279 dirigendi
838 3224 956 3266 mentem
967 3223 994 3265 et
1003 3219 1140 3267 actionem
1149 3218 1343 3267 catholicorum
1352 3214 1376 3261 in

297 3285 504 3347 quaestionibus
513 3284 670 3333 socialibus.
683 3313 712 3320 -
722 3283 851 3333 Libertas
865 3283 1058 3332 conscientiae.
1076 3313 1105 3320 -
1119 3284 1247 3333 Libertas
1264 3283 1337 3343 preli.
1352 3305 1376 3314 -

298 3353 456 3403 Tolerantia
470 3351 561 3400 civilis
578 3359 605 3400 et
621 3351 757 3410 religiosa.
768 3379 796 3386 -
807 3352 854 3398 Ius
865 3349 1063 3401 associationis.
1083 3379 1110 3387 —
1126 3353 1277 3411 Praecepta
1292 3348 1376 3397 Eccle-

297 3420 364 3469 siae.
380 3446 409 3455 -
425 3420 573 3468 censurae.
591 3445 620 3454 -
638 3418 735 3466 Oratio
753 3423 782 3465 et
799 3419 891 3465 cultus
907 3418 1079 3468 Sanctorum.
1098 3447 1126 3454 -
1145 3417 1376 3479 purgatorium.—

298 3486 424 3535 Inlernus
434 3490 462 3533 et
471 3497 577 3545 poenae
587 3489 722 3533 aeternae.

346 3594 511 3642 Semelam
526 3592 559 3641 ad
573 3605 670 3640 examen
685 3590 712 3639 de
726 3594 863 3642 notionibus
873 3593 1091 3654 fundamentalibus
1105 3594 1245 3654 eloquentiae
1258 3606 1335 3640 sacrae

326 3695 433 3743 Natura
449 3691 570 3751 propria,
590 3689 662 3746 finis,
681 3690 782 3746 media,
802 3690 890 3738 fontes
909 3692 1081 3752 eloquentiae
1095 3705 1190 3740 sacrae
1205 3696 1232 3738 et
1249 3685 1376 3751 quomodo
1443 3709 1444 3734 l

297 3760 404 3811 differat
423 3757 460 3807 ab
475 3756 632 3818 eloquentia
652 3757 775 3815 profana.
796 3783 825 3792 —
844 3757 998 3818 Qualitates
1020 3755 1201 3806 contionatori
1217 3752 1375 3804 necessariae

296 3825 445 3888 perspectis
455 3823 556 3872 divinis
567 3829 594 3870 et
604 3822 798 3871 ecclesiasticis
813 3822 930 3882 legibus,
947 3823 1090 3872 ministerii
1107 3820 1282 3878 sublimitate,
1295 3821 1374 3891 fructu

296 3894 459 3943 animarum.
472 3916 500 3925 -
510 3889 612 3938 Variae
629 3889 735 3949 species
745 3889 985 3949 praedicationum
995 3897 1022 3939 et
1037 3889 1141 3950 proprii
1153 3888 1273 3937 cuiusvis
1283 3895 1372 3946 speciei

296 3958 380 4008 modi.
397 3985 425 3992 —
445 3957 573 4005 Defectus
590 3955 732 4014 praecipui
752 3954 857 4003 vitandi
876 3955 905 4004 in
923 3956 1069 4005 selectione
1086 3953 1248 4015 argumenti,
1260 3953 1288 4001 in
1302 3947 1374 3999 modo

296 4038 351 4087 quo
361 4022 515 4083 exponitur,
532 4021 561 4069 in
579 4020 666 4070 forma
676 4021 819 4078 orationis,
832 4022 860 4069 in
871 4023 1042 4079 recitatione,
1059 4021 1088 4070 in
1103 4020 1201 4071 habitu
1217 4018 1372 4088 contionato-

295 4091 342 4141 ris.
362 4117 390 4125 —
409 4090 562 4136 Possuntne
577 4094 604 4136 et
619 4101 674 4148 qua
684 4088 791 4136 ratione
801 4088 914 4136 tractari
926 4089 1099 4150 quaestiones
1114 4087 1243 4147 politicae
1254 4099 1270 4134 a
1280 4087 1373 4155 contro-

295 4162 390 4206 natore
407 4169 495 4204 sacro.
515 4183 544 4190 -
563 4153 736 4217 Quibusnam
755 4154 965 4215 quaestionibus
982 4154 1142 4205 scientificis
1155 4155 1199 4202 vel
1217 4151 1373 4201 scholasticis

295 4225 372 4271 locus
382 4235 441 4270 esse
448 4221 534 4280 possit
542 4220 571 4270 in
581 4221 705 4269 oratione
714 4234 803 4270 sacra.
813 4221 989 4282 —Quasnam
1001 4228 1080 4271 notas
1090 4220 1192 4270 habere
1203 4217 1300 4269 debent
1309 4215 1373 4264 facta

296 4301 367 4348 quae
375 4287 437 4348 quis
447 4290 549 4347 populo
559 4300 671 4336 narrare
682 4286 760 4335 velit.
840 4306 843 4314 ·
