2959 4900
330 318 390 383 132
572 406 574 413 y
778 342 960 379 uouuururs

329 474 366 531 V.
382 474 588 549 Rescriptum.¹
602 485 639 545 27
646 474 725 547 febr.
738 475 813 545 1905
823 475 864 530 ad
875 474 1151 551 Congregationem
1160 474 1292 549 Spiritus
1301 471 1400 529 Sancti.

366 570 507 698 Sssffieffm
527 569 679 628 Generalis
701 569 945 644 Congregationis
963 590 981 627 a
1002 571 1115 645 Spiritu
1136 572 1247 628 Sancto
1267 567 1401 625 humiliter

331 659 384 717 pos
429 659 446 698 a
473 663 480 699 τ

367 741 390 795 l.
405 740 453 795 An
474 738 511 794 ad
530 750 583 794 art.
604 757 621 811 7
636 738 751 795 Decreti
769 738 817 795 De
833 737 1044 807 observandis,
1059 736 1117 796 diei
1133 758 1160 795 11
1178 738 1250 795 maii
1267 755 1340 812 1904,
1358 735 1401 790 sub

329 810 451 867 nomine
464 809 691 866 ordinariorum
702 809 822 866 veniant
837 828 957 884 quoque
973 810 1097 867 Praelati
1113 810 1274 884 Regulares
1286 826 1337 884 pro
1354 806 1402 862 suis

329 881 496 957 respectivis
509 880 650 937 subditisl

367 979 406 1035 ll.
420 978 468 1034 An
483 976 621 1052 Episcopi
634 976 800 1033 dioecesani
814 990 842 1034 et
865 977 990 1034 Praelati
1005 977 1174 1052 Regulam,
1195 976 1248 1049 qui
1270 974 1332 1031 aliis
1350 972 1402 1098 Epi·

330 1048 424 1123 scopis
437 1066 489 1106 seu
504 1047 642 1105 Praelatis
664 1049 855 1122 Regularibus
873 1049 975 1105 missas
994 1066 1062 1106 cum
1075 1066 1129 1105 sua
1145 1049 1333 1121 eleemosyna
1343 1061 1372 1101 ce
1395 1073 1402 1083 ·

330 1121 456 1177 brandas
467 1119 650 1189 tradiderint,
663 1119 701 1176 ab
719 1120 803 1177 omni
824 1120 886 1177 obli
907 1120 1005 1177 atione
1026 1138 1127 1178 coram
1151 1122 1214 1176 Deo
1238 1133 1267 1176 et
1290 1114 1403 1175 Ecclesia

330 1191 449 1249 relevati
462 1203 653 1261 censeantur;
677 1209 714 1247 an
737 1192 835 1264 potius
856 1139 1035 1264 obligatione
1057 1204 1214 1250 teneantur
1233 1188 1403 1264 usquedum

329 1276 463 1337 peractae
477 1262 683 1320 celebrationis
696 1261 786 1319 fidem
801 1263 860 1319 sint
873 1263 1008 1321 assecuti.

704 1358 757 1415 Die
772 1378 805 1431 27
820 1357 958 1415 februarii
975 1361 1040 1433 1905

366 1456 396 1513 S.
420 1453 617 1528 Congregatio
639 1454 764 1511 Consilii
785 1453 950 1511 Tridentini
975 1458 1121 1529 Interpres
1143 1453 1304 1529 propositis
1322 1448 1403 1506 dubiis

330 1527 369 1606 ita
382 1526 622 1603 respondendum
635 1526 767 1584 censuit:
787 1596 788 1600 Ἰ

363 1624 410 1680 Ad
425 1624 449 1679 Ι.
463 1624 489 1679 A
487 1621 665 1699 ffirmative.

364 1719 410 1776 Ad
425 1719 463 1775 11.
478 1721 503 1775 A
503 1717 670 1794 ffirmative
691 1718 728 1773 ad
747 1717 874 1791 primam
892 1730 1024 1792 partem3
1048 1719 1182 1793 negative
1195 1720 1234 1775 ad
1247 1716 1402 1775 secundam.

612 1814 924 1877 †V1ucrur1usCard.
942 1815 996 1888 Ep.
1014 1816 1177 1885 Praenest.,
1192 1814 1374 1887 Praefectus.

820 1908 983 1968 Caietanus
996 1910 1045 1967 De
1057 1911 1128 1982 Lai,
1144 1910 1342 1967 Secretarius.

362 2032 414 2089 Vl.
429 2030 616 2105 Rescriptum
630 2032 641 2067 ²
653 2042 691 2101 27
698 2030 777 2101 febr.
792 2030 834 2085 ad
845 2030 1024 2088 Societatem
1038 2032 1093 2088 SS.
1108 2030 1281 2088 Salvatoris
1293 2035 1315 2085 ³.

365 2129 451 2183 Pater
464 2125 635 2183 Pancratius
649 2124 778 2195 Pfeiffer,
795 2127 972 2182 Procurator
984 2126 1135 2183 Generalis
1150 2125 1306 2183 Societatis
1319 2120 1403 2179 Divini

328 2198 495 2280 Salvatoris,
523 2198 560 2253 ad
586 2196 673 2270 pedes
702 2195 868 2253 Sanctitatis
892 2198 1013 2255 Vestrae
1043 2197 1218 2271 provolutus
1251 2194 1403 2252 humillime

327 2282 455 2344 expomt.

143 2381 263 2431 Pristinus
363 2364 493 2421 Societas
517 2362 614 2419 Divini
628 2364 787 2419 Salvatoris
808 2364 967 2438 quotannis
981 2381 1124 2437 magnum
1136 2381 1298 2420 numerum
1316 2357 1404 2432 recipit

111 2440 239 2546 ttqtositt's
328 2437 357 2494 S.
376 2436 535 2493 Missarum
553 2435 660 2509 quibus
679 2434 688 2491 i
710 2453 811 2510 saper
832 2454 901 2493 suos
914 2436 1080 2493 sacerdotes
1098 2435 1302 2511 persolvendis
1324 2434 1404 2506 impar

115 2500 154 2567 ln*
164 2499 220 2545 “²²³⁸
328 2525 389 2565 esse
402 2508 486 2564 solet.
504 2509 666 2579 Hucusque
701 2507 809 2564 ocietas
822 2507 973 2564 fruebatur
985 2508 1138 2589 privilegio
1153 2525 1216 2580 quo
1231 2502 1403 2580 obligationi·

113 2558 195 2662 2222?
213 2568 273 2659 θῖν’
327 2581 382 2636 bus
401 2578 557 2634 missarum
578 2577 847 2651 persolvendarum,
868 2579 993 2654 exceptis
1014 2580 1110 2636 missis
1129 2578 1314 2651 urgentibus,
1342 2574 1404 2632 infra
1445 2600 1446 2609 κ

112 2648 258 2720 swam.
327 2668 377 2707 sex
391 2667 506 2709 menses
520 2649 682 2706 satisfacere
699 2663 814 2723 posset;
856 2667 909 2706 uas
921 2667 990 2706 vero
1030 2668 1061 2707 er
1080 2666 1150 2707 suos
1164 2651 1331 2706 sacerdotes
1343 2646 1404 2703 cele·

328 2723 412 2778 brare
427 2738 489 2776 non
501 2732 624 2794 poterat,
636 2737 684 2776 eas
693 2722 808 2777 tradere
821 2722 845 2777 si
867 2721 876 2776 i
890 2721 989 2778 liceret
1002 2669 1034 2778 S)
1046 2722 1080 2778 C.
1094 2721 1281 2779 Visitationis
1294 2723 1405 2793 Aposto-

327 2792 400 2849 licae
422 2809 491 2849 cum
510 2791 655 2864 stipendio
677 2791 799 2848 reducto
818 2793 907 2848 unius
932 2791 1057 2862 libellae‚
1081 2792 1188 2849 tradita
1210 2805 1316 2866 quarta
1336 2801 1406 2866 parte

327 2863 433 2918 harum
446 2862 603 2918 missarum
623 2879 692 2918 cum
705 2862 855 2935 stipendiis
868 2863 927 2920 suis
940 2863 1069 2936 integris.
1084 2865 1162 2920 Cum
1182 2864 1324 2932 Societas,
1343 2875 1406 2933 quae

328 2933 437 3061 indiget
459 2951 548 3006 quam
569 2933 695 2989 maxime
714 2934 823 2989 auxilio
836 2936 1000 2991 amicorum
1013 2946 1041 2990 et
1061 2935 1295 3005 benefactorum,
1316 2933 1406 2988 missas
1444 2928 1445 2937 ’

327 3022 378 3080 per
411 3005 509 3061 itteras
530 3005 705 3078 plerumque
723 3005 836 3060 oblatas
858 3005 920 3062 sine
943 3006 1023 3078 gravi
1046 3006 1239 3063 incommodo
1261 3020 1290 3063 et
1309 3006 1405 3062 damno

238 3123 242 3132 .
327 3076 453 3132 refutare
465 3089 584 3148 nequat,
599 3075 721 3131 humilis
734 3076 840 3132 Orator
853 3077 939 3133 enixe
953 3075 1116 3151 supplicat:

365 3174 387 3228 l.
410 3172 450 3227 Ut
463 3170 591 3243 praefata
606 3170 735 3227 Societas
755 3170 844 3226 etiam
857 3170 887 3226 in
906 3183 1058 3243 posterum
1083 3171 1201 3244 quasvis
1226 3171 1332 3228 missas
1345 3164 1405 3225 acci·
1443 3150 1444 3183 ³

111 3254 229 3318 reptantis
327 3260 395 3316 pere
407 3241 508 3314 possit,
522 3241 610 3298 etiam
624 3241 647 3297 si
661 3241 826 3313 praevideat
838 3243 972 3298 futurum
987 3258 1049 3299 esse
1061 3254 1094 3298 ut
1107 3260 1159 3317 per
1168 3260 1238 3300 suos
1252 3241 1406 3300 sacerdotes
1443 3244 1444 3277 1

111 3316 204 3366 missis.
328 3331 375 3371 eas
389 3312 537 3369 celebrare
551 3323 689 3385 nequeat.

128 3384 271 3494 ,ᾗᾲοῇέρ
365 3410 403 3490 ΙΙ.
420 3409 461 3465 Ut
474 3407 702 3489 obligationibus
722 3409 752 3464 S.
768 3407 925 3488 Missarum
940 3408 1016 3465 infra
1036 3421 1094 3465 tres
1117 3426 1236 3486 menses
1254 3409 1406 3466 satisfacere
1442 3384 1443 3463 l

110 3461 231 3552 {7450an
327 3493 427 3554 possit,
441 3492 567 3553 exceptis
580 3479 791 3551 urgenubuset
804 3497 839 3534 us
853 3497 925 3552 quas
944 3479 1056 3554 accepit
1078 3481 1176 3537 statim
1197 3479 1405 3556 persolvendas.
1442 3488 1443 3559 ᾖ

112 3569 246 3667 “mlssr‘be
365 3577 419 3632 ΙΙΙ.
442 3575 482 3630 Ut
496 3575 640 3657 attestatio
657 3574 813 3655 missarum
826 3588 1021 3658 acceptarum,
1041 3575 1111 3657 licet
1131 3577 1268 3633 nondum
1287 3572 1405 3659 persolu·
1441 3612 1442 3639 3

110 3677 159 3726 ,gp
174 3654 256 3724 ,in-m
327 3661 436 3717 tarum,
450 3664 467 3702 a
483 3646 627 3702 Soc1etate
641 3659 748 3718 scripto
769 3647 845 3714 data,
861 3648 1037 3706 Societatem
1051 3665 1146 3721 ipsam
1158 3649 1196 3704 ab
1209 3665 1294 3704 omni
1307 3646 1406 3715 obl1ga-

109 3692 244 3784 cetefratto.
326 3721 407 3778 tione
422 3734 522 3775 coram
537 3718 600 3773 Deo
612 3729 641 3772 et
655 3717 784 3773 Ecclesia
797 3716 913 3775 relevet.

109 3796 158 3846 ⁷⁸¹³·
365 3818 414 3874 IV.
438 3813 571 3886 Denique
593 3812 736 3886 supplicat
758 3812 836 3869 idem
854 3813 975 3869 humilis
988 3814 1096 3871 Orator
1107 3827 1142 3870 ut
1156 3815 1290 3873 Societas
1302 3815 1332 3871 S.
1345 3811 1406 3868 Mis·

139 3869 154 3916 1
159 3868 189 3916 V.
200 3868 238 3915 θ’
327 3899 557 3969 sarumnpartem
582 3884 721 3956 aliquam,
735 3903 753 3940 a
768 3886 873 3951 Sancta
895 3886 970 3942 Sede
990 3887 1187 3957 statuendam,
1211 3887 1243 3943 in
1261 3886 1406 3944 utilitatem

105 3926 243 4046 ,fatrem
328 3960 452 4033 Collegit
465 3955 591 4014 Mariani
607 3955 732 4011 Romani
746 3956 876 4013 eiusdem
892 3956 1044 4015 Societatis
1057 3957 1185 4015 retinere
1197 3959 1299 4032 possit.

108 4056 226 4103 mosyaae.

327 4099 681 4110 —d———m

356 4170 454 4218 leem
464 4167 491 4216 S
505 4167 594 4222 Senis,
606 4169 626 4214 t.
640 4172 667 4224 37
677 4167 833 4224 (1904-1905),
845 4179 873 4224 p.
885 4171 936 4214 526.

353 4237 363 4272 Ξ
378 4236 457 4283 Aera
467 4233 495 4283 S.
508 4233 597 4288 Srurs,
609 4237 629 4280 t.
642 4240 669 4288 37
679 4234 835 4291 (rom-190⁵),
847 4245 874 4290 p.
888 4237 939 4281 saa.

353 4301 364 4337 ³
381 4301 430 4348 Est
439 4296 619 4360 congregatio
629 4296 764 4357 religiosa.
