2959 4900
312 322 349 368 brt
366 330 507 368 ntssnxuxr
522 325 661 367 oxnxrsus
676 321 750 366 aruo
767 325 926 369 asarotosos

80 465 315 558 neglectarum
333 466 590 559 obligationum
607 466 643 535 in
660 466 723 536 hac
741 488 790 555 re,
821 487 945 536 omnes
963 465 1170 556 Superiores

80 557 267 646 regulares,
293 557 399 644 etiam
413 558 605 648 generales,
630 557 814 626 incurrunt
830 557 867 626 in
882 577 1035 648 poenam
1060 554 1170 646 priva·

78 645 184 714 tionis
207 647 303 717 vocis
319 649 448 716 activae
472 662 505 716 et
537 646 704 736 passivae,
734 661 772 715 ac
788 647 963 734 graduum
991 660 1024 714 et
1040 644 1171 714 officio·

79 758 170 823 rum,
189 757 328 806 necnon
340 736 567 806 inhabilitatis
583 735 626 805 ad
640 757 691 805 ea.
707 735 764 820 (C.
783 737 923 827 Nuper,
942 758 978 805 n.
994 737 1050 825 66,
1069 736 1142 825 67.)

118 864 151 907 2.
172 839 425 928 provinciales,
438 839 582 928 Vicarii,
597 838 801 908 Visitatores
814 836 1087 928 provinciarum,
1101 833 1168 905 nisi

78 929 111 996 in
126 929 202 998 fine
219 929 400 1020 regiminis
427 929 651 1020 probaverint
666 949 703 996 se
730 927 870 996 muneri
895 948 960 996 suo
977 927 1014 995 in
1041 927 1105 994 hac
1133 945 1170 994 re

78 1017 295 1106 satisfecisse,
322 1021 364 1088 ad
390 1039 512 1088 vocem
537 1018 685 1087 activam
709 1031 743 1086 et
758 1015 931 1108 passivam
955 1016 993 1085 in
1009 1015 1170 1106 capitulis

79 1109 302 1196 generalibus
318 1109 518 1178 nullatenus
535 1122 616 1176 sunt
632 1107 850 1176 admittendi.

118 1210 151 1277 3.
170 1208 229 1279 Ob
242 1209 409 1279 delictum
422 1209 551 1299 dequo
564 1231 599 1276 n.
613 1209 658 1296 V,
673 1231 719 1295 c.,
735 1208 927 1276 saeculares
939 1206 1123 1276 incurrunt
1135 1205 1172 1274 in

78 1319 230 1387 poenam
246 1299 501 1389 suspensionis
521 1296 577 1381 (C.
596 1300 735 1388 Nuper,
750 1319 785 1366 n.
806 1298 880 1383 63.)

118 1424 153 1489 4.
178 1401 345 1470 Rectores
373 1402 535 1470 locorum
563 1401 705 1490 piorum
721 1415 756 1468 et
776 1421 925 1490 operum
942 1399 1083 1489 piorum
1100 1396 1171 1466 etii

78 1491 208 1578 quibus
236 1513 318 1558 cura
335 1489 504 1582 competit
520 1490 742 1576 tabellarum,
762 1503 826 1559 etc.
857 1489 894 1557 in
911 1488 1064 1558 ecclesiis
1081 1508 1173 1577 quae

78 1579 117 1647 ad
135 1580 281 1648 ordines
295 1582 472 1670 regulares
488 1601 562 1648 non
578 1580 766 1669 pertinent,
795 1579 948 1648 rationes
965 1577 1101 1668 exigere
1118 1577 1171 1645 vel

79 1669 223 1737 reddere
247 1669 376 1739 debent
405 1670 505 1738 «sub
531 1670 653 1759 poenis
677 1668 835 1752 arbitrio,
862 1668 948 1736 etin
973 1666 1171 1737 subsidium

80 1759 448 1828 excommunicationis
467 1785 496 1828 r.
517 1759 574 1844 (C.
592 1760 733 1849 Nuper,
753 1780 787 1828 n.
808 1759 880 1848 69.)

168 1924 279 1995 Vlll.
313 1923 427 1993 Vetita
451 1924 672 2014 quarundam
697 1924 812 2012 legum
838 1919 1081 2011 interpretatio

123 2079 295 2147 Numeris
328 2081 365 2147 13
391 2093 424 2148 et
439 2103 496 2169 70,
514 2093 606 2147 vetat
633 2077 675 2148 C.
695 2079 823 2168 Nuper
850 2098 895 2145 ne
911 2077 997 2146 liant
1024 2099 1171 2147 suorum

81 2167 299 2237 decretorum
327 2169 642 2259 interpretationes.
665 2166 884 2236 Huiusmodi
909 2167 1075 2235 clausulis
1098 2189 1172 2236 non

81 2258 282 2343 prohibetur
309 2258 458 2349 simplex
475 2258 665 2327 verborum
693 2257 875 2344 expositi0‚
894 2256 954 2324 sed
978 2257 1045 2325 tale
1068 2255 1172 2325 inter-

81 2347 235 2431 pretandi
252 2368 377 2436 genus,
395 2369 480 2437 quo,
499 2362 620 2417 contra
636 2347 834 2436 simplicem
858 2345 1045 2415 verborum
1069 2347 1172 2436 signi·

81 2434 291 2526 ficationem,
310 2454 526 2527 quaeruntur
543 2436 780 2507 excusationes
798 2450 830 2505 et
846 2434 1101 2526 derogationes.

226 2610 290 2679 IX.
316 2612 546 2702 Praescripta
571 2612 667 2679 lectio
690 2609 743 2679 rei
765 2611 1025 2679 communicatio

126 2782 153 2826 r.
186 2760 331 2829 Decreta
359 2784 448 2851 quae
485 2763 528 2832 C⁰
558 2764 686 2854 Nuper
717 2762 940 2831 continentur
971 2760 1099 2830 debent
1133 2761 1172 2829 in

82 2848 229 2918 sacristia
245 2851 470 2920 ecclesiarum
487 2853 717 2921 saecularium
735 2851 875 2921 retineri
887 2851 1019 2943 publice
1035 2852 1170 2941 exposi-

84 2944 128 3003 ta.
145 2937 199 3022 (C.
216 2940 358 3031 Nuper,
377 2962 412 3010 n.
433 2944 506 3029 64.)

126 3062 156 3108 a.
184 3042 243 3109 Bis
270 3042 308 3109 in
332 3065 439 3132 anno,
457 3046 494 3112 in
520 3063 641 3113 mensa
664 3043 817 3134 publica,
836 3058 887 3113 est
910 3065 930 3112 a
953 3043 1171 3135 regularibus

84 3129 233 3200 iacienda
272 3132 374 3201 lectio
416 3137 638 3202 decretorum
681 3133 839 3203 eiusdem
887 3133 1169 3203 Constitutionis.

86 3217 141 3298 (C.
157 3220 294 3311 Nuper,
314 3244 349 3289 n.
371 3246 407 3289 12
425 3239 458 3291 et
470 3224 543 3309 64.)

126 3318 158 3386 3.
176 3320 352 3391 Ordinarii
369 3325 566 3393 saeculares
582 3335 615 3393 et
639 3326 824 3415 regulares
840 3324 969 3393 debent
992 3323 1170 3393 decretum

91 3406 252 3496 Vigilanti
261 3410 385 3482 Studio
402 3414 586 3505 diligenter
602 3431 727 3484 notum
745 3417 855 3483 tacere
868 3430 901 3482 et
923 3414 960 3482 in
976 3414 1170 3483 visitatione

87 3502 268 3571 contrarios
284 3522 443 3573 coercere
455 3503 598 3573 abusus.
615 3505 735 3588 (Decr.
761 3504 927 3593 ls'igilunti
936 3503 1088 3589 Studio.)

369 3668 414 3737 X.
442 3670 579 3758 Legum
603 3670 655 3737 ris
679 3679 711 3736 et
734 3671 888 3737 extensio

135 3842 158 3888 ι.
188 3823 345 3893 Decretis
382 3824 553 3915 Vigilanti
578 3825 702 3896 Studio
729 3841 763 3895 et
799 3828 848 3895 Ut
875 3827 986 3894 debita
1009 3839 1173 3895 tenentur

89 3911 193 3978 omnio
208 3915 379 3982 Instituta
396 3916 614 4003 clericorum,
640 3917 685 3985 ita
703 3932 821 3985 tamen
838 3931 876 3984 ut
892 3915 1037 3985 nomine
1068 3913 1171 3983 Ordi-

90 3998 260 4071 nariornm
289 4025 362 4072 non
393 4006 534 4075 veniant
567 4006 635 4074 nisi
674 4005 823 4074 Praelati
859 4006 1089 4095 Regularium
1117 4006 1171 4073 vel

94 4082 232 4160 lnstituti
260 4095 422 4183 exempti.
453 4095 615 4164 Instituta
639 4116 713 4163 non
737 4113 895 4186 exempta
918 4094 1047 4164 debent
1062 4094 1098 4163 in
1115 4094 1171 4162 his

91 4173 184 4283 rebus
223 4183 365 4252 subesse
409 4184 601 4254 Ordinario
633 4184 853 4253 dioecesano.
895 4184 1087 4274 Arguimus
1129 4204 1169 4251 ex

93 4260 132 4329 C.
150 4266 322 4360 conditae,
339 4296 356 4339 a
375 4288 481 4363 parte,
496 4297 531 4343 n.
552 4276 584 4362 5,
599 4298 634 4365 9,
655 4296 704 4364 rr,
720 4289 753 4343 et
765 4295 805 4344 ex
817 4273 988 4364 principio
1001 4274 1168 4363 generali,
