2959 4900
68 318 135 399 [66.
148 319 204 402 67]
274 343 297 379 s,
315 343 371 377 mr.
389 342 490 377 conca.
509 342 648 378 Responsa
663 342 815 378 urruucrcn
833 338 899 390 1903,
917 337 973 388 1905
1106 323 1163 383 167

108 477 182 532 VII.
207 477 332 532 Praelati
346 493 448 532 omnes
460 476 623 548 praedictae
638 476 878 549 Congregationis
899 495 934 532 ex
956 479 1166 534 consuetudine

69 547 194 602 diverso
216 547 275 603 ritu
287 562 491 621 asperguntur,
506 548 536 604 h.
551 565 576 606 e.
593 565 682 603 nona
698 548 841 622 superiori
855 561 936 621 parte
950 550 986 604 ad
998 549 1166 606 inferi0rem

67 619 111 673 uti
123 619 248 690 reliqui,
259 620 309 675 sed
319 619 490 675 contrarioa
504 631 586 692 parte
599 618 729 675 inferiori
744 621 779 674 ad
793 621 984 692 superiorem.
997 621 1164 692 Quaeritur,

67 701 175 745 utrum
189 690 335 746 eiusmodi
346 691 419 746 ritus
431 691 540 746 servari
554 691 665 762 possit‘l

101 763 195 817 VIII.
224 764 307 816 quta
336 762 563 818 consuetudines
596 761 727 818 eiusdem
760 761 1012 834 Congregationis‚
1047 765 1167 834 quando

70 832 160 888 Prior
173 832 396 888 hebdomadarii
404 851 513 888 munus
522 834 629 900 subest,
640 833 782 889 Sacerdos
796 832 838 888 illi
846 832 1007 906 proximior
1019 835 1168 891 Homiliae

71 904 233 960 Lectiones
257 905 337 976 legit,
357 922 423 960 non
448 905 528 959 enim
549 905 631 960 decet
657 904 825 960 Praelatum
849 923 867 960 a
887 904 1003 970 subdito
1023 906 1165 974 benedici,

70 976 155 1046 quod
167 988 270 1031 tamen
284 977 314 1030 in
329 975 486 1049 Superiore
498 994 560 1032 non
574 976 709 1032 Praelato
722 993 911 1049 nequaquam
923 975 1038 1032 militat.
1054 977 1086 1032 Si
1097 995 1167 1050 ergo

71 1047 162 1102 Prior
179 1047 333 1103 Lectiones
343 1064 462 1119 quoque
475 1063 510 1102 ex
520 1047 689 1103 necessitate
701 1047 794 1103 aliave
804 1049 839 1103 de
852 1052 939 1102 causa
953 1048 1031 1120 legit,
1043 1066 1081 1103 an
1093 1049 1167 1105 alius

70 1134 124 1188 pro
137 1135 175 1173 eo
187 1119 292 1174 debeat
301 1118 536 1174 benedictionem
548 1130 647 1191 petere
657 1131 685 1175 et
693 1119 816 1191 ipsemet
828 1118 982 1175 Lectiones
994 1119 1168 1176 recitaturus

70 1189 314 1245 benedictionem
327 1191 405 1258 dare,
427 1189 473 1245 vel
486 1190 579 1246 dictus
593 1190 677 1246 Prior
699 1191 803 1246 debeat
816 1201 914 1263 petere
934 1191 1168 1248 benedictionem

70 1277 142 1315 cum
155 1261 242 1330 Iube,
264 1261 379 1328 domne,
400 1273 428 1317 et
449 1261 574 1336 sibiipsi
595 1261 678 1317 illam
699 1261 857 1335 impertire,
874 1274 923 1316 aut
944 1262 1041 1334 potius
1066 1262 1169 1319 debeat
1204 1281 1208 1286 ·

1249 488 1362 591 Asyersio

1219 545 1283 591 Prae
1292 547 1344 591 ato-

1220 615 1282 649 rum.

1243 779 1379 828 Benedictio
1459 773 1461 824 ἶ

1220 851 1236 941 Ξ
1247 843 1378 942 qyotpeteu-

1221 909 1335 1013 Oaſjlciueeit.

70 1344 173 1402 petere
196 1333 430 1388 benedictionem
455 1349 524 1388 cum
550 1332 631 1399 Iube,
660 1334 776 1405 domne,
801 1344 830 1388 et
856 1331 898 1387 illi
924 1332 1027 1388 debeat
1053 1335 1168 1406 dignior
1243 1371 1245 1376 ·

72 1404 220 1458 Sacerdos
234 1403 270 1459 de
285 1403 384 1469 Choro
396 1420 479 1459 more
492 1402 579 1460 solito
593 1403 828 1463 benedictionem
841 1403 1008 1474 impertire?

106 1476 204 1530 Sacra
213 1491 302 1547 porro
318 1476 439 1531 Rituum
448 1475 652 1548 congregatio,
662 1476 804 1533 referente
816 1475 979 1555 subscripto
995 1476 1166 1545 Secretari0‚

72 1545 223 1617 exquisito
237 1546 325 1601 etiam
338 1545 409 1602 vo'to
423 1547 647 1604 Commissionis
669 1547 844 1620 Liturgicae,
860 1547 998 1602 omnrbus
1019 1549 1169 1621 perpensis

73 1617 298 1673 rescribendum
312 1618 443 1673 censuit:
1019 1635 1024 1648 ¹

104 1689 156 1743 Ad
174 1691 198 1744 1.
219 1710 235 1739 «
256 1690 418 1744 Sumantur
438 1691 469 1744 in
495 1707 564 1744 casu
593 1689 747 1745 Lectiones
773 1689 1009 1762 prouniversali
1039 1689 1169 1746 Ecclesia

74 1776 272 1816 concessae».

106 1832 156 1885 Ad
172 1833 212 1886 II.
233 1853 250 1883 <r
268 1830 450 1887 Adhibeatur
466 1833 497 1886 in
510 1832 648 1887 omnibus
663 1831 800 1888 Ecclesiis
812 1833 927 1902 Congre
948 1831 1054 1887 ationis
1067 1832 1168 1888 Oratio

73 1903 172 1973 prima
194 1919 228 1957 ac
252 1903 370 1957 Patroni
393 1921 445 1958 seu
463 1903 590 1958 titularis
605 1903 734 1976 propria,
760 1915 821 1958 tam
845 1904 874 1957 in
898 1902 922 1957 O
946 1903 1005 1958 'cio
1028 1921 1118 1976 quam
1137 1903 1168 1958 in

75 1971 242 2045 suffragio:
258 1985 371 2029 mutato
384 1975 426 2030 sic
438 1975 589 2030 Orationis
608 1974 667 2029 fine
679 1995 686 2030 :
707 1985 738 2029 ut
758 1974 849 2047 ipsius
863 1975 1053 2046 omniumque
1065 1977 1168 2048 Ange-

76 2044 174 2099 lorum
189 2046 366 2100 memoriam
382 2045 508 2102 colentes
521 2047 551 2101 in
572 2047 670 2114 terris,
687 2062 920 2119 eorumquoque
933 2046 1071 2118 precibus
1084 2047 1168 2101 adiu-

76 2133 180 2169 vemur
192 2117 222 2170 in
236 2116 328 2172 caelis
338 2139 364 2171 ».

108 2187 157 2240 Ad
178 2189 233 2242 III.
261 2209 277 2238 ‹<
303 2187 484 2243 Affirmative
510 2187 541 2242 in
565 2187 714 2253 omnibus,
742 2188 823 2243 iuxta
848 2187 988 2242 Rubricas
1013 2189 1168 2245 Generales

78 2257 229 2321 Breviarii.
244 2259 288 2314 tit.
304 2260 347 2327 35,
363 2278 392 2314 n.
407 2278 435 2330 4,
452 2272 480 2315 et
497 2259 655 2315 Decretum
671 2259 831 2327 Generale,
848 2276 877 2314 n.
893 2260 975 2328 4043,
991 2259 1067 2316 circa
1082 2262 1168 2317 Com-

76 2331 305 2386 memorationes
320 2332 446 2402 agendas
458 2331 496 2385 ad
510 2332 628 2388 Laudes
642 2344 670 2387 et
684 2332 827 2403 Vesperas
841 2331 871 2385 in
885 2329 1035 2404 Suffragiis
1049 2332 1168 2402 Sancto-

77 2417 143 2455 rum
154 2420 188 2475 27
203 2401 277 2457 iunii
295 2403 361 2476 1899
373 2402 411 2457 ad
425 2403 467 2458 lIl
481 2423 509 2457 n.
1012 2423 1014 2428 ·

112 2474 160 2527 Ad
181 2475 231 2529 IV.
259 2474 416 2529 «Initium
440 2473 589 2547 Epistolae
613 2476 649 2529 ad
673 2476 822 2529 Romanos
844 2474 957 2529 dicatur
979 2474 1009 2527 in
1031 2492 1100 2530 casu
1123 2476 1170 2531 die

80 2543 109 2597 31
127 2545 298 2601 Decembris
312 2546 343 2599 in
357 2546 431 2601 festo
446 2547 476 2602 S.
491 2546 620 2601 Silvestri
633 2567 659 2601 n.

114 2615 160 2669 Ad
178 2617 216 2671 V.
237 2638 253 2668 «
272 2615 453 2673 Affirmative
473 2616 503 2671 in
526 2615 632 2673 Offici0
651 2628 711 2671 tam
730 2615 833 2672 festivo
852 2634 942 2689 quam
961 2616 1078 2685 votiv0;
1099 2630 1127 2673 et
1146 2618 1169 2673 si

80 2684 218 2744 Officium
237 2688 371 2769 utrisque
389 2687 524 2760 Vesperis
536 2701 642 2757 careat,
659 2688 696 2743 ad
712 2688 895 2743 Matutinum
908 2688 1022 2743 dicatur
1040 2688 1169 2761 hymnus

80 2756 261 2829 Maerentcs,
276 2776 387 2815 omisso
408 2759 520 2832 hymno
534 2762 644 2833 Aspice
660 2771 763 2830 utpote
781 2759 903 2815 minoris
922 2758 1074 2828 momenti,
1090 2760 1169 2815 iuxta

81 2828 236 2885 Decretum
270 2831 523 2905 Congregatiouis
545 2832 751 2886 Eremitarum
777 2830 927 2900 Camale,
955 2849 982 2886 11
1009 2831 1169 2887 decembris

85 2900 161 2970 1903,
185 2902 222 2956 ad
238 2904 278 2970 Il,
305 2920 360 2974 pro
372 2902 492 2975 hymnis
508 2905 537 2957 S.
555 2904 665 2957 Mariae
682 2902 873 2972 Magdalenae
887 2923 914 2956 n.

116 2971 162 3023 Ad
183 2973 235 3028 VI.
262 2994 279 3024 ‹<
304 2975 429 3029 Artemis
452 2973 599 3046 expositis,
622 2972 814 3047 Affirmntive
836 2973 872 3028 ad
898 2972 1022 3046 primam
1044 2982 1167 3045 partem,

82 3041 230 3114 Negatiuc
243 3044 282 3099 ad
296 3045 494 3101 secundam».

117 3113 163 3191 Ad
179 3116 247 3170 VII.
269 3136 285 3166 κ
306 3117 464 3190 Negative,
481 3128 508 3171 et
523 3116 578 3187 Ipsi
594 3114 715 3188 praelati
735 3127 927 3189 aspergantur
943 3114 1022 3170 iuxta
1035 3114 1125 3171 ritum
1138 3116 1168 3170 in

83 3197 216 3240 universa
230 3185 361 3243 Ecclesia
373 3198 522 3260 receptum
537 3209 564 3243 n.

118 3254 164 3309 Ad
180 3258 262 3313 VIII.
287 3279 304 3308 ι(
324 3258 594 3314 δεείυεωῑὶυὺτίεα
614 3256 755 3330 peculiari
774 3274 824 3329 per
841 3258 1041 3330 Apostolicam
1064 3258 1169 3312 Sedem

85 3324 263 3398 confirmata,
281 3329 407 3385 Praelati
422 3329 570 3404 Episcopo
584 3328 737 3392 inferiores
752 3328 986 3385 benedictionem
1006 3347 1023 3384 a
1037 3328 1170 3401 digniore

83 3410 204 3466 persona
213 3412 380 3473 exspectent
391 3418 443 3482 per
453 3402 540 3457 verba
551 3401 632 3463 Iube.
640 3402 755 3470 domne,
771 3416 863 3473 eaque
878 3413 1005 3473 accepta,
1016 3400 1169 3455 Lectiones

1222 1495 1378 1545 Responsa.

1250 1705 1342 1753 Adi-

1251 1851 1292 1898 Ar
1302 1851 1341 1898 11.
1386 1821 1389 1826 ’

1251 2989 1292 3037 Ac
1308 2988 1353 3036 VI.

1250 3130 1291 3179 At
1306 3130 1368 3178 VII.

1251 3275 1292 3322 Ad
1306 3272 1381 3366 ΙίΙΙΙ.

85 3481 186 3536 perse
208 3471 316 3544 legant,
340 3485 436 3546 prouti
457 3490 492 3528 ex
518 3475 641 3528 Decreto
662 3491 692 3527 n.
723 3474 801 3541 1108,
827 3471 1007 3546 Putignani,
1035 3470 1167 3539 Nullius
1263 3500 1265 3505 .

89 3536 118 3591 15
135 3538 267 3597 februarii
284 3544 361 3616 1659,
378 3545 570 3600 ordinatur».

120 3612 215 3683 Atque
228 3614 266 3669 ita
279 3615 437 3689 rescripsit,
453 3615 499 3670 die
518 3614 631 3670 tamaii
650 3616 726 3687 1905.

613 3699 648 3751 A.
665 3697 752 3752 Card.
767 3697 900 3764 Terram,
915 3697 1097 3769 Pro-Praef.

492 3780 532 3835 D.
549 3780 669 3845 Punici,
685 3779 828 3853 Archiep.
843 3779 1007 3834 Laodicen.
1022 3780 1133 3834 Secret.

538 3888 714 3942 Auuornrro

126 3978 191 4036 Bini
211 3984 256 4041 isti
277 3983 423 4057 supplices
438 3982 529 4038 libelli
553 3983 577 4037 si
602 3982 677 4038 inter
698 4000 728 4039 se
756 3996 974 4055 comparentur,
999 3983 1172 4057 perspicitur

89 4066 157 4105 esse
167 4051 250 4131 altero
263 4071 366 4111 rursus
378 4055 468 4127 petita
480 4070 566 4126 quae,
582 4066 613 4109 a⁰
629 4055 708 4124 1005,
725 4072 761 4110 eo
775 4055 902 4127 denique
915 4055 1004 4111 modo
1018 4056 1173 4112 solvuntur

91 4138 157 4193 quo
169 4138 310 4197 laniante,
333 4126 413 4199 1903,
424 4139 510 4188 ,erant
524 4126 629 4181 soluta.
1009 4132 1010 4137 ’

1253 3620 1313 3666 Dies
1323 3620 1363 3678 (12

1224 3678 1285 3727 maii
1294 3677 1372 3737 1905).
