2959 4900
119 349 215 385 Morus
231 325 366 385 enormes
383 354 393 381 r
410 351 456 386 orer
472 348 655 385 Provrnrrurrs
672 352 681 380 r
698 349 735 384 nn
750 347 906 383 rusrrrurrs
920 345 1097 383 mortcssaurs
1111 323 1168 385 101
1226 372 1229 379 .

84 486 193 569 rum),
227 504 291 570 pro
323 503 471 549 numero
502 482 689 550 missarum
720 494 754 549 et
784 480 945 571 stipendii
976 491 1170 562 momento,

83 571 193 657 aliud,
227 571 333 657 idque
364 570 545 660 angustius
575 570 727 659 spatium
759 570 802 638 sit
832 569 1085 638 definiendum.
1121 566 1174 633 Ex

82 680 247 746 numero,
265 659 424 748 inquam,
443 660 641 730 missarum.
663 660 793 749 Magna
809 660 904 728 enim
919 659 971 726 vis
987 658 1173 725 missarum

82 748 253 817 sacerdoti
282 746 448 838 singulari
475 764 613 839 tempus
639 749 853 839 permitteret
878 748 1034 837 plurium
1065 765 1172 813 anno·

82 859 179 925 rum,
204 839 300 928 quod
325 840 435 906 clarae
461 838 596 906 videtur
619 837 802 906 intentioni
827 838 993 927 derogare
1020 835 1096 903 eius
1111 833 1172 922 qui

81 926 256 1014 frequenti
284 927 496 995 monasterio
521 926 672 995 similem
695 927 833 1016 copiam
849 925 992 994 dederit.
1012 924 1119 1010 Quod
1135 939 1173 988 ut

82 1017 238 1102 pressius
265 1017 493 1102 declaremus,
522 1017 625 1083 nobis
651 1015 813 1084 videntur
840 1014 1036 1083 rationabili
1060 1012 1173 1081 dantis

82 1104 279 1173 intentione
295 1127 313 1173 a
326 1105 473 1193 singulis
485 1105 684 1173 monasterii
702 1104 938 1173 sacerdotibus
954 1103 1035 1188 (nisi
1048 1118 1172 1170 notum

81 1194 128 1260 sit
151 1216 212 1262 eos
239 1194 359 1262 multis
386 1194 501 1262 missis
528 1194 741 1263 celebrandis
769 1193 958 1283 impediri),
988 1189 1171 1277 exspectari

80 1282 119 1349 in
149 1305 242 1352 anno
270 1283 415 1351 roo-150
443 1284 579 1351 missae.
612 1282 648 1351 Si
677 1304 760 1373 ergo
788 1284 875 1352 5000
901 1283 1008 1351 simul
1031 1282 1074 1349 ab
1101 1300 1174 1347 uno

82 1372 276 1439 offerantur
290 1373 470 1456 dicendae,
489 1393 521 1439 et
539 1394 581 1440 20
597 1374 666 1440 sint
692 1372 951 1440 communitatis
967 1370 1172 1453 sacerdotes,

84 1462 240 1549 spatium
255 1462 341 1529 utile
357 1460 492 1529 videtur
507 1461 611 1528 nobis
633 1483 706 1530 non
721 1482 797 1529 esse
812 1462 964 1528 multum
980 1462 1070 1527 ultra
1085 1458 1175 1525 duos

84 1571 200 1618 annos
216 1550 467 1639 ampliandum.

126 1641 159 1705 A
175 1639 386 1707 monasterio
402 1656 518 1707 autem
545 1639 641 1728 quod
658 1638 836 1707 ordinario
853 1659 1002 1706 numero
1019 1636 1174 1705 sacerdo·

80 1742 159 1795 tum
176 1727 411 1816 componitur,
426 1728 586 1796 videntur
599 1728 799 1818 regulariter
816 1728 882 1797 500
897 1728 1023 1795 missae
1038 1744 1175 1793 annuae

82 1818 336 1885 rationabiliter
353 1818 537 1906 exspectari
554 1839 667 1906 posse.

130 1907 254 1995 Longe
271 1922 387 1975 autem
400 1922 559 1995 praestat,
575 1907 611 1974 in
628 1906 682 1973 his
698 1906 849 1994 casibus,
867 1906 911 1974 de
925 1903 1001 1973 utili
1018 1918 1175 1992 tempore

81 1995 183 2063 oneri
201 1995 370 2085 explendo
387 2016 544 2084 expresse
560 1996 757 2064 convenire.

129 2195 216 2262 Vll,
259 2203 430 2286 Quaeres
462 2203 509 2268 de
543 2206 581 2267 vi
614 2222 659 2268 ac
689 2205 974 2287 significatione
1008 2201 1174 2266 recentis

84 2285 219 2385 motus
255 2288 397 2370 proprii
433 2286 481 2349 de
516 2287 710 2352 institutis
737 2286 930 2369 religiosis
957 2285 1175 2349 dioecesani

83 2385 192 2432 ruris.

134 2511 163 2578 1.
186 2512 322 2580 Morus
342 2529 492 2580 enormi
511 2529 646 2580 urvrsro

131 2600 253 2667 Motus
274 2602 438 2690 proprius
461 2601 530 2669 Dei
541 2603 754 2692 providentis
770 2602 943 2692 imprimis
959 2601 1124 2669 dividitur
1138 2601 1176 2669 in

84 2689 173 2756 duas
190 2706 315 2778 partes,
342 2691 444 2758 Prior
460 2712 580 2758 causas
596 2693 682 2780 legis
699 2706 731 2759 et
747 2693 935 2760 consilium
952 2691 1146 2759 manifestat
1162 2715 1173 2776 3
1272 2708 1275 2716 ’

85 2780 192 2846 altera
216 2780 374 2847 eiusdem
399 2780 515 2865 prodit
538 2780 683 2848 decreta.

128 2867 244 2936 Prior
257 2890 346 2958 pars
362 2867 427 2936 hoc
443 2867 543 2936 modo
558 2869 799 2937 subdividitur.
1037 2924 1039 2928 ,

134 2981 162 3024 1.
186 2957 368 3024 Laudibus
384 2957 582 3024 afficiuntur
599 2958 751 3026 familiae
763 2979 852 3046 quae
864 2980 937 3026 non
953 2959 1028 3026 sine
1040 2958 1175 3025 divinae

90 3044 335 3114 Providentiae
373 3047 613 3134 dispositione,
647 3048 684 3114 in
715 3048 779 3115 hac
809 3063 965 3115 veterum
997 3046 1176 3116 Ordinum

89 3133 196 3218 clade,
216 3136 306 3202 votis
322 3135 540 3223 simplicibus
557 3136 750 3221 adstrictae,
769 3138 823 3204 vel
845 3139 950 3205 etiam
973 3136 1048 3205 sine
1072 3135 1173 3222 votis,

88 3223 334 3311 perfectionem
359 3240 544 3309 sectantur,
562 3241 596 3292 et
611 3226 649 3292 in
666 3247 772 3312 opera
788 3226 936 3294 caritatis
952 3225 1173 3294 incumbunt.

132 3332 163 3378 2.
186 3312 462 3381 Incommodum
479 3331 596 3382 tamen
617 3315 701 3382 oriri
718 3315 843 3382 dicitur
860 3336 899 3382 ex
918 3314 1028 3383 nimia
1050 3315 1176 3382 harum

88 3397 299 3468 familiarum
315 3402 519 3491 frequentia.
1191 3449 1193 3452 ⁴

133 3489 162 3560 3.
178 3489 305 3558 Variae
336 3512 425 3579 quae
456 3492 499 3558 ad
531 3491 800 3560 incommodum
826 3492 918 3559 istud
950 3492 1176 3560 avertendum

87 3595 245 3668 sumptae
262 3596 345 3646 sunt
359 3580 575 3668 provisiones
590 3597 923 3652 commemorantur.

132 3688 164 3752 4.
184 3666 374 3757 Superesse
390 3685 507 3737 tamen
519 3691 707 3739 monemur
718 3670 806 3738 illud
818 3670 1067 3738 detrimentum
1078 3690 1174 3758 prae·

88 3757 294 3844 cavendum,
321 3759 429 3846 quod,
454 3780 536 3826 cum
566 3760 726 3828 Instituta
754 3760 962 3848 episcopalia
981 3780 1001 3827 a
1023 3757 1060 3827 S.
1086 3757 1176 3827 Sede

87 3847 338 3999 {pprobamQ
368 3847 473 3915 nimis
501 3869 521 3915 a
548 3863 637 3916 statu
664 3848 807 3938 pacifice
834 3869 993 3937 possesso
1017 3849 1176 3917 recedere

112 3952 131 3998 e
159 3951 246 4002 eant.

133 4023 261 4091 Altera
284 4046 375 4114 pars
398 4034 512 4092 autem
540 4026 594 4094 his
617 4027 803 4094 concrescit
829 4026 995 4094 articulis.

139 4133 168 4176 1.
193 4112 356 4182 Praeviae
383 4115 539 4182 licentiae
570 4116 774 4184 Pontificiae
801 4116 995 4184 necessitas.

136 4219 168 4267 2.
195 4201 323 4270 Modus
348 4202 523 4272 licentiam
550 4205 744 4274 obtinendi.

137 4286 170 4355 3.
193 4287 385 4360 Concessae
398 4292 553 4360 licentiae
577 4294 638 4360 vis.
