2959 4900
100 968 172 1048 aela.
186 990 245 1038 cm-

85 1060 120 1094 crs
130 1051 227 1096 missio·

84 1120 139 1152 aum
149 1120 200 1154 cum

84 1166 215 1215 coniunctis

85 1219 205 1280 indulgen·

87 1280 138 1327 iiis.

81 2075 235 2181 amq-”b

91 2149 128 2182 tar
138 2139 181 2194 app
191 2147 242 2182 rca-

80 2192 145 2241 biles.

104 2275 241 2333 Committe·

82 2334 115 2400 tio
125 2336 152 2381 r'n
160 2347 219 2392 gra·

81 2396 140 2438 itam
146 2396 225 2450 purro-

78 2463 130 2498 rmtt
140 2454 161 2497 el
171 2447 238 2510 infir·

74 2520 178 2567 morum.

107 2948 206 3005 Orator,

76 3007 195 3051 vetreto.

263 3819 320 3874 'in

305 414 365 497 444
760 441 940 496 trouuttnuba

303 591 355 664 qui
371 586 574 649 Benedictioni
596 593 770 664 adstiterint,
792 594 880 650 sacris
904 593 1094 650 Missionibus
1111 593 1214 650 saltem
1235 591 1376 667 quinquies

303 662 498 734 interfuerint,
515 677 544 721 et
557 676 738 721 sacramenta
761 665 950 722 confessionis
970 676 997 722 et
1019 664 1247 722 Communionis
1259 678 1293 720 ut
1305 681 1377 737 supra

261 765 264 772 ·
303 735 475 809 receperint,
492 748 520 793 et
535 739 631 794 Deum
645 737 725 792 iuxta
739 749 868 794 mentem
883 737 955 793 SSmi
971 737 1064 793 Patris
1077 737 1241 804 oraverint;
1264 735 1377 793 adhibita

302 823 357 880 pro
378 807 581 864 benedictione
601 807 742 864 Crucifixi
763 808 901 882 imagine,
926 808 1044 866 servatis
1065 827 1103 866 ue
1116 807 1378 883 praescriptionibus

301 878 404 936 Const.
420 879 569 937 Benedicti
583 881 653 936 XIV
665 897 742 953 quae
755 879 856 954 incipit
869 880 1027 955 Exemplis
1068 882 1319 938 raedecessorum.

337 964 362 1020 3.
381 963 519 1037 Erigendi
534 976 562 1020 et
576 963 778 1035 benedicendi,
802 965 843 1021 de.
859 981 1005 1022 consensu
1025 963 1261 1034 Ordinariorum,
1283 963 1314 1018 in
1332 963 1378 1019 fine

301 1034 477 1092 Missionum
505 1036 615 1093 Cruces
645 1035 764 1092 ferreas-
780 1036 825 1094 vel
853 1037 973 1110 ligneas,
1008 1037 1172 1110 iisdemque
1202 1036 1376 1111 applicandi:

300 1107 331 1179 a]
356 1107 574 1180 indulgentiam
589 1119 790 1165 tercentorum
812 1108 927 1164 dierum
944 1125 1001 1184 pro
1024 1110 1162 1165 omnibus
1181 1108 1320 1164 fidelibus
1339 1106 1378 1180 qui

300 1195 402 1234 earum
424 1179 563 1236 erectioni
590 1180 694 1236 devote
718 1178 923 1250 interfuerint;
958 1180 985 1253 b)
1013 1180 1231 1254 Indulgentiam
1257 1180 1378 1252 quinque

299 1266 446 1308 annorum
456 1251 638 1324 totidemque
652 1251 908 1324 quadragenarum
921 1251 1010 1308 semel
1022 1251 1052 1307 in
1063 1252 1109 1309 die
1122 1269 1176 1325 pro
1188 1251 1327 1308 omnibus
1338 1250 1379 1323 qui

299 1322 385 1379 corde
400 1323 503 1378 saltem
521 1323 648 1378 contrito
661 1340 761 1378 coram
775 1323 930 1398 praedictis
952 1323 1091 1380 crucibus
1102 1336 1146 1379 ter
1158 1329 1261 1393 Pater,
1278 1325 1342 1379 Ave
1357 1334 1379 1376 et

301 1392 409 1450 Gloria
431 1394 523 1450 Patri
543 1393 727 1451 recitaverint
749 1393 780 1450 in
802 1395 976 1451 memoriam
997 1395 1087 1451 trium
1100 1395 1239 1452 horarum
1258 1393 1378 1468 Agoniae

301 1465 342 1528 D,
352 1466 391 1522 N.
407 1467 430 1522 l.
444 1467 489 1534 C.,
504 1477 533 1522 et
540 1479 640 1529 unum
653 1466 734 1522 iuxta
747 1481 876 1522 mentem
891 1469 920 1525 S.
936 1468 984 1536 S.;
1004 1469 1031 1540 c]
1048 1466 1265 1539 Indulgentiam
1280 1479 1379 1540 septem

298 1553 447 1593 annorum
460 1549 629 1611 septemque
643 1538 900 1612 quadragenarum
914 1538 1115 1607 recitantibus,
1129 1551 1273 1612 utsupra,
1291 1554 1379 1594 corant

298 1609 443 1680 crucibus,
459 1621 570 1682 septem
579 1611 646 1666 Ave
658 1610 766 1666 Maria
778 1610 963 1667 inhonorem
975 1621 1085 1683 septem
1101 1610 1247 1667 Dolorum
1260 1611 1292 1666 B.
1302 1610 1341 1664 M.
1349 1609 1376 1663 V.

331 1711 359 1764 4.
377 1693 542 1750 Plenariam
556 1693 780 1766 indulgentiam,
796 1694 961 1767 adimpletis
971 1694 1196 1750 condicionibus
1209 1694 1246 1750 ab
1261 1692 1378 1749 Ecclesia

296 1765 490 1837 praescriptis
511 1782 565 1838 pro
584 1765 723 1821 omnibus
745 1764 880 1822 fidelibus
902 1767 931 1820 in
952 1767 998 1822 die
1018 1766 1213 1823 anniversaria
1236 1763 1378 1822 erectionis

296 1836 399 1893 Crucis
414 1835 575 1904 Missionis,
590 1849 650 1907 aut,
674 1837 698 1892 si
720 1836 769 1893 hic
791 1837 851 1894 dies
864 1850 914 1893 ‚est
933 1837 1049 1903 ferialis,
1076 1835 1231 1893 Dominica
1244 1835 1377 1910 sequenti,

296 1925 413 1965 necnon
427 1909 544 1964 infesto
560 1907 740 1965 lnventionis
763 1921 790 1966 et
813 1909 1005 1966 Exaltationis
1030 1911 1059 1966 S.
1084 1909 1196 1980 Crucis,
1221 1920 1273 1964 aut
1291 1906 1378 1964 Domi·

296 1979 362 2037 nica
376 1979 509 2054 sequenti
524 1991 556 2036 ut
569 1997 667 2054 supra.

333 2063 512 2120 Huiusmodi
533 2081 603 2122 vero
624 2063 821 2137 indulgentias
843 2041 1029 2140 applicabiles
1042 2065 1197 2121 animabus
1217 2060 1378 2137 Purgatorii

295 2137 398 2193 eadem
408 2136 555 2196 ,Sanctitas
569 2137 629 2191 Sua
642 2135 916 2194 misericorditerin
931 2137 1061 2194 Domino
1074 2149 1117 2194 est
1130 2136 1307 2209 impertitus.

332 2220 465 2302 Denique
488 2221 578 2276 SSw
601 2219 744 2276 Dominus
762 2232 935 2294 potestatem
955 2221 1021 2278 lecit
1034 2221 1137 2277 iisdem
1152 2220 1295 2294 religiosis
1310 2236 1379 2277 com·

294 2293 427 2348 mutandi
454 2293 485 2348 in
510 2290 694 2359 confessione
719 2293 923 2351 sacramentali
950 2310 1061 2349 sacram
1088 2293 1330 2350 communionem
1354 2291 1378 2345 in

293 2364 374 2420 aliud
396 2363 479 2436 pium
498 2379 573 2435 opus
594 2379 647 2435 pro
660 2363 758 2437 pueris
774 2363 825 2436 qui
844 2365 978 2420 nondum
990 2365 1028 2420 ad
1041 2364 1121 2420 illam
1135 2375 1203 2420 sunt
1216 2363 1343 2430 admissi,
1356 2375 1378 2417 et

293 2436 481 2494 contionibus
496 2435 689 2492 assistentiam
702 2453 756 2509 pro
769 2435 903 2493 infirmis.

329 2520 490 2577 Contrariis
503 2520 739 2594 quibuscumque
753 2537 813 2575 non
826 2520 1020 2583 obstantibus.

331 2607 438 2662 Datum
465 2606 577 2662 Romae
601 2622 617 2660 e
642 2604 802 2660 Secretaria
830 2604 960 2661 eiusdem
988 2606 1017 2661 S.
1048 2604 1302 2679 Congregationis‚
1328 2605 1377 2673 die,

292 2694 393 2734 mense
407 2690 434 2735 et
443 2693 524 2733 anno
538 2675 702 2750 praedictis.

767 2749 875 2803 Petrus
885 2747 1029 2822 Archiep.
1047 2748 1220 2818 Caesarem,
1236 2750 1346 2806 Secret.

330 2846 366 2901 B.
380 2809 567 2920 Rescriptum
582 2861 618 2915 24
631 2861 695 2901 nor.
712 2846 785 2914 1903
861 2848 863 2851 '

329 2930 407 2985 Dom
420 2930 542 2986 Gottard
557 2928 654 3002 Heigl,
671 2927 844 2983 Benedictin
859 2928 941 3009 dela
959 2928 1178 3001 Congregation
1194 2930 1379 2987 Cassinienne

291 3001 327 3057 de
340 3000 368 3056 la
387 3001 532 3074 primitive
546 3001 732 3064 observance‚
752 3000 835 3055 Abbe
854 3000 981 3055 Visiteur
994 3002 1030 3056 de
1043 3001 1071 3054 la
1086 3002 1229 3058 Province
1242 3003 1278 3059 de
1292 3001 1379 3074 Belgi·

290 3070 1379 3217 ttab‘ttt‘tbttbptfifilbttlbfibbttptbbttlbttb

267 3272 271 3283 ,
291 3215 429 3272 Missions
441 3233 478 3273 en
499 3215 647 3271 Hollande
659 3226 688 3269 et
700 3232 736 3271 en
751 3215 923 3287 Allemagne
940 3214 982 3270 les
996 3216 1105 3270 memes
1119 3215 1273 3289 privileges
1288 3233 1378 3272 accor-

250 3345 253 3351 ,
290 3287 405 3361 despat
426 3287 527 3344 rescrit
548 3287 588 3342 du
616 3305 646 3359 17
659 3285 763 3342 levrier
787 3286 851 3359 1903
875 3303 930 3341 aux
955 3285 1141 3343 Benedictins
1163 3286 1378 3345 Missionnaires

290 3375 326 3415 en
342 3358 492 3433 Belgique.
506 3391 542 3401 -
556 3360 621 3427 Que
636 3357 720 3426 Dieu,
735 3368 790 3415 etc.

483 3481 537 3537 Ex
550 3479 713 3536 Audientia
727 3478 814 3549 SSrn,
829 3479 878 3534 die
889 3494 925 3548 24
938 3479 1103 3537 novembris
1116 3483 1190 3551 1903

294 3610 296 3614 ’
326 3604 416 3660 ssmut
430 3602 576 3659 Dominus
589 3602 697 3657 Noster
712 3599 782 3655 Pius
795 3598 893 3655 divina
909 3600 1096 3657 Providentia
1110 3602 1167 3658 PP.
1183 3603 1220 3667 X,
1240 3602 1378 3658 referente

289 3675 473 3749 infrascripto
487 3675 516 3729 S.
538 3671 783 3745 Congregationis
797 3670 930 3751 Negotiis
951 3672 1160 3752 Ecclesiasticis
1175 3673 1378 3730 Extraordina-

288 3747 339 3803 riis
345 3745 535 3875 lpraepositae
550 3745 721 3811 Secretario,
737 3744 863 3815 benigne
884 3755 987 3824 annuit
1007 3762 1061 3817 pro
1074 3744 1166 3816 gratia
1180 3745 1260 3801 iuxta
1281 3759 1378 3818 preces

357 3836 440 3874 orma
472 3829 500 3873 et
525 3816 658 3873 terminis
686 3814 780 3870 dictae
801 3814 998 3870 concessionis
1025 3832 1077 3889 per
1109 3817 1206 3872 Rescri
1229 3829 1291 3871 tum
1321 3814 1378 3870 diei

293 3910 323 3965 17
339 3889 477 3946 februarii
495 3889 572 3960 1903.
588 3886 749 3943 Contrariis
763 3886 998 3960 quibuscumque
1011 3904 1073 3942 non
1083 3834 1275 3943 obstantissus.

326 3976 433 4030 Datum
450 3974 561 4027 Romae
582 3988 599 4026 e
621 3968 781 4027 Secretaria
801 3969 930 4025 eiusdem
951 3971 980 4024 S.
1002 3971 1047 4040 C,
1068 3970 1124 4040 die,
1148 3988 1247 4027 mense
1260 3981 1288 4027 et
1299 3986 1377 4025 anno

288 4045 451 4119 praedictis.

664 4134 668 4139 ·
736 4113 856 4183 Petrus,
877 4112 1018 4187 Archiep.
1040 4116 1211 4186 Caesarem,
1231 4115 1340 4171 Secret.

702 4370 965 4379 Q...-
