2959 4900
313 292 354 355 80
495 283 497 286 ⁵
650 367 653 372 .
743 314 878 361 ouaasrra
893 314 977 349 vaura

308 452 411 542 quod
423 451 611 540 prospiciat
622 450 844 540 singulorum
854 450 1209 541 saluti,praescribere
1219 448 1386 517 debeant.»

358 562 393 627 4.
421 540 476 608 De
498 541 574 630 ipsa
603 540 867 630 Religiosorum
893 540 1075 630 disciplina
1098 554 1137 607 ut
1159 560 1277 607 sermo
1301 538 1391 607 etiam

314 630 388 716 fiat,
415 630 491 718 diu,
516 632 554 697 in
576 630 641 698 hac
664 645 773 718 parte,
798 643 850 698 est
872 630 988 719 ampla
1012 627 1262 717 Superioribus
1289 628 1391 695 relicta

314 734 480 807 potestas,
498 719 545 787 ita
560 733 599 786 ut
615 718 659 785 ad
679 716 894 787 ordinariam
915 738 1041 786 eorum
1060 717 1280 806 provindam
1302 717 1391 805 perti·

316 828 399 876 nere
415 808 531 875 visum
547 808 591 875 sit
606 828 785 876 accessum
801 807 843 875 ad
861 828 994 875 sacram
1010 828 1169 875 mensam
1185 806 1338 874 subditis
1350 805 1391 873 vel

314 896 514 986 permittere
526 898 580 964 vel
595 896 793 986 probibere,
811 895 972 987 quamvis
986 909 1020 965 et
1035 894 1101 985 ipsi
1114 894 1190 963 laici
1207 894 1340 965 luerint
1351 895 1392 962 vel

315 986 498 1055 muliebris
512 1005 624 1054 sexus.

359 1074 508 1163 Verum,
526 1074 655 1143 sensim
672 1075 748 1142 sine
765 1094 883 1156 sensu,
900 1073 972 1142 iam
987 1073 1031 1141 ab
1048 1073 1125 1163 ipso
1148 1072 1289 1142 decreto
1317 1071 1393 1141 Cum

316 1164 496 1248 adurerer,
514 1164 597 1232 anni
617 1164 714 1254 1679,
732 1184 805 1253 quo
821 1161 993 1231 iudicium
1014 1161 1243 1253 committitur
1259 1162 1392 1231 Confes

315 1253 407 1322 sario
430 1253 491 1341 qui
515 1267 644 1321 secreta
667 1253 782 1321 cordis
804 1252 970 1340 explorat,
989 1251 1131 1321 inducta
1151 1264 1203 1319 est
1222 1252 1393 1341 disciplina

315 1343 349 1410 vi
362 1342 462 1410 cuius
473 1341 514 1410 ad
525 1340 788 1411 Confessarium
800 1341 1017 1411 ordinarium
1027 1342 1082 1409 vel
1093 1340 1392 1411 extraordinarium

316 1432 488 1500 exclusive
504 1432 652 1520 pertinet
667 1432 814 1520 singulis
831 1431 1021 1499 concedere
1033 1426 1327 1502 communionem
1343 1430 1393 1497 fre·

317 1520 481 1611 quentius
497 1542 605 1609 quam
620 1521 686 1589 fert
701 1522 822 1610 regula
834 1522 887 1589 vel
903 1542 1000 1589 usus

364 1609 521 1690 haiam,
548 1611 640 1699 apud
667 1610 826 1698 Lacroirr,
852 1612 875 1677 l.
902 1610 936 1697 6,
961 1631 997 1699 p.
1027 1632 1057 1695 1,
1090 1630 1126 1677 n.
1152 1609 1230 1693 656,
1261 1607 1299 1675 in
1327 1620 1393 1675 nota

316 1700 463 1768 habetur
475 1720 683 1788 responsum
697 1700 716 1765 3
728 1699 816 1767 febr.
830 1698 970 1789 1725‚in
986 1698 1163 1767 lanuensi.
1176 1696 1393 1766 «Dubitaturn

308 1789 381 1856 ¹fuit
407 1810 453 1856 an
480 1802 513 1855 et
540 1789 583 1855 de
610 1788 710 1856 cuius
736 1788 876 1857 licentia
908 1786 1134 1873 (Confessarii
1161 1787 1331 1855 ordinarii
1360 1806 1393 1853 an

320 1877 524 1962 Directoris)
550 1875 587 1946 S.
603 1877 866 1963 ¹Eucharistiam
882 1877 1035 1965 recipere
1051 1876 1199 1945 debeant
1219 1874 1392 1961 moniales,

318 1988 407 2055 quae
423 1987 502 2034 eam
521 1966 675 2055 recipere
689 1969 813 2036 volunt
833 1968 923 2035 ultra
938 1966 1013 2034 dies
1029 1980 1174 2034 statutos
1190 1987 1210 2033 a
1227 1964 1392 2033 Constitu·

316 2055 473 2123 tionibus
486 2055 541 2121 vel
557 2078 577 2123 a
593 2056 847 2123 consuetudine
863 2055 1081 2139 monasterii,
1094 2072 1133 2124 ut
1149 2055 1187 2123 in
1199 2054 1270 2121 illis
1282 2073 1394 2122 omnes

317 2144 490 2213 moniales
512 2146 785 2212 communicent.
815 2146 927 2214 Porro
949 2168 989 2231 14
1005 2144 1123 2234 aprilis
1139 2144 1299 2212 eiusdem
1323 2140 1392 2211 anni

316 2234 495 2322 respondit
513 2232 550 2301 S.
570 2233 805 2324 Congregatio
821 2236 858 2317 (l.
878 2235 912 2321 3,
929 2256 964 2322 p.
988 2234 1064 2319 151)
1091 2234 1134 2302 de
1149 2232 1290 2301 licentia
1312 2232 1393 2300 Con-

316 2322 447 2389 fessarii
461 2321 640 2391 Ordinarii
653 2340 686 2390 et
697 2345 772 2391 non
785 2322 986 2410 Directoris,
994 2323 1133 2413 praevia
1143 2322 1394 2411 participatione

319 2410 470 2479 Praelati
487 2411 677 2481 Ordinarii.
697 2437 710 2476 r
1329 2438 1332 2443 ·

364 2501 566 2581 Remmius,
591 2524 684 2571 anno
713 2501 810 2587 1888,
834 2523 873 2588 14
888 2523 968 2592 aug.
992 2503 1029 2570 in
1053 2500 1298 2591 Burdigalensi
1322 2500 1394 2566 haec

316 2591 485 2680 legimus:
508 2617 522 2654 r
545 2590 596 2657 Ex
611 2607 707 2680 parte
725 2591 897 2660 Officialis
911 2592 1012 2660 istius
1027 2591 1142 2660 curiae
1159 2588 1393 2659 ecclesiasticae

318 2678 513 2767 expositum
536 2701 649 2768 nuper
674 2681 752 2765 fuit,
781 2681 878 2770 quod
905 2681 943 2748 in
970 2682 1138 2750 omnibus
1167 2679 1238 2747 fere
1264 2677 1393 2746 familiis

318 2769 489 2858 religiosis
516 2769 800 2855 praescribuntur
831 2771 869 2837 in
896 2771 1032 2838 statutis
1063 2770 1145 2838 certi
1173 2769 1248 2837 dies
1276 2767 1393 2857 quibus

317 2879 441 2926 omnes
464 2858 508 2926 ad
532 2879 665 2926 sacram
689 2858 993 2926 Communionem
1009 2859 1171 2927 accedere
1186 2858 1340 2945 debent3
1367 2867 1394 2920 et

317 2948 414 3036 quod
438 2947 540 3015 multi
564 2947 866 3015 Commuuionem
893 2950 1091 3038 catalogum
1114 2947 1160 3014 ita
1185 2947 1391 3036 intellegunt,

317 3036 416 3124 quasi
444 3037 532 3104 nulli
557 3036 601 3103 sit
623 3037 759 3104 licitum
786 3037 1208 3124 saepiuscommunicare
1232 3037 1335 3104 etiarn
1355 3032 1393 3098 de

317 3125 465 3192 consilio
489 3125 713 3211 Confessarii,
738 3126 806 3194 nisi
830 3127 967 3194 accedat
989 3147 1133 3216 quoque
1155 3124 1312 3193 formalis
1327 3142 1392 3190 con·

317 3235 441 3280 sensus
456 3215 646 3301 superioris
661 3218 716 3283 vel
732 3216 994 3304 superiorissae.
1010 3255 1051 3266 —
1069 3211 1210 3301 Quibus
1226 3210 1390 3303 expositis,

317 3303 516 3391 quaesitum
529 3306 693 3392 proponit
708 3324 883 3391 quaenam
898 3305 942 3371 sit
959 3325 1058 3372 mens
1074 3304 1247 3372 Ecclesiae
1262 3299 1391 3390 quand0

252 3420 253 3423 ¹
317 3391 594 3480 approbat4haec
621 3407 745 3461 statuta
773 3393 863 3460 circa
887 3393 1176 3476 communionem
1204 3393 1240 3459 in
1264 3389 1391 3460 familiis

317 3481 503 3569 religiosis
533 3503 577 3549 an
604 3482 724 3550 haberi
749 3482 958 3551 debeantur
986 3481 1195 3571 prohibitiva
1217 3501 1263 3550 ne
1286 3481 1390 3570 plures

316 3569 402 3637 fiant
418 3571 686 3638 communiones
700 3597 710 3659 3
728 3572 782 3638 vel
798 3572 1025 3660 praeceptiva,
1045 3587 1084 3638 ut
1095 3592 1218 3638 omnes
1233 3583 1390 3660 conentur

316 3658 363 3726 ita
387 3660 499 3725 vivere
517 3674 555 3726 ut
570 3676 769 3727 mereantur
785 3662 828 3726 ad
845 3683 978 3728 sacrem
998 3661 1294 3730 communionem·
1309 3675 1389 3726 acce·

317 3748 399 3814 dere
411 3750 533 3814 saltem
548 3748 586 3829 irr
602 3749 670 3830 illis
686 3749 821 3817 diebus.
963 3795 964 3798 =
1291 3744 1319 3813 ζ,

362 3841 482 3925 Itaque
508 3835 545 3904 S.
572 3836 805 3927 Congregatio
824 3839 1082 3927 Episcoporum
1106 3853 1139 3905 et
1157 3823 1385 3927 Regularum,

316 3925 484 3993 omnibus
499 3928 678 4013 perpensis
694 3929 895 4016 respondit:

363 4015 534 4103 Negative
546 4015 588 4081 ad
602 4015 752 4103 primam
767 4035 912 4104 partem,
930 4033 963 4083 at
973 4015 1170 4088 facultatem
1185 4014 1385 4106 frequentius

303 4104 359 4169 ⁴,ad
385 4101 422 4170 S.
450 4101 616 4192 Synaxim
638 4107 823 4174 accedendi
848 4106 1114 4192 relinquendam
1141 4127 1215 4174 esse
1228 4104 1385 4206 privative

316 4191 447 4292 iudicio
477 4192 692 4292 confessarii,
731 4197 879 4264 excluso.
909 4215 1082 4262 consensu
1121 4196 1305 4284 superroris
1338 4191 1385 4260 vel

316 4300 574 4367 superiorissae.
1168 4305 1174 4314 ··
