2959 4900
320 404 381 473 158
773 427 955 472 uouuuuura
992 449 993 452 =
1030 446 1032 448 ·

318 565 425 637 quibus
439 563 584 633 coalescit,
610 581 678 643 cum
701 563 753 619 sui
770 565 999 638 quaequeiuris
1023 577 1127 634 essent,
1153 577 1206 621 nec
1225 583 1256 623 se
1278 566 1395 631 invicem

265 650 267 652 ’
318 637 455 693 adiuvare
477 648 505 693 et
532 639 677 710 praesidio
701 652 773 705 esse,
798 654 852 694 nec
878 650 981 694 mutua
1005 637 1119 694 virtutis
1143 638 1339 694 aemulatione
1364 639 1396 692 ad

316 708 439 765 meliora
453 720 481 764 et
499 708 612 765 maiora
626 725 658 765 se
675 708 800 764 excitare
814 710 960 778 valerent3
976 709 1084 766 idcirco
1106 709 1174 764 huic
1188 727 1287 765 rerum
1306 710 1397 766 condi-

317 781 394 836 cioni
409 793 575 854 opportuna
596 792 684 854 atque
705 780 842 836 salutaria
861 779 1009 837 afferenda
1028 781 1141 837 censuit
1162 781 1300 837 remedia.
1319 784 1354 837 Et
1371 798 1398 834 re

317 852 437 925 quidem
460 869 528 908 vera
548 871 565 908 a
584 851 696 908 cunctis
713 852 927 909 ¹Ursulinarum
951 853 1097 921 domibus
1125 853 1233 926 ubique
1261 867 1398 909 terrarum

316 924 529 993 exsistentibus,
545 923 647 980 litteris
667 923 714 979 die
728 942 759 979 21
776 923 838 978 iulii
856 924 1018 998 1899110111,
1033 925 1145 997 exquiri
1164 924 1313 981 mandavit
1331 942 1398 979 num

316 996 425 1053 scilicet
438 996 575 1052 lnstituto
596 995 746 1052 universas
760 995 865 1052 domos
889 997 1090 1071 complectenti
1106 996 1285 1071 habentique
1307 997 1399 1052 sedern

315 1069 479 1142 principem
489 1067 520 1123 in
536 1068 626 1136 Urbe,
644 1067 667 1122 si
680 1067 800 1139 quando
811 1085 862 1142 per
871 1069 1075 1125 auctoritatem
1091 1069 1119 1124 S.
1132 1069 1213 1124 Sedis
1226 1081 1397 1141 exsurgeret,

316 1140 440 1196 libenter
453 1139 642 1208 accederent;
669 1153 697 1195 et
721 1157 791 1195 cum
804 1157 892 1212 supra
911 1141 1059 1222 sexaginta
1074 1157 1108 1196 ex
1123 1139 1179 1195 illis
1192 1157 1255 1197 sese
1270 1139 1299 1195 id
1315 1139 1399 1195 liben-

220 1262 226 1268 .
315 1211 425 1267 tissime
446 1210 519 1268 velle
531 1210 757 1292 respondissent,
778 1211 855 1266 idem
872 1213 1005 1268 Pontifex
1018 1212 1148 1282 primurn
1170 1229 1223 1286 pro
1236 1225 1398 1284 temporum

130 1497 252 1544 Hactenus

101 1570 116 1601 a
124 1570 148 1600 se
157 1555 222 1610 tacta

100 1617 215 1660 memorat

101 1668 224 1730 Pontifex.

316 1296 420 1338 natura
440 1284 521 1339 vivae
541 1300 620 1339 vocrs
640 1283 771 1349 oraculo,
794 1282 840 1338 die
864 1285 897 1340 28
910 1284 1077 1339 novembris
1104 1302 1179 1356 1900,
1202 1285 1341 1357 deinceps
1353 1299 1399 1355 per

316 1355 465 1414 decretum
479 1373 496 1410 a
509 1355 596 1410 Sacra
620 1355 735 1426 Congre
756 1355 854 1410 atione
868 1355 1081 1428 Episcoporum
1100 1359 1127 1411 ef
1142 1356 1342 1428 Regularium,
1357 1355 1398 1408 die

318 1444 349 1498 ¹7
365 1426 428 1481 iulii
444 1427 511 1500 1903
525 1426 648 1493 editum,
665 1373 842 1498 praedictam
856 1427 1006 1484 Unionem
1019 1427 1199 1500 approbavit.

352 1497 439 1567 Quod
454 1498 491 1553 ad
510 1498 572 1552 Nos
586 1497 698 1566 attinet,
713 1499 772 1562 iam
787 1515 803 1553 a
824 1499 991 1570 primordiis
1013 1497 1199 1572 pontificatus
1220 1497 1322 1554 Nostri
1336 1495 1397 1551 dicti

317 1569 445 1624 lnstituti
469 1568 712 1630 constitutiones.
738 1570 807 1626 item
829 1587 880 1643 per
905 1571 1054 1628 decretum
1077 1587 1094 1624 a
1118 1571 1148 1626 S.
1169 1569 1399 1642 Congregatione

317 1641 530 1715 Episcoporum
551 1653 580 1696 et
593 1640 784 1713 Regularium
797 1640 844 1697 die
872 1661 903 1713 14
917 1642 1087 1717 septembris
1112 1643 1179 1715 1903
1195 1642 1308 1704 datum,
1329 1651 1399 1695 ratas

314 1711 488 1782 habuimus;
514 1728 568 1768 nec
594 1713 686 1768 ullam
715 1715 962 1786 praetermisimus
989 1713 1184 1776 occasionem,
1213 1713 1397 1782 singularem,

315 1802 373 1855 qua
387 1785 460 1866 illud
473 1784 687 1859 prosequimur,
701 1783 935 1844 benevolentiam
952 1789 1090 1843 Nostram
1108 1784 1294 1854 testificandi,
1312 1783 1400 1838 laetis·

259 1875 266 1887 ³
314 1858 389 1912 simo
402 1869 490 1912 ettam
502 1868 652 1912 cernentes
664 1856 765 1914 animo
787 1855 857 1915 alias
872 1870 959 1932 atque
981 1857 1051 1912 alias
1075 1857 1180 1933 domos
1198 1855 1353 1930 paullatim
1366 1855 1398 1909 ad

124 2014 208 2062 Denuo
217 2020 260 2076 111-

96 2073 183 2132 probat
196 2074 258 2122 Con·

100 2133 244 2181 alitationes.

249 2472 261 2486 .
350 2431 488 2488 Volentes
500 2447 619 2503 insuper
628 2429 803 2558 specialibus

127 3002 238 3049 Instituit

98 3064 164 3118 optat
175 3063 251 3108 inere-

99 3123 200 3165 mentum
211 3132 220 3171 ,·

97 3176 211 3235 Episcopi

98 3237 203 3280 suaviter
213 3232 245 3280 ad

98 3293 254 3338 consociatio·

97 3363 148 3394 nem
158 3349 236 3396 addu-

98 3411 153 3452 cant
170 3408 249 3454 haesi·

99 3468 173 3510 tantes
185 3464 259 3512 Ursu-

97 3520 171 3571 linas.
224 3555 226 3558 -

314 1928 388 1983 illud
400 1928 567 1986 convenire.

351 2002 439 2057 Nunc
456 1996 543 2068 vero,
558 1995 626 2055 curn
647 2001 751 2057 uberes
772 1999 883 2057 fructus
904 2018 979 2073 quos
1005 1999 1213 2057 Ursulinarum
1233 1997 1398 2054 coniunctio

315 2074 426 2145 peperit
451 2089 502 2145 per
517 2072 578 2127 Nos
593 2074 675 2144 lpsos
698 2074 938 2145 perspexerimus,
962 2088 1089 2146 cumque
1111 2071 1260 2128 uberiores
1286 2087 1361 2144 quos
1372 2071 1398 2123 in

313 2145 446 2200 futurum
459 2155 502 2201 est
513 2143 642 2216 paritura
655 2143 866 2217 prospiciamus
879 2166 884 2202 :
910 2148 973 2200 Nos
985 2163 1047 2200 11011
1061 2143 1157 2198 solum
1171 2142 1317 2198 unionem
1330 2141 1399 2196 hanc

314 2214 435 2272 feliciter
447 2216 561 2285 initam,
576 2215 625 2271 sed
640 2226 669 2270 et
685 2215 917 2274 Constitutiones
932 2217 1026 2274 eidem
1043 2215 1178 2271 lnstituto
1191 2214 1283 2278 datas,
1306 2226 1399 2268 aucto·

314 2288 398 2360 ritate
413 2289 518 2344 Nostra
533 2288 640 2342 iterum
652 2286 820 2359 plenissime
832 2290 1029 2363 approbamus
1052 2300 1079 2343 et
1092 2285 1315 2354 confirmamus,
1337 2284 1399 2340 illis-

315 2376 372 2432 que
386 2372 542 2433 perpetuae
554 2371 583 2414 et
594 2358 772 2416 inviolabilis
785 2361 810 2414 A
833 2361 968 2416 ostolicae
986 2359 1131 2415 firmitatis
1142 2360 1232 2414 robur
1247 2356 1398 2413 adicimus.

501 2430 507 2439 '
812 2377 960 2489 Favoribus
975 2432 1087 2488 dictum
1101 2430 1311 2487 Ursulinarum
1322 2428 1399 2484 lnsti-

314 2514 412 2559 tutum
431 2519 547 2577 augere,
563 2502 644 2559 omni
667 2520 702 2558 us
727 2514 756 2559 et
776 2503 1053 2577 singuliseiusdem
1082 2504 1208 2559 lnstituti
1234 2500 1398 2567 Sodalibus,

314 2576 454 2632 redeunte
477 2574 674 2631 anniversaria
695 2573 742 2630 die
764 2592 821 2648 qua
846 2578 1054 2643 Ursulinarum
1075 2574 1148 2631 unio
1171 2576 1208 2631 ab
1230 2574 1399 2646 Apostolica

315 2648 389 2703 Sede
415 2646 575 2721 approbata
599 2646 664 2716 fuit,
685 2646 818 2703 videlicet
840 2647 887 2704 die
911 2650 945 2705 28
968 2647 1145 2712 novembris,
1170 2646 1198 2701 in
1226 2656 1399 2719 perpetuum

313 2719 474 2793 plenariam
499 2718 634 2774 omnium
655 2730 843 2790 peccatorum
864 2718 1227 2789 suorumindulgentiam
1249 2729 1278 2771 et
1302 2717 1399 2771 remis-

314 2790 428 2847 sionem
441 2788 665 2846 misericorditer
676 2791 708 2845 111
723 2790 852 2846 Domino
865 2792 1056 2865 impertimus.
1072 2791 1169 2858 Quam
1188 2788 1399 2859 indulgentiam

314 2864 400 2919 etiam
416 2861 570 2918 animabus
584 2859 717 2917 fidelium
731 2862 904 2935 Purgatorio
918 2864 1040 2920 detentis
1063 2880 1113 2936 per
1132 2862 1255 2917 modum
1270 2858 1400 2931 suffragii

313 2934 451 3007 applicari
464 2950 549 3007 posse
563 2933 767 2990 concedimus
799 2965 801 2969 ·
855 2962 858 2969 ·

350 3008 394 3061 Ex
406 3005 452 3061 his
474 3015 577 3078 sponte
591 3004 687 3061 elucet
698 3018 844 3077 quantum
858 3006 922 3062 Nos
946 3021 1091 3079 optemus,
1107 3017 1140 3060 ut
1155 3004 1327 3060 Institutum
1341 3014 1400 3058 tam

313 3079 405 3133 fauste
425 3077 585 3151 inceptum,
608 3088 696 3133 aucto
717 3076 748 3132 in
767 3077 827 3131 dies
845 3077 1067 3135 adhaerentium
1092 3094 1226 3143 numero,
1248 3076 1278 3129 in
1305 3075 1400 3131 maius

313 3149 500 3231 provehatur,
522 3148 669 3221 latiusque
681 3161 786 3221 pateat.
802 3149 989 3223 Quapropter
1002 3151 1190 3206 vehementer
1205 3148 1400 3203 adhortamur

313 3222 378 3277 illas
401 3238 477 3293 quae
498 3220 596 3275 adhuc
621 3232 701 3275 extra
730 3218 904 3277 Institutum
937 3236 1089 3279 versantur
1117 3220 1253 3285 familias
1278 3232 1311 3275 ut
1340 3236 1400 3275 sese

313 3294 409 3349 eidem
422 3292 582 3349 adsciscere
594 3291 694 3348 velint.
720 3294 824 3364 Neque
848 3294 1021 3349 dubitamus
1035 3292 1107 3365 quin
1127 3289 1318 3348 Venerabiles
1334 3292 1399 3346 Fra-

312 3378 370 3421 tres
390 3363 491 3420 Nostri
510 3363 658 3436 Episcopi,
684 3363 716 3418 in
738 3381 867 3436 quorum
886 3365 1068 3422 dioecesibus
1091 3362 1265 3420 huiusmodi
1288 3364 1400 3419 Ursuli-

313 3455 419 3492 narum
432 3437 539 3491 domus
552 3434 703 3501 exsistunt,
728 3452 791 3492 non
805 3436 903 3492 solum
916 3438 1077 3493 earundem
1090 3437 1166 3492 votis
1186 3436 1398 3503 obsecundent,

312 3526 414 3564 verum
439 3506 527 3563 etiam
540 3518 720 3572 cunctantes,
735 3508 759 3562 si
774 3525 850 3580 quae
868 3509 988 3577 fuerint,
1004 3510 1040 3563 ad
1055 3521 1187 3582 optatam
1205 3507 1400 3567 consociatio-

258 3612 261 3626 -.
312 3598 381 3636 nem
406 3579 534 3638 suaviter
566 3576 705 3659 flectant,¹
718 3595 892 3652 persuasum
925 3582 1012 3655 plane
1046 3582 1199 3647 habentes,
1224 3580 1306 3661 quod
1329 3580 1399 3636 dicti

129 3794 257 3853 Praecepta

96 3848 229 3913 divulgatur

96 3908 255 3976 Litterarum..

126 4085 238 4148 'Clausula

95 4147 218 4220 turgens.
256 4153 258 4156 ’

124 4255 184 4301 Dies
194 4258 221 4314 (8

97 4315 159 4360 maii
165 4316 244 4373 1905).

315 3652 442 3708 lnstituti
453 3648 684 3707 Constitutiones
698 3662 738 3705 tta
751 3651 809 3707 sint
822 3654 1025 3721 concinnatae,
1040 3665 1074 3707 ut
1092 3651 1294 3725 quarumlibet
1307 3653 1399 3708 natio·

312 3742 385 3779 num
398 3722 661 3780 consuetudinibus
673 3733 762 3793 atque
773 3722 865 3779 indoli
881 3726 1031 3792 aptissime
1044 3736 1223 3797 congruant.

347 3803 493 3859 Volumus
514 3813 613 3858 autem
634 3814 668 3857 ut
681 3816 849 3873 praesentes
876 3804 1003 3862 Litterae
1025 3806 1062 3859 ad
1077 3805 1219 3878 singulos,
1241 3804 1277 3860 de
1292 3803 1399 3878 quibus

312 3892 409 3947 supra,
434 3874 598 3946 Episcopos
619 3873 784 3943 mittantur,
807 3892 970 3949 eorumque
992 3894 1062 3933 cura
1090 3876 1121 3933 in
1142 3875 1277 3943 linguam
1299 3894 1399 3934 verna-

311 3950 416 4003 culam·
433 3946 471 4001 ad
497 3946 621 4001 verbum
646 3944 802 4017 diligenter
834 3963 943 4017 versae,
969 3950 998 4004 in
1023 3950 1155 4022 qualibet
1186 3949 1399 4006 Ursulinarum

311 4020 412 4088 domo,
428 4018 547 4092 speciali
561 4018 598 4073 ad
612 4017 642 4071 id
656 4017 768 4074 indicto
783 4032 940 4088 conventu,
955 4021 1099 4093 legantur.

348 4100 431 4153 Haec
445 4098 481 4151 ad
496 4097 592 4152 maius
617 4096 827 4153 Ursulinarum
844 4100 973 4156 lnstituti
999 4102 1121 4158 bonum*
1132 4113 1221 4174 atque
1235 4101 1405 4163 incremena

254 4219 259 4226 „
310 4183 376 4225 tum
393 4169 544 4237 edicimus,
560 4168 713 4223 contrariis
728 4170 965 4243 quibuscumque
975 4191 1036 4228 non
1050 4174 1245 4231 obstantibus.
1325 4220 1330 4229 ,

350 4256 458 4310 Datum
475 4256 596 4320 Romae,
611 4255 690 4327 apud
702 4255 734 4309 S,
754 4257 881 4325 Petrum,
898 4258 945 4313 die
958 4259 1028 4313 Vlll
1046 4258 1115 4314 maii
1129 4276 1175 4313 an.
1195 4260 1395 4333 MDCCCCV,

314 4327 504 4384 Pontificatus
519 4325 621 4381 Nostri
635 4327 778 4384 secundo,

853 4468 856 4476 Δ
912 4430 963 4445 --
1017 4402 1345 4471 ,1111511110
