2959 4900
308 256 368 318 llfi
749 281 952 318 SUPPLEMENTA

308 413 403 502 quod
421 412 457 480 in
474 411 750 504 obligationibus
767 415 1016 484 communibus
1032 415 1239 485 clericorum
1258 411 1388 484 Institu-

308 519 342 571 ta
365 524 438 579 non
466 519 623 594 exempta
647 525 766 594 parere
798 505 946 574 debeant
973 505 1161 596 Episcop0,
1191 526 1273 574 cum
1300 502 1387 572 Con·

308 592 526 682 gregationes
542 592 715 676 clericales
728 609 902 663 ,votorum
919 595 1133 684 simplicium
1157 594 1389 663 existimentur

309 702 383 778 esse
399 682 442 750 de
459 704 604 771 corpore
621 682 824 752 clericorum
841 685 1070 756 saecularium
1089 691 1111 754 ¹.

355 811 386 857 2.
405 787 447 857 C.
466 790 594 878 Nuper
610 810 733 860 ornnes
751 783 882 881 obligat
908 789 1057 858 Ordines
1074 790 1271 879 regulares
1291 787 1388 856 etiam

309 877 453 968 eosqui
482 900 555 946 non
577 880 690 948 solent
721 901 827 948 onera
855 881 1041 950 missarum
1070 881 1233 968 recipere.
1268 879 1320 946 lta
1346 891 1390 944 est

309 976 518 1058 responsum
534 967 571 1036 in
587 968 891 1057 declarationibus,
909 990 945 1038 n.
966 971 1020 1056 35,
1039 967 1135 1059 quod
1152 969 1193 1036 ad
1218 968 1390 1036 decretum

308 1057 353 1158 de
380 1077 529 1215 rhumero
556 1057 800 1146 religiosorum
828 1058 865 1125 in
889 1059 1036 1148 singulis
1063 1058 1293 1128 conventibus
1318 1055 1390 1124 reci·

308 1167 389 1236 pren
416 1168 449 1215 0.

355 1247 423 1316 Sed
437 1262 572 1338 oportet
585 1263 623 1316 ut
638 1250 863 1320 condiciones
880 1251 993 1319 adsint
1009 1272 1098 1340 quae
1111 1249 1256 1318 decretis
1273 1268 1391 1338 suppo·

234 1331 239 1349 ’
310 1351 453 1407 nuntur.
472 1339 603 1426 Quare,
623 1339 737 1408 sinon
754 1339 828 1428 ipsa
845 1339 973 1410 domus
986 1341 1164 1430 regularis,
1180 1339 1239 1408 sed
1253 1337 1391 1426 quidam

309 1441 446 1496 tanturn
473 1429 638 1515 religiosi,
657 1430 704 1496 ob
720 1430 912 1519 peculiares
938 1451 1070 1517 causas,
1090 1428 1260 1519 stipendia
1278 1427 1389 1496 missa·

309 1539 388 1584 rum
417 1517 599 1608 accipiant,
619 1539 678 1585 eae
701 1535 839 1586 tantum
857 1533 969 1609 partes
996 1520 1215 1587 decretorum
1244 1518 1289 1584 de
1311 1519 1391 1584 elee-

310 1606 467 1696 mosynis
498 1622 578 1674 sunt
610 1608 835 1697 applicandae
867 1630 957 1696 quae
995 1610 1123 1676 cadunt
1153 1609 1191 1675 in
1222 1605 1391 1696 simplices

310 1696 502 1763 sacerdotes
520 1712 692 1764 eteorum
710 1698 919 1786 superiores.

355 1804 385 1871 3.
406 1805 575 1871 Instituta
598 1814 759 1886 potorum
787 1807 1001 1897 simplicium,
1031 1830 1112 1876 cum
1138 1821 1296 1896 exempta
1323 1819 1392 1871 turn

310 1914 384 1961 non
418 1909 587 1983 exempta,
621 1898 776 1985 proprias
816 1897 1028 1985 regularium
1065 1896 1296 1986 obligationes
1327 1914 1392 1961 non

310 1983 526 2072 participant.
554 1983 673 2070 Quare
705 1986 759 2056 (Ε.
790 1988 918 2076 Nuper
945 2008 1018 2054 non
1042 1987 1242 2076 obligantur
1266 1984 1333 2051 nisi
1360 1997 1392 2049 ut

310 2073 504 2141 sacerdotes
531 2075 583 2140 vel
608 2074 721 2141 clerici
750 2081 953 2144 saeculares.
988 2076 1078 2142 lllud
1110 2093 1227 2143 tamen
1259 2075 1392 2141 interest

310 2162 400 2230 inter
427 2178 601 2248 exemptas
617 2179 651 2230 et
677 2185 750 2231 non
775 2178 949 2252 exemptas
973 2165 1285 2254 Congregationes,
1304 2161 1390 2251 quod

309 2267 487 2340 exemptae
511 2251 809 2342 Congregationes
825 2255 875 2322 uti
893 2271 1040 2342 possunt
1063 2254 1313 2344 Superioribus
1329 2251 1393 2318 suis

310 2357 490 2430 tamquam
507 2340 717 2425 Ordinariis,
736 2342 822 2411 dum
838 2365 912 2411 non
929 2361 1105 2432 exemptae
1129 2364 1192 2434 pro
1211 2339 1392 2411 Ordinario

311 2430 439 2499 habent
458 2431 674 2521 Episcopum
691 2432 950 2501 dioecesanum.

245 2589 248 2593 .
288 2596 291 2600 ,
348 2540 436 2608 Hinc,
464 2545 490 2612 a)
520 2541 627 2596 Omnia
657 2542 790 2597 Instituta
823 2542 991 2598 afficiuntur·
1014 2542 1212 2615 prohibitione
1244 2536 1392 2596 reducendi

311 2612 413 2668 missas
427 2626 455 2669 et
469 2625 622 2685 praecepto
635 2615 799 2670 celebrandi
818 2628 861 2669 tot
874 2614 976 2669 missas
989 2629 1061 2687 quot
1075 2614 1183 2670 fuerint
1196 2612 1391 2687 praescriptae.

347 2697 375 2768 b)
397 2698 442 2751 Ad
462 2698 638 2770 acceptanda
656 2716 745 2753 onera
765 2711 914 2773 perpetua,
937 2698 1070 2754 Instituta
1093 2715 1153 2753 non
1174 2708 1306 2769 exempta
1325 2708 1392 2765 opus

310 2768 420 2825 habent
432 2769 548 2825 licentia
563 2770 699 2842 Episcopi
712 2770 756 2826 vel
772 2770 877 2825 Vicarii
891 2770 1043 2842 generalis,

347 2857 373 2925 c)
391 2853 511 2908 Publica
525 2854 709 2909 decretorum
724 2854 850 2909 lectione
865 2867 892 2909 et
906 2854 1007 2927 poenis
1024 2854 1214 2927 Regularium
1228 2869 1289 2907 non
1302 2862 1393 2905 tenen·

311 2936 359 2980 tur
376 2925 509 2988 Instituta
524 2939 661 2980 votorum
674 2925 861 2999 simplicium.
1453 2970 1454 2993 2

349 3010 387 3064 N.
405 3011 438 3064 B.
462 3029 484 3065 r.
506 3009 647 3077 Quamvis
667 3010 838 3083 Superiores
859 3009 1101 3081 congregationis
1121 3026 1181 3065 non
1209 3008 1266 3064 sint
1285 3002 1393 3082 proprie
1453 3000 1454 3041 t

314 3079 437 3135 Praelati
455 3081 622 3152 RegulareS,
637 3082 754 3137 evidens
773 3095 870 3136 tamen
885 3099 989 3137 causae
1022 3082 1109 3137 aritas
1129 3083 1308 3139 demonstrat
1323 3078 1393 3150 ipsos

312 3150 400 3206 etiam
412 3168 498 3224 posse
509 3152 631 3207 subditis
646 3153 776 3225 accipere
791 3166 818 3208 et
831 3170 971 3225 quaerere
986 3100 1196 3226 eieemosynas,
1214 3165 1247 3207 ut
1260 3152 1295 3207 de
1315 3151 1391 3203 Prae-

312 3220 377 3277 latis
394 3223 585 3295 Regularibus
599 3225 698 3279 statuit
711 3226 860 3280 decretum
880 3225 920 3280 Ut
932 3225 1028 3279 debita
1042 3243 1071 3282 n.
1093 3244 1114 3280 r.

349 3326 375 3363 2.
389 3307 561 3387 Siquando,
576 3317 610 3363 cx
621 3308 823 3381 eleemosynas
834 3307 1022 3365 offerentium
1037 3325 1192 3376 consensu,
1207 3306 1310 3362 missas
1322 3316 1393 3357 acce-

313 3378 390 3453 peris
409 3378 473 3434 alris
492 3379 691 3435 sacerdotibus
710 3380 934 3446 transferendam,
956 3398 986 3435 re
1007 3396 1074 3435 vera
1097 3378 1128 3433 hi
1148 3379 1279 3451 primum
1296 3391 1348 3449 per
1365 3388 1394 3451 se

314 3449 523 3522 obligationem
536 3451 714 3506 contrahunt
727 3451 828 3507 missas
851 3451 1028 3506 celebrandi.
1050 3451 1204 3518 Quocirca,
1230 3450 1253 3504 si
1269 3462 1306 3503 'ex
1328 3447 1393 3522 dest·
1452 3508 1453 3513 ἵ

313 3523 451 3594 gnatione
471 3540 663 3595 personarum
684 3523 791 3593 quibus
811 3523 915 3577 missae
933 3523 991 3577 sint
1010 3541 1026 3577 a
1049 3534 1077 3578 te
1098 3524 1266 3589 tradendae,
1282 3518 1325 3597 vel
1344 3514 1392 3571 alra

313 3593 426 3649 ratione
439 3594 629 3667 perspiciatur
642 3607 669 3649 te
680 3612 741 3649 non
755 3611 816 3650 esse
826 3594 882 3649 nisi
893 3594 1107 3649 mandatarium
1120 3595 1156 3648 ad
1170 3594 1272 3649 missas
1287 3600 1392 3669 mitten-

314 3666 374 3730 das,
396 3682 451 3721 nec
476 3666 569 3739 ipsam
592 3664 819 3721 celebrationem
842 3682 903 3722 esse
932 3680 998 3721 tuae
1023 3665 1092 3721 littei
1116 3666 1312 3731 commissam,
1326 3664 1393 3741 lacta

312 3736 500 3866 trglnslatione
514 3738 653 3793 mandato
667 3751 718 3792 tuo
738 3756 769 3793 es
788 3737 914 3805 functus,
930 3755 982 3793 nec
1005 3736 1064 3792 ulla
1084 3751 1231 3811 praeterea
1245 3748 1348 3791 tenens
1364 3741 1392 3783 tu

313 3826 331 3863 o
364 3821 498 3881 rgattone.

350 3893 376 3948 3.
393 3894 436 3948 Re
455 3910 533 3960 vera,
555 3893 590 3946 dc
611 3892 706 3948 missis
726 3910 800 3965 quas
824 3892 971 3950 Ordinarii
994 3892 1053 3949 suis
1075 3892 1197 3949 subditis
1219 3890 1392 3949 committant

315 3962 512 4033 celebrandas,
528 3965 644 4020 decreto
663 3966 703 4020 Ur
715 3965 812 4023 debita
827 3965 898 4020 nihil
912 3982 1022 4019 novum
1037 3964 1170 4021 edicitur.

343 4191 350 4225 ¹
367 4190 423 4240 Ctr.
440 4204 551 4239 causam
563 4205 580 4238 a
591 4192 618 4239 S.
632 4192 662 4239 C.
681 4190 732 4248 Ep.
750 4193 776 4235 et
793 4190 859 4248 Reg.
877 4186 1041 4246 diremptam
1057 4186 1101 4235 die
1120 4192 1146 4233 16
1162 4191 1232 4246 sept.
1247 4193 1310 4244 1864,
1326 4177 1391 4240 apud

315 4256 459 4314 Brzznnnr,
472 4257 625 4314 Collectamo,
642 4272 670 4316 p.
683 4264 734 4313 795,
747 4255 788 4302 ed.
804 4273 824 4302 1.
