2959 4900
123 319 210 397 [158]
290 342 396 378 runrcm
411 343 432 378 s.
449 342 473 379 o.
491 344 533 378 nr.
552 344 587 379 nr
604 344 666 379 nna.
685 343 878 381 excursionis.
896 343 1034 380 uuannutr
1153 321 1208 382 f'fl

125 469 292 529 Ordinario
305 474 465 531 esercitare
478 474 503 529 il
522 474 674 540 minr'stero
687 474 764 531 delle
778 474 965 545 Confessiom'
975 492 1031 550 per
1046 475 1074 532 Ie
1086 492 1213 551 persone

121 543 206 616 quivi
219 544 384 602 ricoverate
397 545 446 601 nef
457 562 526 603 caso
539 550 548 585 ¹
689 564 692 571 ·
974 550 976 552 ’

163 630 322 703 Respondit
336 651 342 687 :
364 632 389 687 A
388 630 555 706 ffirmatt‘ve
569 641 597 686 et
608 631 649 687 ad
663 642 789 687 mentem
802 644 823 688 ².

163 732 185 769 1.
207 715 357 772 Sententia
378 716 432 772 ista
454 714 517 772 iure
536 715 665 789 quodam
684 716 887 774 familiaritatis
906 717 989 773 nullo
1008 727 1093 790 pacto
1115 718 1215 774 innixa

122 784 248 864 videtur,
263 804 331 843 cum
350 805 403 844 nec
423 788 504 844 Ordo
523 789 553 844 S.
576 788 694 845 Ioannis
713 788 896 845 contenderit
908 788 1035 862 hospites
1050 788 1087 845 de
1105 789 1213 863 quibus

121 873 152 911 m
164 874 252 914 causa
265 858 296 915 in
311 859 501 916 familiaribus
512 859 583 933 poni
596 876 690 932 posse.
904 866 919 888 ’-

1266 640 1416 687 Resolutlo

1294 722 1405 774 Annale-

1267 781 1348 828 ft'ms.
1416 841 1421 853 ι

159 942 223 999 Nec
245 960 280 1000 ex
294 960 375 1001 mera
393 943 541 1018 hospitum
561 944 591 1000 in
612 944 676 1001 loco
696 956 832 1018 exempto
844 943 1023 1005 versantium
1039 944 1213 1003 condicione
1266 950 1269 955 '

119 1011 286 1070 estfactum
299 1029 506 1089 argumentum
518 1011 621 1073 saltem
631 1016 802 1090 principale.

157 1099 270 1155 Verum
292 1101 416 1175 allegata
439 1100 624 1175 potissimum
643 1113 711 1157 sunt
730 1100 889 1175 peculiaria
914 1101 1032 1157 Ordinis
1054 1079 1212 1175 privilegia,

119 1180 211 1242 atque
223 1171 296 1227 illud
305 1173 474 1246 praecipue,
491 1174 572 1247 quod
584 1175 621 1229 ab
638 1174 762 1229 Uanaxo
782 1173 865 1242 Vlll,
884 1174 968 1231 Brevi
977 1174 1213 1230 Sacrosanctum

119 1257 306 1313 concessum,
332 1244 540 1301 confirmatum
563 1257 605 1300 est
629 1262 645 1299 a
673 1246 840 1300 Brunntcro
864 1245 946 1314 XIV,
973 1245 1052 1301 brevi
1077 1245 1215 1302 creditae
1271 1302 1274 1307 ,

120 1312 216 1378 nobis,
234 1316 299 1386 1845
316 1335 322 1372 :
338 1336 354 1367 a
369 1317 409 1371 Ut
423 1316 585 1389 cappellani
600 1332 652 1387 pro
667 1326 799 1387 tempore
819 1316 987 1373 exsistentes
1006 1316 1074 1372 dicti
1087 1316 1213 1390 hospita·

120 1383 157 1438 lis
170 1385 271 1441 omnia
285 1398 313 1443 et
325 1386 448 1459 singula,
464 1403 570 1460 nempe
586 1387 792 1454 Paenitentiae,
802 1389 1002 1445 Eucharistiae
1014 1404 1047 1443 ac
1060 1388 1213 1445 Extremae

122 1456 280 1513 Unctionis
290 1457 404 1531 aliaque
414 1458 605 1515 ecclesiastica
615 1473 830 1518 sacramenta...
845 1459 1047 1515 administrare
1060 1459 1182 1540 ppssint.
1196 1481 1212 1512 x

120 1528 219 1599 Atque
233 1529 359 1586 addebat
369 1530 448 1586 idem
463 1530 492 1587 S.
511 1529 658 1587 Pontifex:
674 1532 825 1587 Praeterea
838 1531 940 1587 iisdem
955 1531 1103 1596 modernis
1117 1544 1145 1587 et
1161 1547 1213 1606 pro
1292 1542 1295 1545 ’

118 1610 255 1671 ternpore
270 1600 472 1659 exsistentibus
489 1602 637 1659 Fratribus
650 1602 719 1657 dicti
731 1602 849 1658 Ordinis
863 1602 894 1658 in
907 1619 989 1658 sacro
1001 1603 1214 1675 presbyteratus

119 1670 226 1749 ordine
251 1672 415 1728 constitutis
439 1672 469 1729 in
494 1672 687 1747 hospitalibus
710 1684 738 1745 et
763 1673 899 1730 domibus
926 1673 1211 1730 commorantibus...

119 1738 345 1800 infirmorum...
369 1761 485 1801 necnon
509 1744 642 1801 Fratrum
668 1744 851 1817 aliarumque
876 1761 1069 1818 personarum
1095 1744 1213 1801 illorum

120 1812 240 1869 servitio
265 1815 456 1885 addictarum,
481 1833 677 1890 quocumque
704 1816 823 1873 nomine
847 1830 1094 1890 nuncupatarum‚
1120 1833 1213 1872 sacra·

119 1884 265 1942 mentales
277 1886 474 1943 confessiones
489 1888 654 1961 excipere...
669 1887 760 1945 libere
772 1899 801 1945 et
813 1887 890 1945 licite
910 1889 1019 1961 possint
1033 1904 1067 1943 ac
1086 1887 1210 1955 valeant,

118 1954 251 2026 plenam,
275 1957 398 2013 liberam
412 1969 440 2014 et
452 1958 656 2016 omnimodam
670 1958 837 2015 facultatem
850 1972 878 2017 et
891 1959 1094 2016 auctoritatem
1108 1958 1213 2026 harum

119 2027 197 2083 serie
210 2040 350 2102 perpetuo
364 2030 519 2087 tribuimus
533 2044 560 2086 et
573 2030 767 2104 impertimur.
788 2053 816 2082 »·
1068 2038 1071 2044 '

160 2133 186 2171 2.
209 2116 285 2173 Cum
296 2118 466 2192 Superiores
480 2119 599 2175 Ordinis
609 2120 638 2177 S.
651 2120 770 2175 loannis
782 2119 840 2175 sint
849 2118 926 2187 laici,
937 2118 1045 2192 quibus
1055 2116 1214 2190 spiritualis

120 2186 285 2244 iurisdictio
304 2206 365 2246 non
385 2190 563 2255 conceditur,
581 2192 666 2263 plena
685 2190 739 2246 ista
758 2190 955 2247 confessiones
969 2188 1107 2245 audiendi
1119 2201 1214 2262 potes·

120 2270 178 2325 tas,
198 2259 305 2384 dgrecte
324 2279 341 2316 a
361 2262 390 2317 S.
415 2262 556 2317 Pontifice
576 2262 717 2335 religiosis
736 2263 798 2319 istis
820 2261 998 2337 cappellanis
1025 2260 1147 2317 concedi
1171 2274 1214 2318 est

120 2342 216 2402 putan
237 2348 263 2387 a.
1070 2357 1080 2373 ·
1145 2339 1149 2345 “

160 2414 303 2473 Observes
314 2427 444 2474 ceterum
461 2419 549 2476 verba
562 2418 723 2492 privilegii:
746 2439 762 2469 n
781 2417 941 2474 Fratribus
959 2416 1027 2474 dicti
1048 2416 1167 2475 Ordinis
1182 2417 1211 2474 tit

119 2503 211 2566 sacro
224 2487 453 2568 Presbyteratus
467 2491 572 2547 ordine
585 2491 782 2550 constitutis...
798 2489 999 2548 facultatem...
1016 2490 1172 2547 tribuimus
1185 2502 1213 2546 et

121 2572 319 2628 impertimur.
334 2581 350 2612 »

136 2718 141 2727 ι
160 2647 186 2702 3.
209 2647 305 2705 Facile
323 2649 495 2730 perspicitur
514 2650 682 2706 huiusmodi
702 2649 886 2723 privilegium
908 2649 989 2706 omni
1012 2650 1213 2708 communica·

121 2731 205 2774 tione
218 2719 341 2789 excludi,
356 2734 419 2777 tum
434 2722 503 2794 quia
515 2736 557 2777 est
572 2722 748 2791 exorbitans,
765 2733 828 2776 tum
842 2721 911 2794 quin
930 2720 1085 2779 fundatum
1098 2723 1213 2780 videtur

123 2791 153 2870 in
177 2790 317 2863 peculiari
341 2791 488 2850 dictorum
507 2793 699 2850 Sacerdotum
717 2793 900 2850 condicione.
932 2794 972 2848 Hi
1002 2794 1082 2850 enim
1101 2795 1163 2852 bini
1183 2794 1213 2850 in

123 2861 247 2933 singulis
259 2862 378 2920 Ordinis
389 2864 583 2938 hospitalibus
602 2865 740 2922 constitui
754 2877 887 2938 possunt.
907 2866 965 2921 Sed
979 2882 1014 2921 ex
1033 2884 1093 2938 quo
1114 2867 1213 2923 Sacer-

124 2932 206 2989 dotes
219 2945 287 2990 sunt
299 2933 375 3004 facti,
390 2936 534 2992 «nullum
549 2936 690 3003 officium,
707 2953 816 2992 munus
824 2950 874 2992 aut
885 2936 1169 2992 administrationem
1182 2937 1211 2994 in

124 3003 200 3060 dicta
220 3005 454 3079 Congregatione
474 3024 574 3079 gerere
592 3021 643 3064 aut
657 3023 789 3065 exercere
807 3030 824 3059 »
843 3020 983 3080 possunt;
1006 3028 1022 3058 a
1044 3009 1094 3065 sed
1115 3008 1212 3064 Missis

124 3075 304 3132 celebrandis
331 3095 365 3134 ac
396 3080 582 3136 sacramentis
609 3079 845 3136 administrandis
874 3079 1080 3136 tantummodo
1110 3096 1213 3136 vacare

124 3147 231 3204 debent
241 3148 261 3204 ³.
279 3151 407 3218 »Quare
426 3151 513 3206 etiarn
528 3165 686 3226 antequam
699 3153 872 3206 ordinentur
884 3151 989 3206 debent
1008 3151 1046 3207 ab
1065 3149 1213 3207 examina-

123 3219 236 3275 toribus
255 3221 444 3292 synodalibus
465 3223 623 3280 examinari
636 3224 672 3278 ad
685 3238 780 3278 sacras
794 3221 952 3280 audiendas
971 3223 1169 3281 confessiones
1182 3235 1211 3280 et

124 3291 205 3347 abiis
215 3303 345 3366 patentes
358 3293 393 3348 de
406 3293 538 3366 ipsorum
550 3293 699 3350 habilitate
714 3293 847 3350 obtinere
863 3293 972 3350 litteras
984 3305 1005 3350 ⁴.

153 3601 162 3635 1
178 3597 212 3647 Id
222 3602 263 3646 est
274 3598 357 3647 latine
369 3613 375 3647 ς
393 3601 436 3648 An
448 3599 605 3664 Religiosus
621 3601 648 3650 S.
662 3599 774 3647 loannis
784 3599 818 3646 de
831 3600 898 3654 Deo,
910 3611 992 3658 quem
1004 3595 1143 3644 Massiliae
1153 3609 1215 3655 pro-

125 3667 201 3725 prius
211 3663 342 3724 Superior
353 3667 551 3725 cappellanum
569 3665 633 3715 fecit
651 3667 755 3713 Domus
766 3665 909 3724 hospitalis
925 3665 952 3713 S.
964 3661 1167 3711 Bartholomaei
1177 3660 1214 3710 ab

125 3730 220 3779 eodem
232 3730 337 3780 Ordine
344 3731 558 3789 administratae,
571 3732 724 3792 possitsine
735 3731 876 3779 Ordinarii
889 3731 1018 3779 facultate
1026 3728 1215 3778 confessiones

125 3797 250 3857 excipere
260 3809 435 3857 personarum
448 3797 487 3846 ibi
500 3798 528 3846 in
539 3812 603 3848 casu
615 3797 734 3858 hospitio
746 3802 925 3856 receptarum.

152 3866 163 3900 ²
179 3864 269 3921 Mens,
281 3863 373 3912 italice
391 3863 535 3924 explicata,
547 3863 616 3913 haec
626 3863 693 3914 fuit:
713 3881 722 3908 r
739 3863 894 3923 Episcopus
906 3861 1081 3912 Sacerdotem
1092 3862 1215 3911 saecula·

125 3943 182 3978 rem
192 3928 283 3978 officio
294 3929 455 3990 Cappellani
465 3930 524 3978 sine
535 3944 610 3978 mora
621 3929 743 3978 dimittat
754 3931 884 3986 solutum,
895 3931 1021 3988 sinatque
1031 3926 1188 3988 religiosum
1198 3942 1215 3976 a

126 3994 320 4056 Superioribus
335 3995 392 4044 suis
412 3995 466 4044 iam
485 3996 654 4056 deputatum,
678 3994 764 4044 libere
784 3993 874 4043 officio
893 4009 943 4043 suo
967 3993 1086 4055 defungi.
1109 3995 1216 4042 Interea

126 4069 217 4111 tamen
227 4067 255 4110 et
265 4062 352 4110 donec
362 4062 471 4122 copiam
479 4077 533 4112 non
544 4060 672 4111 habuerit
683 4063 838 4123 Episcopus
847 4059 1012 4116 inveniendi,
1022 4073 1055 4108 ea
1065 4073 1120 4120 qua
1130 4059 1216 4119 possit

127 4142 191 4177 usus
202 4127 352 4188 diligentia,
364 4127 506 4177 honestam
517 4129 742 4177 sustentationem
753 4127 895 4188 praedicto
903 4125 1053 4180 Sacerdoti.
1064 4125 1128 4174 huic
1139 4138 1217 4185 prae·

126 4208 188 4244 sens
198 4194 365 4254 stipendium
375 4196 479 4244 solvere
487 4200 580 4256 perget
591 4194 666 4244 Ordo
676 4196 702 4245 S.
717 4193 838 4243 Ioannis.
853 4211 862 4237 ι

155 4263 166 4297 3
182 4261 297 4309 Plutus
306 4273 333 4318 v,
347 4259 427 4310 Brevi
440 4262 506 4308 Inter
516 4260 588 4309 alias.

124 4341 126 4346 ’
156 4331 168 4364 ⁴
183 4327 330 4376 Uuattuu
341 4339 403 4383 vrri.
417 4327 497 4376 Brevi
510 4327 675 4388 circumpone,
690 4336 754 4384 1627.
