2959 4900
84 1262 214 1308 nubtum.

86 1537 193 1605 uestra

58 1606 99 1655 iul.
111 1609 188 1667 1905).

58 1682 215 1727 Reuoltttlo.

87 1771 198 1817 Annola-

59 1831 140 1877 tinius.

270 300 329 362 lli
726 318 906 355 monumenta

306 453 345 509 11.
365 450 565 507 hanonie.
586 452 756 507 Funerum.

303 531 421 613 Species
429 530 515 602 sacti.
537 530 594 589 Die
608 550 640 604 29
653 548 719 587 nov.
741 548 819 603 1902,
835 531 983 588 ianuensis
996 533 1140 606 quaedam
1160 532 1268 589 mulier
1282 532 1362 587 diem

269 603 341 661 obiit
360 619 540 677 supremum.
555 605 581 659 A
594 603 730 729 propriae
744 602 896 674 paroeciae
912 603 1021 660 vicario
1040 604 1225 675 postularunt
1238 604 1363 677 propin·

269 676 320 749 qui
341 686 374 730 ut
392 690 499 748 corpus
518 674 645 747 sepelien
666 690 716 730 um
738 675 928 731 comitaretur
949 693 983 732 ac
1001 675 1139 748 postridie
1158 675 1361 747 exsequialem

269 747 388 803 missam
397 746 564 803 celebraret.
580 747 657 802 Cum
667 756 781 817 postera
792 758 890 803 autem
904 746 965 803 dies
977 759 1052 804 esset
1064 747 1221 816 dominica,
1232 746 1362 802 vicarius

268 819 387 874 missam
400 816 531 892 polliceri
546 834 606 875 non
620 816 724 892 potuit.
743 820 856 888 Negata
868 831 941 875 tunc
954 819 1036 874 omni
1050 818 1113 875 eius
1127 835 1225 892 opera.
1263 818 1362 890 ropin-

291 891 320 946 ui
339 902 479 946 curarunt
497 903 529 945 ut
548 901 654 955 corpus
676 888 705 943 in
724 889 932 945 coemeterium
953 890 1062 946 directe
1079 889 1212 947 ferretur.
1235 836 1364 953 lieinde,

269 908 316 1018 iic
341 980 367 1016 ti
398 960 567 1028 decembris,
596 978 647 1017 seu
667 961 823 1017 duodecim
841 969 913 1032 'post
934 963 1048 1018 obitum
1074 962 1186 1028 diebus,
1209 960 1366 1017 sollemnis

270 1032 357 1089 missa
379 1045 431 1099 est,
451 1032 617 1103 postulante
629 1032 750 1101 familia,
771 1032 802 1087 in
821 1034 941 1089 ecclesia
961 1035 1097 1089 Fratrum
1117 1035 1270 1089 Minorum
1290 1031 1365 1088 cele·

270 1106 361 1162 brata.
379 1106 421 1159 De
434 1104 512 1159 laeso
527 1105 618 1161 stolae
636 1105 700 1160 iure
718 1115 897 1177 conquestus
912 1119 954 1161 est
969 1105 1113 1178 parochus
1132 1105 1209 1179 apud
1230 1104 1261 1160 S.
1283 1104 1365 1159 Con-

270 1176 477 1251 gregationem,
494 1175 642 1247 proposito
657 1175 712 1231 hoc
726 1176 783 1231 iere
798 1176 906 1231 dubio:
1106 1228 1108 1231 ,
1457 1219 1458 1230 .

306 1250 355 1303 An
370 1245 521 1303 sollemnis
540 1246 637 1302 Missa
652 1248 688 1303 de
701 1247 815 1321 Requie
833 1246 987 1303 duodecim
996 1258 1064 1321 post
1076 1260 1200 1304 mortem
1214 1246 1328 1313 diebus,
1345 1261 1363 1300 a
1458 1275 1460 1332 ἱ

271 1317 429 1375 Fratribus
456 1318 627 1375 Minoribus
651 1318 766 1374 Ianuae
791 1318 950 1386 celebrata,
977 1318 1113 1375 habenda
1140 1320 1179 1375 sit
1207 1329 1365 1391 tamquam

266 1389 391 1465 proprie
411 1388 605 1463 exsequialis,
622 1389 664 1446 ita
678 1400 710 1445 ut
721 1401 839 1464 recepta
852 1390 1050 1448 emolumenta
1065 1391 1125 1447 sint
1136 1391 1267 1463 parocho
1278 1388 1367 1443 resti-

272 1460 379 1518 tuenda
391 1461 421 1516 in
434 1478 505 1517 casu
518 1465 530 1519 i
944 1465 947 1472 '

309 1540 509 1613 Respondit&
525 1540 730 1612 congregatio,
748 1540 794 1596 die
811 1560 843 1612 ¹4
853 1540 906 1597 iul.
927 1543 1006 1615 1905.

308 1633 324 1663 n
342 1612 470 1669 Artemis
485 1610 687 1686 peculiaribus
706 1612 938 1670 circumstantiis
961 1613 992 1668 in
1014 1630 1085 1670 casu
1108 1610 1365 1678 concurrentibus,

271 1694 388 1758 recepta
401 1683 599 1740 emolumenta
607 1701 626 1739 a
637 1683 780 1740 Patribus
792 1684 963 1740 Minoribus
973 1684 1106 1759 parocho
1119 1684 1288 1740 tradantur.
1309 1704 1327 1733 »

312 1776 334 1811 i.
358 1757 423 1830 lpsa
446 1754 541 1811 forma
559 1754 691 1830 responsi
716 1755 889 1829 perspicitur
909 1772 1028 1812 causam
1049 1773 1110 1812 non
1129 1762 1245 1812 vacasse
1264 1752 1367 1833 aliqua
1459 1761 1460 1812 J

273 1826 464 1897 dubitatione,
478 1826 622 1900 aliterque
634 1842 828 1899 responsuros
841 1827 928 1884 luisse
939 1828 1010 1883 Ειιιος
1027 1828 1126 1884 Patres
1136 1827 1191 1883 nisi
1205 1825 1369 1901 peculiaria

273 1899 397 1954 tuissent
408 1898 556 1954 adiuncta.

311 1971 347 2026 Et
361 1969 524 2043 nequidem
537 1986 613 2039 vera,
628 1986 696 2027 cum
709 1969 824 2024 nullum
839 1969 875 2025 sit
888 1983 1075 2045 praeceptum
1088 1969 1286 2043 coniungendi
1296 1986 1371 2024 cum

274 2042 423 2113 sepultura
437 2042 566 2114 aliquam
581 2041 809 2098 celebrationem
828 2042 953 2111 Missae,
967 2060 1021 2115 pro
1040 2040 1138 2099 officio
1156 2041 1272 2097 funebri
1284 2043 1373 2113 quod
1460 2081 1462 2118 ἱ

274 2112 394 2170 heredes
407 2112 535 2184 legitime
545 2114 653 2170 vellent
665 2126 831 2185 separatum
850 2131 867 2170 a
885 2114 1043 2187 sepultura,
1060 2129 1111 2184 per
1126 2130 1155 2169 se
1168 2114 1266 2169 omnis
1276 2113 1372 2167 eccle.
1460 2122 1462 2186 g

275 2185 333 2241 siae
347 2183 455 2240 habent
468 2184 629 2258 optionem,
644 2186 683 2241 ita
698 2196 730 2238 ut
745 2201 781 2241 ne
795 2198 899 2257 quarta
913 2185 1034 2258 quidem
1047 2185 1177 2241 funebris
1189 2185 1226 2240 sit
1236 2185 1372 2258 parocho
1460 2197 1461 2214 ¹

274 2257 422 2383 solveonada.
439 2255 498 2311 Cir.
518 2257 688 2326 Panionion,
702 2269 723 2312 t.
744 2274 765 2324 1·,
782 2274 812 2311 n.
825 2267 877 2327 4ο,
898 2274 926 2329 p.
951 2274 1011 2327 iot,
1034 2270 1062 2314 et
1080 2258 1275 2313 Monumenta
1294 2268 1317 2311 t.
1342 2275 1369 2318 2,

275 2338 340 2456 nni
359 2345 610 2472 Qiie'riffitaque
636 2399 672 2456 de
691 2399 864 2474 specialibus
888 2399 1032 2457 adiunctis
1059 2400 1097 2457 ob
1121 2416 1196 2474 quae
1217 2415 1303 2456 causa
1326 2410 1371 2455 est

276 2472 406 2545 parocho
420 2471 544 2528 addicta.
562 2473 786 2528 llaecvidentur
795 2471 883 2529 fuisse
897 2474 975 2528 duo:
1363 2473 1365 2476 ’

311 2548 339 2613 a)
359 2542 434 2597 Satis
449 2556 581 2616 receptus
600 2556 642 2600 est
659 2545 768 2599 ianuae
783 2561 848 2599 mos
867 2556 898 2598 ut
916 2544 992 2599 iusta
1013 2542 1282 2614 funebriaaliquot
1301 2553 1372 2620 post

276 2613 390 2669 obitum
404 2614 507 2670 diebus
522 2613 634 2681 fierent,
651 2629 738 2688 atque
754 2632 787 2670 ex
803 2616 907 2671 eodem
921 2632 977 2671 usu
990 2615 1135 2671 habentur
1150 2631 1205 2686 pro
1217 2629 1370 2684 exsequia-

277 2684 362 2740 libus.
385 2686 482 2753 Quare
501 2698 607 2742 statuta
621 2687 645 2740 ai
663 2688 738 2759 1896,
760 2704 785 2743 c.
803 2688 835 2742 25
850 2687 890 2742 ita
903 2699 1019 2742 sonant.
1040 2707 1056 2737 u
1072 2687 1103 2741 Si
1116 2687 1188 2742 haec
1201 2683 1368 2754 {sollemnia

276 2755 424 2822 funerum]
440 2757 628 2831 potiusquam
651 2758 681 2811 in
698 2758 814 2830 propria
828 2758 971 2831 paroecia,
987 2757 1151 2814 inconsulte
1163 2757 1194 2813 in
1208 2755 1265 2811 alia
1277 2755 1368 2811 eccle-

277 2827 319 2882 sia
333 2826 385 2883 etsi
403 2828 594 2901 Regularium'
608 2827 689 2897 fiant,
711 2828 779 2885 iride
798 2844 933 2902 percepta
952 2828 1151 2885 emolumenta
1170 2825 1300 2902 parocho
1320 2826 1367 2881 cui

277 2899 456 2954 debebantur
468 2900 549 2956 reddi
562 2900 699 2956 volumus
712 2914 740 2957 et
752 2901 946 2958 decernimus.
964 2924 979 2951 »

314 2970 353 3042 bl
365 2971 525 3035 Praeterea,
541 2971 571 3025 in
585 2988 664 3041 casu,
688 2989 723 3027 ex
741 2986 804 3029 toto
817 2973 1018 3042 praetermissa
1033 2982 1076 3027 est
1088 2970 1265 3044 parochialis
1279 2969 1367 3026 eccle·

278 3042 329 3106 sia,
343 3042 381 3097 ad
395 3060 485 3115 quam
499 3061 536 3099 ne
550 3060 655 3114 corpus
667 3043 788 3116 quidem
800 3058 843 3100 est
854 3043 993 3112 delatum,
1014 3056 1043 3099 et
1062 3041 1212 3099 sollemnis
1233 3043 1367 3097 Fratrum

281 3114 431 3170 Minorum
454 3115 542 3169 Missa
564 3114 716 3170 manifesto
735 3116 872 3171 successit
889 3115 927 3169 in·
946 3115 1045 3171 locum
1068 3114 1174 3170 missae
1195 3112 1366 3186 exsequialis

278 3202 353 3259 quae
367 3203 384 3240 a
398 3186 553 3259 parochiae
568 3187 675 3242 vicario
691 3187 770 3255 prius
783 3200 826 3243 est
837 3185 936 3261 petita.

316 3258 419 3312 Postea
437 3270 535 3314 tamen
558 3259 670 3314 Fratres
690 3259 829 3328 Minores,
851 3257 975 3330 allegata
993 3258 1070 3314 bona
1089 3257 1147 3313 fide
1165 3269 1194 3313 et
1212 3254 1365 3314 extraordi-

279 3328 360 3384 naria
373 3327 509 3384 celebrati
533 3329 643 3385 funeris
667 3330 872 3395 sollemnitate,
886 3329 1072 3400 postularunt
1090 3341 1124 3383 ut
1139 3342 1252 3402 partem
1266 3328 1364 3384 saltem

206 3416 212 3432 ¹
279 3400 548 3457 emolumentorum
561 3400 941 3474 retinerepermitterentur.

316 3481 427 3552 ltaque,
445 3499 473 3535 12
487 3481 544 3536 ian.
563 3482 638 3555 1906,
656 3483 685 3536 S.
701 3482 907 3553 Congregati0.
922 3480 1074 3551 proposito
1088 3479 1199 3535 dubio:

318 3560 424 3616 Utrum
449 3559 653 3635 confirmanda
675 3580 713 3616 an
748 3561 929 3633 infirmanda
957 3562 1037 3627 soret
1063 3560 1093 3615 in
1122 3576 1195 3615 casu
1226 3558 1364 3616 sententia

279 3649 314 3702 14
328 3632 397 3688 iulii
408 3634 489 3702 1905.

317 3713 476 3786 Respondit
493 3733 498 3767 :
515 3713 550 3768 ln
568 3713 673 3768 decisis
694 3713 781 3768 etad
806 3723 940 3769 mentem.
962 3713 1047 3769 Mens
1073 3724 1172 3768 autem
1195 3723 1272 3769 erat:
1287 3714 1313 3782 a]
1334 3720 1363 3764 ut

279 3787 406 3857 parocho
419 3801 453 3840 ea
465 3796 580 3840 tantum
591 3784 782 3840 redderentur
794 3785 993 3840 emolumenta
1012 3801 1088 3858 quae
1100 3784 1276 3857 percepisset
1290 3783 1359 3863 ipse;

280 3858 308 3928 b)
325 3870 357 3913 ut
369 3856 603 3930 archiepiscopus
617 3869 749 3930 pergeret
758 3871 862 3928 urgere
874 3857 953 3930 apud
968 3856 1115 3928 parochos
1130 3855 1256 3912 Romani
1272 3858 1362 3910 Ritua·

279 3929 314 3984 lis
335 3928 519 4009 praescripta,
542 3940 570 3984 et
591 3927 723 3984 fidelium
743 3945 866 4000 corpora
885 3928 915 3982 in
941 3927 1094 3984 ecclesiam
1115 3926 1296 3984 deferrentur
1313 3940 1362 3997 pro

281 4017 436 4074 exsequiis.

317 4146 371 4204 ΙΙΙ.
391 4144 618 4201 Viennenals.
638 4145 859 4219 Exemptionis.

317 4227 350 4280 ln
363 4225 568 4282 archidioecesi
582 4226 752 4295 Viennensi,
767 4225 978 4282 monasterium
993 4236 1094 4292 eistat,
1110 4224 1233 4280 nomine
1243 4223 1358 4279 Closter·

281 4297 423 4367 neuburg,
440 4296 658 4352 Canonicorum
673 4298 873 4369 Regularium,
885 4310 915 4352 a⁰
927 4299 992 4353 1113
1003 4315 1020 4353 a
1032 4295 1204 4353 Marchione
1219 4291 1359 4368 Leopoldo
