2959 4900
322 288 381 349 ild
762 307 964 344 surruuueurn

320 440 397 530 ipso
425 442 513 512 facto
537 442 679 514 obnoxii
707 442 929 536 suspensioni
954 464 973 510 a
997 441 1125 510 divinis
1147 461 1237 530 quae
1266 437 1302 508 S.
1324 436 1393 506 Sedi

320 547 537 615 reservatur;
575 534 602 601 si
631 533 758 613 cleriei,
788 548 921 624 praeter
952 531 1099 600 eandem
1124 530 1393 620 suspensionem,

320 641 389 709 qua
417 622 542 691 eodem
565 624 674 692 modo
701 623 913 710 afficiuntur,
932 621 1103 690 inhabiles
1126 620 1216 688 fiunt
1239 618 1282 687 ad
1306 637 1395 706 supe·

321 709 429 780 riores
445 712 573 800 gradus
587 739 596 799 3
615 713 643 782 si
661 713 751 802 laici,
766 712 1033 802 obstringuntur
1048 707 1396 780 excommunicatione

320 799 407 868 latae
435 803 623 871 sententiae
655 824 745 887 quae
773 819 823 871 est
855 825 873 869 a
903 822 977 870 rure
1012 800 1196 890 Episcopis
1223 809 1394 867 reservata.

323 889 441 971 (Decr.
467 891 637 982 Vigilantt'
650 891 804 976 Studio.)

367 997 398 1064 3.
419 995 536 1065 Etiam
552 999 820 1068 committuntur
836 1019 968 1088 poenae
997 997 1104 1064 modo
1121 1006 1340 1064 enumeratae
1362 989 1397 1056 ab

321 1083 363 1152 iis
386 1087 447 1174 qui
472 1088 551 1154 ausi
586 1090 657 1157 siut
680 1089 768 1173 (Cfr.
798 1088 887 1156 dicta
915 1110 949 1174 p.
982 1088 1036 1170 50,
1062 1109 1098 1156 ιι.
1134 1091 1186 1170 ιι)
1214 1081 1398 1153 sanctiones

321 1173 499 1244 violarem.
519 1179 552 1261 8,
567 1202 600 1268 9,
624 1202 675 1266 ro,
695 1202 727 1246 ιι
753 1178 855 1246 Decr.
879 1179 927 1246 Ut
943 1177 1053 1244 debita
1070 1189 1261 1257 contentae,
1279 1171 1399 1261 quibus

321 1264 432 1353 turpis
445 1267 664 1336 mercimonii
678 1283 881 1336 avertuntur
893 1267 1120 1357 pericula,vel
1133 1263 1338 1356 prohibetur
1349 1281 1399 1346 ne,
1456 1330 1457 1347 2

322 1352 397 1422 sine
413 1376 506 1424 novo
523 1356 673 1444 indulto,
692 1379 771 1448 pars
784 1358 945 1448 stipendii
964 1356 1151 1424 retineatur
1167 1354 1209 1422 ad
1226 1352 1400 1421 consulen·
1457 1361 1458 1364 ’

321 1443 408 1510 dum
436 1444 551 1514 decori
576 1461 610 1515 et
637 1462 844 1516 ornamento
873 1446 1046 1516 ecclesiae.
1076 1446 1177 1513 Decr.
1208 1444 1257 1509 Ut
1285 1441 1399 1523 debite,
1458 1525 1459 1538 ἵ

321 1553 357 1601 n.
382 1557 432 1601 12.
1458 1541 1459 1552 ¹

366 1657 399 1723 4.
422 1635 477 1705 ΕΘ.
496 1639 719 1730 Apostolr'cue
747 1640 857 1727 Sedr'S,
878 1643 930 1721 52,
947 1662 982 1709 n.
1007 1662 1057 1725 12,
1088 1637 1258 1705 feriuntur
1274 1655 1399 1704 excom·

323 1725 561 1798 manicatione
576 1729 613 1798 S.
631 1731 795 1799 Pontifici
809 1730 1012 1819 simpliciter
1025 1741 1206 1814 reservata,
1221 1740 1401 1815 quotquot,

322 1815 364 1882 ad
393 1816 531 1886 lucrum
554 1821 778 1910 captandum,
809 1822 1046 1910 eleemosynas
1073 1817 1242 1906 colligunt
1269 1812 1402 1882 maioris

322 1905 422 1992 pretii
439 1927 569 1998 easque
584 1909 714 1978 faciunt
729 1906 903 1979 celebrare
918 1910 955 1978 in
972 1908 1057 1976 locis
1073 1907 1212 1992 (iisdem
1236 1905 1290 1973 vel
1306 1903 1400 1987 aliis),

322 1994 383 2062 ubi
400 1996 590 2067 missarum
606 2000 778 2089 stipendia
795 2000 942 2069 minoris
958 1998 1059 2089 pretii
1072 2017 1146 2065 esse
1163 1996 1287 2064 solent.

367 2107 411 2176 V.
440 2115 552 2183 Aliae
576 2138 725 2202 poenae
749 2118 853 2186 latae
882 2118 1111 2184 sententiae.
1141 2149 1181 2161 -
1211 2109 1253 2177 Ce
1285 2109 1403 2198 Nuper

322 2219 457 2289 poenae
485 2202 603 2290 plures
630 2204 789 2271 feruntur
817 2217 936 2277 contra
957 2202 1143 2291 regulares,
1162 2220 1251 2288 quae
1279 2216 1403 2288 poenae

324 2304 406 2357 sunt
422 2311 546 2359 omnes
571 2290 608 2360 S.
629 2291 711 2360 Sedi
729 2307 930 2361 reservatae.
953 2290 1043 2359 Sunt
1059 2305 1174 2358 autem
1199 2302 1401 2377 sequentes:

368 2398 400 2479 a)
435 2398 629 2489 Regulares
645 2420 752 2469 onera
769 2412 936 2492 perpetua
957 2397 1177 2467 admittentes
1200 2395 1276 2464 sine
1301 2393 1404 2464 Gene-

324 2487 406 2555 ralis
429 2490 482 2556 vel
518 2489 748 2559 Provincialis
787 2490 936 2577 licentia,
965 2489 1042 2579 ipso
1081 2488 1170 2555 facto
1209 2500 1243 2554 et
1282 2486 1403 2572 absque

323 2575 569 2665 declaratione,
588 2579 770 2648 incurrunt
793 2580 830 2649 in
846 2580 1078 2671 privationem
1105 2576 1268 2644 omnium
1285 2574 1405 2644 officio·

327 2686 418 2754 rum,
436 2666 692 2737 inhabilitatem
720 2670 763 2737 ad
788 2668 854 2738 alia
878 2668 991 2737 officia
1019 2668 1062 2735 de
1079 2678 1191 2735 cetero
1209 2663 1404 2747 obtinenda,

326 2755 490 2845 vocisque
503 2757 632 2826 activae
649 2774 682 2827 et
693 2759 849 2849 passivae
860 2758 915 2845 (C.
931 2758 1068 2847 Nuper,
1090 2778 1125 2823 n.
1145 2756 1164 2821 8
1182 2756 1213 2821 a
1229 2760 1302 2845 49.)

370 2861 406 2946 b)
421 2861 671 2952 Superioribus
683 2865 853 2933 localibus
866 2862 1182 2946 omittentibuslvel
1195 2861 1406 2929 itadilleren·
1461 2904 1462 2909 κ

324 2949 419 3018 tibus
452 2967 489 3020 ut
528 2955 643 3044 gravis
681 2955 724 3023 sit
764 2953 990 3044 transgressio
1026 2951 1125 3040 legis)
1168 2950 1407 3040 praescriptam

325 3038 367 3108 C.
387 3041 515 3132 Nuper
540 3044 627 3134 legis
643 3044 841 3136 lectionem,
871 3045 948 3133 ipso
965 3044 1052 3111 facto
1080 3041 1244 3109 indicitur
1268 3038 1407 3131 privatio

325 3129 431 3199 officii
444 3146 478 3200 et
489 3133 583 3201 vocis
595 3133 723 3203 activae
736 3149 770 3202 et
782 3133 949 3223 passivae.
965 3133 1021 3217 (C.
1036 3133 1174 3221 Nuper,
1190 3152 1226 3199 n.
1247 3153 1285 3197 12
1300 3131 1330 3197 ἃ
1343 3130 1407 3213 64.)

370 3242 402 3322 c)
421 3238 493 3325 Qui
511 3260 550 3308 ex
567 3262 713 3309 munere
731 3240 885 3308 debitam
902 3238 1061 3326 tabellae,
1080 3252 1113 3305 et
1129 3237 1303 3305 librorum
1319 3255 1408 3326 prae·

325 3325 477 3395 fatorum
505 3352 625 3398 curam
653 3330 880 3418 neglexerint,
911 3345 944 3397 et
968 3328 1164 3417 superiores
1192 3326 1409 3395 ecclesiarum

326 3415 387 3506 qui
405 3416 575 3488 rationem
593 3442 666 3487 non
690 3420 866 3509 exegerint
882 3419 936 3487 vel
953 3440 1024 3487 non
1050 3416 1201 3485 caverint
1216 3431 1255 3484 ut
1271 3436 1409 3505 praepo·

325 3506 498 3598 sitilibris
526 3524 559 3578 et
574 3509 719 3578 tabellae
736 3509 874 3578 muneri
891 3531 956 3577 suo
973 3507 1193 3592 satisfaciant,
1219 3505 1297 3596 ipso
1313 3506 1408 3591 fact0,

326 3596 460 3686 absque
472 3598 538 3667 alia
550 3599 797 3687 declaratione,
806 3620 890 3668 voce
903 3598 1009 3667 activa
1023 3612 1056 3665 et
1068 3596 1215 3688 passiva,
1228 3594 1410 3684 «gradibus

327 3700 361 3755 et
378 3686 504 3756 officiis
520 3688 642 3779 privati
668 3690 737 3758 sint
753 3704 786 3757 et
803 3689 1058 3779 intellegantur,
1077 3707 1213 3755 necnon
1237 3686 1280 3753 ad
1298 3685 1410 3753 huius·

327 3776 425 3844 modi
442 3777 569 3867 gradus
586 3793 619 3847 et
634 3779 750 3850 officia
767 3778 955 3848 obtinenda
979 3776 1137 3845 similiter
1154 3774 1410 3843 inhabilitentur

329 3880 361 3933 et
378 3865 586 3936 inhabilitati
602 3869 672 3937 sint
687 3896 715 3938 ι,
732 3869 790 3954 (C.
808 3870 947 3958 Nuper,
963 3889 998 3935 n.
1018 3868 1089 3951 63.)

373 3973 410 4059 d)
427 3975 517 4043 Ante
530 3973 718 4044 exhibitam
732 3975 879 4045 iuratam
892 3975 1000 4043 fidem
1014 3974 1056 4041 de
1069 3994 1138 4063 qua
1151 3994 1267 4063 supra,
1283 3970 1410 4040 nullam

328 4060 458 4132 habent
474 4064 596 4133 locales
612 4064 820 4157 Superiores
836 4085 958 4133 vocem
979 4063 1126 4132 activam
1142 4077 1176 4131 et
1191 4062 1360 4153 passivam
1374 4058 1410 4125 in

329 4152 490 4243 capitulis
504 4155 559 4223 vel
571 4155 900 4246 congregationibus
917 4152 1200 4244 provincialibus.

373 4268 439 4336 Vl.
465 4273 619 4344 Poenae
639 4275 820 4342 ferendae
834 4274 1063 4341 sententiae.
1091 4305 1131 4321 ·-
1154 4288 1185 4337 ι.·
1202 4266 1261 4380 Qb
1277 4265 1408 4355 culpam
