2959 4900
109 298 273 382 [122-124]
286 318 382 357 tironi
392 315 504 361 innan,
516 312 635 351 arctata
645 311 740 357 canc..
753 314 869 350 ianuar.
880 313 963 351 asar.
976 313 1003 351 0.
1015 315 1037 350 s.
1049 314 1114 352 nair.
1139 291 1198 354 113

109 456 240 531 quidem,
254 466 288 510 ut
299 469 428 527 pronum
440 449 476 506 sit
490 449 617 517 credere,
631 446 729 503 minus
748 447 837 503 iustas
849 448 885 504 de
897 446 960 503 eius
973 447 1072 504 indole
1084 447 1198 521 opinio·

107 546 160 585 nes
185 526 274 583 fuisse
298 522 427 581 diffusas.
449 520 538 577 Hisce
555 530 589 574 ut
610 529 784 586 occurreret,
805 519 879 574 illud
903 518 1089 576 Beatissimus
1112 521 1198 575 Pater

108 599 193 654 iussit
202 614 250 653 me
260 597 406 652 declarare
412 591 490 657 Tibi,
501 590 671 647 Vaticanam
681 589 841 645 editionem
855 589 980 662 Kyrialis
989 606 1050 646 non
1062 590 1198 663 equidem

108 687 170 727 esse
181 670 326 735 emissam,
341 677 374 721 ut
384 664 420 721 ad
432 676 548 736 tempus
557 661 764 717 tantummodo
777 660 936 728 inserviret,
953 662 1002 716 sed
1015 677 1078 717 esse
1089 677 1156 717 vere
1169 672 1199 717 et

107 741 228 814 proprie
245 737 452 799 authenticam,
475 734 516 789 ita
541 745 574 788 ut
598 732 645 788 hic
664 742 691 787 et
710 748 790 787 nunc
808 732 839 786 iu
858 749 945 787 usum
964 732 1096 788 deveniat
1119 732 1197 805 apud

107 828 213 868 omnes
226 808 369 867 ecclesias.
381 803 559 863 Huiusmodi
568 815 667 860 autem
676 802 903 859 authenticitatis
911 803 1058 859 character
1066 820 1197 859 commu·

106 884 214 957 nisque
241 898 295 955 pro
317 876 463 961 praesenti
485 887 617 949 tempore
643 890 713 929 usus
745 873 818 928 nihil
849 874 964 931 obstare
985 874 1099 930 dicendi
1129 885 1198 930 sunt

106 953 278 1027 quominus,
301 968 325 1007 si
347 948 476 1024 quand0‚
499 947 622 1003 Sanctae
641 944 723 1001 Sedis
741 944 862 1014 iudicio,
882 944 1058 1002 mutationes
1081 945 1197 1019 aliquae

106 1024 273 1083 afferendae
285 1038 347 1079 esse
360 1020 522 1089 videantur,
536 1017 654 1075 eaedem
666 1016 766 1071 induci
780 1016 811 1072 iii
825 1017 977 1072 laudatum
994 1017 1119 1090 Kyriale‚
1135 1033 1196 1072 non

106 1096 245 1169 proximo
257 1106 355 1150 tamen
373 1102 515 1172 tempore,
536 1088 657 1161 possint.
680 1087 802 1143 Interim
821 1088 955 1144 Pontifex
974 1088 1114 1145 Summus
1134 1104 1196 1143 non

107 1168 223 1223 dubitat
244 1166 317 1239 quin
340 1162 504 1220 recentibus
525 1176 675 1215 sacrorum
695 1169 894 1215 concentuum
915 1158 1017 1215 formis
1040 1158 1196 1215 Germania

106 1239 206 1295 omnis
227 1236 415 1303 obsecundet,
441 1248 477 1288 eo
496 1230 542 1287 vel
565 1230 657 1356 mapis
676 1230 757 1302 quod
776 1230 876 1286 eadem
901 1230 932 1286 in
951 1230 1080 1299 natione,
1106 1229 1197 1285 idest

106 1307 305 1381 Argentorati,
319 1306 417 1362 habita
431 1314 546 1360 estnon
560 1311 655 1357 muto
670 1313 738 1357 ante
757 1302 921 1373 congressio
940 1302 977 1357 de
995 1318 1077 1357 sacro
1095 1317 1196 1374 grego-

106 1381 192 1436 riano
205 1392 304 1448 cantu,
327 1394 386 1451 qua
399 1375 517 1449 quidem
531 1372 736 1444 congressione
758 1372 945 1428 Beatissimus
968 1374 1052 1429 Pater
1070 1372 1197 1428 iucunde

107 1449 321 1587 esbqffiqsgc’
343 1520 419 1574 Suae
434 1512 600 1572 Sanctitatis
613 1515 762 1580 mandata,
778 1530 831 1587 pro
842 1513 1200 1595 Tua-atquelAtchidioc·

105 1595 179 1651 cesis
194 1592 301 1649 notitia
312 1590 380 1646 Tibi
393 1586 534 1661 significo,
571 1585 705 1641 eculiaris
728 1602 796 1656 erga
813 1586 857 1642 Te
876 1584 1097 1641 existimationis
1115 1602 1198 1641 sensa

104 1664 259 1740 profiteor,
275 1662 382 1743 quibus
396 1673 501 1715 manus
513 1604 580 1713 Tissi
592 1656 758 1712 humillime
770 1655 933 1725 deosculor,
947 1673 981 1712 ac
993 1672 1151 1729 permaneo
1177 1697 1178 1700 ,

181 1735 367 1792 Eminentiae
380 1733 462 1788 Tuae

551 1796 729 1847 Humillimus
739 1800 766 1843 et
778 1795 982 1845 addictissimus
992 1809 1056 1845 vere
1068 1796 1196 1845 tannim.

650 1858 684 1911 R.
705 1854 792 1911 Card.
814 1857 924 1911 Menas
942 1872 997 1910 nsi
1015 1855 1090 1911 Viti.

196 1934 311 1988 Romae,
322 1930 368 1981 die
377 1930 465 1979 XXVI
477 1926 596 1979 ianuarii
609 1940 634 1974 a.
648 1930 713 1985 1906.

119 1992 178 2040 D¹1⁰
194 1990 336 2040 cardinali
347 1991 476 2037 Auroitro
486 1986 616 2051 Fiscirnx.

163 2045 680 2162 Amiepiscffotiotriialtiriiilffisrliffinam.

186 2390 274 2476 124
309 2440 348 2453 -
370 2402 406 2474 8·
429 2401 466 2473 ὓ.
490 2400 764 2473 episcopatum
791 2400 842 2470 ΕῘ
867 2398 1117 2471 nttutatttttit

368 2583 634 2640 inauraturae
652 2584 844 2639 innuatur
861 2583 947 2638 1906

212 2749 281 2806 Pro
298 2747 482 2812 Fratribus
500 2747 682 2804 conversis
701 2747 845 2805 ordinis
863 2747 899 2806 S.
918 2747 1104 2824 Benedicti

139 2911 263 2966 Praeses
290 2907 531 2982 Congregationis
560 2907 764 2964 Benedictinae
794 2906 948 2963 Bavaricae
973 2906 1093 2980 exponit
1120 2907 1201 2979 quod

104 2977 339 3037 Constitutioues
365 2998 382 3035 a
407 2979 544 3052 Capitulo
572 2978 700 3052 generali
726 2978 892 3050 recognitae
917 2988 1005 3049 atque
1030 2977 1201 3049 Apostolica

103 3051 281 3108 auctoritate
294 3051 461 3124 nuperrime
473 3050 673 3116 confirmatae,
685 3050 749 3105 sub.
762 3067 792 3104 n.
808 3050 841 3121 93
856 3049 1055 3123 praescribunt
1070 3068 1077 3103 :
1094 3069 1111 3099 a
1124 3049 1200 3104 Con·

103 3123 181 3180 versi
204 3125 263 3179 Pro
278 3122 383 3178 Officio
404 3121 504 3178 divino
518 3119 681 3177 Dominicis
693 3134 722 3176 et
744 3119 822 3176 lestis
834 3120 871 3176 de
884 3133 1039 3194 praecepto
1061 3118 1200 3175 Officium

103 3211 232 3268 parvum
259 3196 364 3250 Beatae
384 3193 495 3249 Mariae
516 3192 644 3265 Virginis
663 3191 859 3247 communiter
881 3191 1026 3259 recitant;
1048 3189 1113 3246 aliis
1132 3207 1200 3247 vero

103 3266 210 3322 diebus
225 3264 296 3321 ssmi
321 3265 434 3320 Rosarii
447 3264 578 3336 quinque
591 3264 712 3319 decades
725 3279 796 3318 cum
805 3278 866 3319 una
879 3279 915 3319 ex
929 3262 1037 3318 litaniis
1057 3262 1199 3334 approba·

102 3338 179 3394 tis».
203 3339 295 3392 Porro
309 3352 377 3392 cum
396 3336 425 3390 in
438 3336 615 3407 quibusdam
633 3333 817 3390 monasteriis
836 3333 866 3388 in
885 3351 941 3389 usu
964 3334 1024 3389 iam
1038 3334 1075 3393 sit
1093 3333 1201 3389 cotidie

102 3407 248 3465 recitandi
262 3407 377 3480 publice
392 3404 530 3463 Officium
551 3421 674 3478 parvum
691 3406 797 3462 Beatae
820 3404 931 3461 Mariae
950 3404 1077 3477 Virginis
1099 3404 1200 3476 lingua

102 3479 206 3546 latina,
223 3495 342 3552 vespere
351 3490 450 3534 autem
463 3477 596 3533 litaniam
606 3493 665 3531 una
678 3492 747 3531 curii
757 3476 891 3550 precibus
904 3475 1074 3601 vespertinis
1084 3490 1200 3532 necnon

102 3550 244 3624 privatim
256 3550 358 3605 SSmum
373 3548 539 3614 Rosarium,
553 3547 704 3603 humiliter
717 3546 857 3603 declarari
871 3560 958 3619 postu
970 3558 999 3601 at
1014 3566 1020 3602 :

142 3623 167 3678 1.
177 3623 226 3676 An
236 3621 350 3676 Fratres
360 3619 491 3676 conversi
499 3620 644 3676 celebrare
652 3619 764 3690 possint
773 3617 911 3673 Officium
918 3634 1042 3691 parvum
1052 3619 1085 3675 B.
1098 3617 1140 3673 Μ.
1150 3616 1198 3684 V.,

102 3693 189 3766 quod
201 3693 234 3746 in
250 3690 398 3748 Breviario
412 3690 568 3759 invenitur,
582 3689 670 3745 etiam
685 3689 787 3745 diebus
801 3689 876 3744 infra
888 3689 1104 3745 hebdomadam
1116 3689 1127 3744 l

141 3765 183 3820 Il.
198 3765 248 3818 An
259 3762 350 3819 iidem
373 3762 496 3833 Fratres,
511 3778 572 3817 non
586 3762 720 3816 obstante
740 3777 828 3834 supra
842 3760 933 3817 relata
947 3759 1198 3817 Constitutionum

101 3834 347 3908 praescriptione,
361 3833 434 3888 illud
447 3832 567 3889 recitare
581 3831 694 3888 valeant
706 3831 807 3904 lingua
817 3832 907 3888 latina
919 3833 929 3886 l

139 3906 253 3978 Vigore
267 3905 438 3978 specialium
460 3903 632 3959 facultatum
651 3903 759 3957 aSSmo
777 3903 905 3958 Domino
927 3904 1037 3958 Nostro
1051 3915 1200 3957 concessa·

101 3994 184 4042 rum,
209 3976 297 4032 Sacra
321 3974 516 4047 Congregatio
536 3976 685 4030 Emmet
709 3974 817 4028 Rmamm
835 3974 865 4032 S.
886 3974 920 4029 R.
943 3975 977 4029 Ε.
1000 3971 1201 4028 Cardinalium

101 4047 234 4122 negotiis
244 4058 273 4103 et
282 4045 546 4102 consultationibus
556 4043 771 4117 Episcoporum
782 4054 810 4100 et
820 4045 1012 4117 Regularium
1024 4044 1198 4117 praeposita,

102 4119 227 4176 attentis
239 4134 275 4173 ex
295 4117 386 4186 ositis‚
404 4115 533 4173 Praesidi
552 4117 616 4180 Con
653 4115 795 4188 egationis
810 4116 974 4185 Bavaricae,
995 4114 1087 4171 firmis
1107 4131 1201 4171 rema·

104 4190 248 4256 nentibus
306 4187 536 4254 nstitutionibus,
550 4187 616 4243 lacu
628 4196 717 4242 tatem
729 4186 831 4243 tribuit
842 4187 1027 4259 permittendi
1040 4199 1074 4242 ut
1087 4186 1200 4242 Fratres

104 4261 253 4331 conversi,
277 4259 329 4332 qui
343 4259 495 4332 hucusque
516 4257 655 4314 Officium
678 4260 711 4313 B.
727 4258 768 4313 M.
783 4259 819 4315 V.
834 4258 940 4314 cotidie
962 4257 1107 4316 celebrare
1126 4257 1200 4314 sole·

1255 462 1372 511 Vaticana

1250 520 1276 567 K
1291 520 1361 567 rialis

1277 580 1358 626 itione.

1278 659 1393 708 Datam-

1251 720 1289 763 tar
1310 719 1407 765 authar-

1250 776 1306 832 tica,

1270 859 1408 906 Atrocita-

1249 916 1379 963 mutabilis.

1282 1139 1410 1185 Germanis

1249 1200 1362 1255 acceptam
1368 1194 1410 1255 so·
1424 1204 1429 1213 ·

1249 1267 1274 1299 rr
1280 1258 1358 1321 sperat
1366 1267 1411 1299 saa
1424 1282 1427 1289 -

1250 1311 1382 1367 Sanctitas,

1267 1510 1412 1557 caraman-

1252 1566 1307 1614 dato
1342 1572 1411 1627 prae-

1251 1638 1303 1672 sens
1316 1624 1348 1685 fit
1366 1638 1407 1673 rac·

1253 1683 1317 1729 titia.

1254 1914 1391 2032 sitiit

1282 2926 1381 2986 Orator,

1285 3054 1411 3112 Expositis

1254 3112 1408 3159 Curastitatr'o-

1252 3185 1308 3217 nam
1342 3175 1412 3229 prar-

1252 3233 1322 3286 capto,

1281 3334 1316 3380 Et
1329 3349 1412 3381 mana·

1252 3394 1375 3439 storiarum

1252 3463 1304 3506 m,

1279 3557 1365 3600 rent.

1279 3634 1352 3694 Super
1377 3649 1413 3681 rr-

1252 3691 1347 3738 asanaa
1352 3696 1409 3751 par-

1253 3761 1307 3853 3⁰1⁰
1343 3752 1367 3796 io
1376 3751 1408 3797 Β.

1252 3914 1408 3958 munitum.

1282 4097 1354 4144 Circa
1392 4100 1409 4143 a

1253 4159 1334 4203 vatata
1353 4157 1358 4164 '
1375 4157 1411 4202 ias

1253 4214 1374 4260 recitatio·

1254 4284 1314 4317 nrm.
