2959 4900
53 330 133 411 [155]
151 353 171 387 s.
183 354 207 387 c.
220 354 242 389 c.
258 345 284 388 ιε
296 353 371 389 serr.
385 348 450 400 1906.
463 354 613 391 contutant
624 353 713 391 cottrt.
727 356 882 393 eoanormt
893 356 929 393 ar
938 356 1049 392 turrate.
1068 332 1128 397 165

83 486 474 614 Observari·insuper(posset
486 488 567 560 quod
586 488 632 545 lex
651 488 754 545 ieiunii
768 490 908 545 naturalis
926 489 964 546 sit
982 487 1129 544 ecclesias-

51 558 119 612 tica:
134 572 161 612 et
177 558 342 613 Concilium
523 558 525 566 ’

55 652 64 676 t
82 629 470 686 huiusmodisacrameotum
483 647 544 685 non
557 630 642 687 debet
655 632 760 687 confici
776 645 842 705 post
862 649 975 701 cenam,
992 648 1028 687 ne
1050 648 1089 685 ue
1112 648 1129 685 a

50 720 66 749 t
83 700 211 755 fidelihus
222 700 311 771 recipi
324 717 384 755 non
397 700 541 763 ieiunis»,
557 703 637 757 addit
650 715 767 759 tamen:
783 724 804 754 «-
813 703 868 759 nisi
881 705 910 759 in
924 720 994 759 casu
1007 703 1036 758 in
1062 701 1129 757 rmi-

53 791 66 820 «
82 771 143 825 tatis
156 785 206 826 aut
221 770 339 827 alterius
351 773 528 828 necessitatis
542 794 568 829 ».

86 852 139 905 Lex
160 851 257 923 itaque
279 851 390 913 ieiunii,
411 867 513 924 utpote
533 852 735 921 ecclesiastica,
763 854 895 925 urgenda
918 870 980 910 non
1003 851 1130 908 nimium

52 922 172 987 videtur,
194 939 248 977 nec
266 940 409 995 umquam
429 924 469 978 ita
487 937 519 979 ut
538 925 668 979 videatur
687 937 818 997 pugnare
832 942 900 981 cum
920 925 984 979 iure
997 924 1130 979 fidelium

53 994 209 1064 recipiendi.
226 1008 415 1049 sacramenta.
445 995 476 1050 Si
499 996 580 1050 enim
605 995 707 1065 rigide,
733 1011 767 1052 ut
790 995 943 1068 hucusque
968 995 1129 1063 consuevit,

51 1065 207 1135 accipiatur,
223 1083 284 1120 non
297 1082 364 1120 raro
379 1064 497 1122 fidelem
509 1067 613 1123 abhoc
627 1067 727 1123 divino
740 1067 871 1123 subsidio
881 1067 1045 1139 impediret.

83 1144 182 1211 Quoad
207 1144 396 1201 incommoda
418 1162 487 1201 vero
512 1162 588 1217 quae
615 1147 748 1219 superius
776 1147 903 1201 indicata
928 1161 1005 1213 sunt,
1033 1146 1131 1201 forsan

55 1213 186 1269 distinctio
201 1214 265 1271 fieti
279 1229 373 1288 potest
386 1218 463 1272 inter
481 1234 530 1273 eos
544 1218 594 1289 qui
608 1219 716 1290 degunt
728 1218 759 1272 in
773 1218 953 1286 Seminariis,
968 1218 998 1272 in
1017 1234 1133 1274 monas‘

54 1286 121 1340 teriis
134 1286 288 1359 utriusque
298 1303 393 1353 sexus,
408 1289 440 1343 i'n
454 1288 643 1353 nosocomiis,
659 1289 782 1361 aliisque
796 1290 849 1358 piis
860 1289 1000 1345 institutis
1013 1307 1047 1344 ac
1059 1304 1132 1344 cete·

55 1373 95 1411 ros
117 1358 165 1429 qui
191 1358 221 1412 in
253 1359 371 1429 privatis
398 1361 536 1416 domibus
559 1376 721 1429 versantur,
749 1378 803 1417 nec
831 1361 982 1433 privilegio
1013 1360 1132 1417 oratorii

56 1429 191 1484 domestici
206 1429 354 1485 fruuntur.

89 1510 185 1581 Liquet
196 1522 296 1565 autem
308 1509 498 1566 incommoda
508 1510 641 1585 superius
651 1511 792 1566 recensita
800 1528 860 1567 non
870 1528 956 1584 posse
965 1511 1134 1583 contingere

55 1584 139 1649 quoad
151 1579 288 1635 infirmos
301 1582 406 1648 prioris
420 1582 616 1649 condicionis;
627 1594 667 1637 'eo
678 1585 722 1637 vel
736 1582 829 1655 magis
839 1584 909 1655 quia
920 1584 1006 1638 Sacra
1023 1583 1083 1637 RR.
1099 1582 1133 1637 C.

54 1650 118 1723 die7
131 1652 270 1708 februarii
289 1653 364 1725 1874,
385 1671 414 1708 n.
435 1654 514 1719 3322,
534 1653 666 1727 permisit
684 1668 716 1708 ut
735 1655 766 1708 in
779 1654 834 1728 piis
855 1655 990 1710 domibus
1012 1670 1136 1709 nosoco-

56 1723 166 1795 miisque
183 1723 369 1779 Eucharistta
383 1720 529 1781 deleratur
542 1726 632 1781 modo
646 1725 744 1781 minus
758 1726 876 1799 publico
891 1741 919 1781 et
931 1726 1077 1781 sollemni.

85 1802 183 1869 Quoad
196 1818 309 1861 ceteros
320 1821 389 1859 vero
400 1807 529 1861 succurri
543 1819 648 1877 posset,
665 1807 764 1861 dando
777 1806 939 1861 Ordinariis
951 1817 1133 1878 potestatem,

55 1886 82 1927 ut
92 1877 190 1929 saltem
212 1878 243 1930 in
257 1875 420 1930 maioribus
441 1878 513 1931 anni
531 1876 744 1945 festivitatibus
762 1877 865 1933 iisdem
884 1895 935 1951 per
956 1891 1136 1951 opportunas

56 1945 275 2016 dispensationes
294 1960 459 2003 occurrant.

80 2027 122 2104 *De
141 2040 242 2083 cetero
264 2026 418 2098 prudentia
433 2044 466 2082 ac
479 2026 621 2100 sapientia
643 2029 752 2082 Emorum
768 2028 891 2083 Patrum
905 2040 939 2082 ut
952 2044 1077 2101 semper,
1097 2025 1137 2081 ita

57 2109 130 2151 ettam
145 2099 175 2153 in
191 2098 336 2171 praesenti
350 2114 446 2166 causa,
464 2116 539 2171 quae
549 2099 633 2166 iusta,
649 2117 723 2170 quae
736 2116 829 2172 aequa
842 2099 901 2154 sint
914 2112 1029 2155 statuet.

85 2178 188 2245 Quare,
205 2190 261 2234 etc.

86 2258 270 2331 Responsum
297 2256 373 2312 fuit:
399 2258 451 2312 Ad
474 2271 541 2319 ΡΜ,
565 2258 680 2313 Sacrae
699 2258 921 2315 communionis
936 2257 1139 2331 frequentiam

53 2328 252 2385 commendari
265 2329 352 2385 iaxta
372 2329 532 2383 articulum
544 2332 677 2402 primum
693 2329 804 2385 decreti
816 2330 906 2385 etiam
915 2331 1016 2402 pueris
1029 2329 1082 2403 qai
1101 2329 1140 2384 ad

55 2414 164 2456 sacram
193 2417 326 2456 mensam
349 2400 436 2456 iaxta
461 2417 582 2456 normas
605 2402 635 2455 in
660 2401 846 2458 Catacht'smo
865 2401 1002 2457 Romano
1020 2417 1085 2474 cap.
1110 2416 1138 2470 4,

57 2489 79 2524 n.
90 2473 130 2535 63,
141 2473 236 2528 semel
248 2472 382 2542 admissi,
392 2474 430 2527 ab
445 2473 507 2527 eius
512 2473 669 2546 frequenti
673 2473 907 2546 participatione
914 2473 1069 2546 prohiberi
1083 2490 1140 2527 non
1157 2491 1160 2497 ·

55 2542 157 2610 dehent,
178 2545 232 2599 sed
245 2544 345 2616 potius
367 2561 415 2599 eos
434 2544 475 2599 ad
498 2545 529 2598 id
544 2544 671 2610 hortari,
692 2546 851 2617 reprobata
866 2546 968 2670 praxi
986 2545 1140 2600 contraria

56 2613 157 2669 alicubi
168 2616 300 2689 vigente.
315 2614 367 2669 Ad
377 2629 445 2684 am,
460 2615 552 2669 quta
567 2627 702 2683 mentem,
714 2618 798 2688 sacto
813 2633 865 2672 rer
884 2613 977 2672 ocum
991 2617 1082 2672 SSm0.

480 2777 708 2830 Annotrtmortns

91 2934 110 2972 1.
124 2917 220 2972 Causa
240 2916 304 2985 ista,
325 2917 409 2972 cuius
421 2915 610 2972 utilissimum
630 2917 744 2974 videtur
758 2931 930 2990 argumenta
949 2920 1141 2991 perpendere,

57 2987 209 3043 omittenda
224 3004 285 3042 non
300 2988 405 3043 eratin
419 2988 523 3043 libellis
537 2989 691 3058 periodicis
707 2990 737 3044 in
752 2992 859 3063 quibus
873 2990 971 3062 ipsum
987 2992 1142 3046 Decretum

58 3057 143 3112 Sacra
162 3059 507 3132 TridentinaSynodas,
533 3076 568 3113 20
580 3061 642 3116 dec.
669 3063 735 3134 1905
760 3061 974 3134 exscripsimus.
1000 3062 1145 3130 Quocirca

57 3128 135 3184 etiam
149 3131 305 3186 Secretarii
319 3131 553 3202 dissertationem
566 3131 614 3186 hic
627 3133 733 3188 referre
749 3134 870 3205 placuit.

89 3227 118 3288 2..
128 3211 169 3265 De
184 3210 284 3282 priore
298 3210 444 3274 solutione
465 3211 633 3266 observabis
655 3212 806 3286 reprobari
825 3213 914 3268 etiam
938 3229 1058 3268 omnem
1076 3229 1146 3268 con·

59 3289 171 3335 tranum
186 3299 286 3336 usum.

386 560 692 630 oostantiense.lSess.
711 563 767 631 13),
789 562 921 633 quamvis
940 561 1033 616 edicat
1047 559 1128 631 quod
1149 592 1152 601 ·

1210 471 1331 543 Ecclesia-

1182 556 1243 601 stiaa
1257 552 1315 611 legis

1183 613 1256 667 ratio,

1212 851 1269 898 Noa
1280 863 1321 895 ar·

1182 908 1258 968 gmda
1272 910 1296 953 si
1303 911 1346 967 prt-

1182 971 1242 1026 gnal
1251 979 1303 1013 anm

1185 1028 1236 1072 iare
1249 1024 1310 1071 mci·

1181 1080 1264 1143 piendi

1186 1141 1318 1187 Christum.

1215 1213 1230 1260 1
1231 1228 1247 1260 n
1261 1211 1339 1259 domi·

1186 1272 1228 1319 aas
1237 1270 1278 1317 ubi
1288 1275 1321 1315 est

1186 1330 1329 1381 oratorium,

1187 1383 1334 1435 incommoda

1186 1448 1286 1493 cessant.

1219 1818 1257 1884 Da
1266 1815 1337 1920 nahr-

1189 1888 1236 1922 rms
1248 1889 1273 1921 m
1300 1888 1352 1922 omo

1186 1936 1286 1992 privata
1294 1931 1335 1989 fa·

1191 1990 1266 2037 cultas
1283 2004 1354 2049 qaae·

1190 2048 1352 2106 damEpt'sco·

1188 2108 1228 2166 pis
1240 2104 1297 2152 dari
1311 2112 1353 2164 po·

1193 2168 1243 2209 lesi.

1220 2280 1341 2323 Resolu-

1193 2334 1298 2377 tionem

91 3359 129 3413 Ex
142 3361 206 3430 ipsa
219 3375 368 3432 praeterea
381 3363 589 3443 disputatione,
605 3363 678 3417 illud
691 3362 780 3416 etiam
793 3380 854 3418 non
868 3363 1015 3419 immerito
1028 3363 1144 3428 inferas,
1228 3405 1237 3417 .

59 3427 97 3482 ius
115 3433 193 3502 quod
209 3431 239 3485 in
256 3432 388 3504 pluribus
402 3436 473 3491 locts
488 3453 522 3491 ex
542 3434 756 3491 consuetudine
779 3435 888 3490 habent
903 3434 1023 3503 parochi
1042 3435 1147 3490 admit·

59 3501 129 3555 tendi
159 3520 269 3575 pueros
296 3505 332 3558 ad
358 3507 483 3583 primam
511 3523 623 3562 sacram
654 3507 895 3560 communionem
921 3522 982 3561 non
1012 3523 1074 3560 esse
1106 3506 1146 3560 ita
1200 3538 1204 3548 .

59 3574 215 3642 urgendum
237 3589 270 3629 ut
292 3591 365 3646 puer
380 3578 498 3648 ingenio
514 3592 541 3632 et
556 3575 675 3632 scientia
694 3578 838 3633 maturior
851 3591 978 3648 nequeat
997 3594 1032 3632 ex
1047 3591 1146 3632 aucto-

60 3640 134 3699 ritate
153 3659 313 3716 parentum
332 3656 367 3702 et·
383 3648 550 3704 confessarii
571 3647 717 3721 privatim
741 3647 891 3702 Christum
916 3648 1061 3719 suscipere
1080 3663 1148 3704 ante

60 3728 117 3767 eam
142 3730 269 3771 aetatem
291 3735 366 3789 quae
386 3720 416 3774 in
444 3722 510 3775 loco
533 3719 730 3774 communiter
753 3736 806 3790 pro
827 3719 965 3774 sollemni
987 3720 1062 3790 exigi
1079 3737 1147 3775 con·

60 3788 152 3842 suevit.
162 3788 290 3855 Scilicet,
304 3791 437 3863 parochis
453 3804 616 3846 reservatur
627 3791 724 3862 potius
735 3791 886 3845 sollemnis
896 3792 949 3846 ista
959 3791 1146 3858 caerimonia,

60 3872 128 3926 quae
141 3873 223 3913 tanta
237 3876 290 3930 pro
314 3863 409 3932 pueris
433 3877 461 3918 et
480 3863 649 3930 parentibus
664 3863 790 3917 utilitate
810 3863 1019 3933 ¹frequentatur,
1036 3875 1064 3916 et
1087 3880 1148 3917 non

59 3926 93 3984 ita
114 3929 228 4001 pridem
249 3945 292 3986 est
315 3933 351 3987 ab
375 3934 438 4005 ipso
462 3935 513 3992 SS.
532 3936 566 3988 D.
583 3935 620 3987 N.
639 3933 694 3987 Pio
710 3936 763 4007 Pp.
780 3935 807 3988 X
821 3935 1035 3996 commendata,
1050 3934 1148 4004 potius

59 4015 143 4062 auam
174 4001 331 4073 singularis
365 4019 393 4060 et
423 4006 551 4075 privatus
585 4020 716 4060 accessus
750 4006 945 4060 excultiorum
976 4022 1148 4076 puerorum.

60 4069 197 4140 Similem,
219 4073 311 4129 immo
336 4076 472 4146 parochis
495 4076 672 4132 severiorem
699 4077 874 4131 sententiam
895 4089 993 4131 tuetur
1015 4077 1149 4132 redactor

59 4143 137 4197 Aera
156 4145 187 4199 S.
202 4145 299 4210 Saots,
314 4162 383 4202 cum
395 4162 478 4204 eruat
498 4169 514 4198 «
530 4161 561 4217 4⁰
578 4151 703 4202 Demum
723 4148 867 4218 parochos
885 4147 1018 4218 aliosque
1039 4149 1150 4203 anima-

60 4229 121 4267 rum
141 4231 291 4272 curatores
313 4235 351 4274 ne
374 4220 439 4290 plus
462 4237 558 4291 aequo
581 4236 642 4274 sese
666 4220 849 4275 immisceant
860 4232 996 4291 oportere
1009 4219 1039 4273 in
1053 4219 1150 4292 pueris

59 4284 242 4341 admittendis
266 4289 313 4344 vel
337 4291 511 4363 repellendis
534 4309 550 4346 a
572 4291 684 4363 primae
706 4290 926 4347 communionis
945 4291 1148 4364 perceptione,
