2959 4900
91 326 145 410 [19]
206 351 228 388 s.
245 351 269 386 c.
287 351 312 386 c.
328 348 482 385 nrcnnruu
499 348 603 385 11MA11
620 353 685 395 1904,
702 349 739 384 na
754 347 897 384 urssaumr
912 347 1051 385 nunninus
1134 327 1174 391 49

116 484 140 538 6.
153 485 186 537 ln
194 484 311 538 decreto
320 483 471 557 Vigilanti
479 482 586 550 studi0,
596 500 656 554 quo
664 481 803 537 iubentur
813 483 976 538 sacerdotes
986 481 1089 536 missas
1099 499 1175 554 quae

87 555 133 610 sibi
145 566 317 628 supererant
330 566 396 627 post
410 572 523 610 annum
540 554 656 609 tradere
675 553 840 609 Ordinariis
859 554 929 621 suiS,
950 570 1047 608 annus
1060 554 1097 609 ab
1110 552 1174 610 aliis

86 625 301 698 intellegebatur
318 626 427 695 civilis,
448 626 488 681 ita
507 637 540 680 ut
558 636 624 696 post
653 625 683 681 31
705 625 785 680 diem
803 625 965 681 decembris
987 625 1175 696 resignandas

85 698 210 753 dicerent
230 698 447 772 eleemosynas3
469 697 505 752 ab
532 697 596 752 aliis
623 708 722 752 autem
743 696 870 768 spatium
889 696 1101 753 concedebatur
1123 698 1173 753 365

85 769 194 826 dierum
213 789 229 824 a
248 782 381 842 suscepta
400 767 590 842 obligatione.
614 770 701 824 Hanc
719 769 913 841 posteriorem
926 767 1102 823 sententiam
1115 768 1174 823 iam

84 841 244 966 ἓιιὼεητὶεε
259 841 363 914 probat
389 852 417 896 et
441 840 610 914 promulgat
633 841 669 895 de
694 833 801 896 Missis
825 839 1015 896 manualibus
1036 857 1175 913 praesens

101 924 238 968 ecretum.

116 999 157 1052 De
166 997 301 1065 fundatis
315 1008 414 1052 autem
428 997 473 1052 vel
487 995 627 1061 beneficio
639 995 770 1050 annexis
784 995 857 1051 haec
871 995 977 1051 habet:
993 1016 1009 1046 <t
1023 994 1172 1067 Obligatio

83 1067 320 1196 glpzpsespplpendi
334 1069 469 1124 decurrat
482 1086 499 1124 a
512 1067 571 1124 fine
583 1067 662 1123 illius
676 1067 747 1122 anni
760 1063 837 1122 intra
850 1084 939 1139 quem
951 1084 1043 1123 onera
1058 1067 1173 1142 impleri

113 1243 141 1296 7.·
161 1225 239 1278 Cum
252 1222 283 1277 in
301 1240 331 1278 n.
348 1224 361 1280 5
380 1222 495 1279 Decreti
514 1222 538 1277 is
557 1221 615 1287 cui,
631 1221 775 1276 incolumi
787 1221 981 1277 fundatorum
993 1221 1037 1277 vel
1052 1221 1173 1282 offeren-

82 1294 150 1350 tium
163 1294 323 1362 voluntate,
339 1295 375 1350 de
388 1294 483 1349 missis
512 1293 668 1348 uibusdam
680 1293 773 1349 libere
787 1293 942 1366 disponere
954 1293 1048 1355 liceat.
1060 1294 1173 1366 legatur

83 1383 160 1438 posse
170 1383 219 1421 eas
229 1366 428 1422 sacerdotibus
438 1365 492 1422 sibi
526 1365 649 1421 enevisis
661 1365 799 1433 tribuere,
815 1364 1021 1420 nonvidentur
1033 1366 1172 1443 Episcopi

82 1439 260 1562 presbpteros
280 1438 443 1494 saeculares
462 1437 616 1510 prohibere
638 1453 724 1509 posse
743 1454 781 1491 ne
804 1437 907 1491 missas
921 1437 1171 1496 «exuberantes»

83 1526 154 1565 sacer
175 1509 218 1564 oti
240 1508 302 1565 fido
328 1510 458 1565 sednon
480 1509 655 1566 dioecesano
673 1508 800 1563 tradant.
824 1509 971 1576 Ceterum,
993 1507 1122 1582 iamper
1142 1529 1172 1568 se

82 1580 237 1652 loquend0,
251 1581 324 1636 tales
343 1581 448 1637 missae
466 1580 503 1635 ad
517 1580 633 1636 nullum
649 1578 748 1635 locum
760 1597 857 1650 neque
875 1579 913 1634 ad
932 1579 1090 1635 dioecesim
1109 1600 1171 1655 per·

82 1651 178 1707 tinent.
203 1653 272 1720 Quo
295 1651 381 1707 titulo
403 1670 451 1708 eas
465 1669 519 1725 pro
533 1651 592 1708 suis
607 1651 797 1706 vindicaverit
817 1650 1005 1724 Episcopus?
1021 1653 1055 1706 ln
1079 1671 1171 1724 quam

84 1723 250 1779 sententiam
269 1726 433 1796 propendet
451 1723 540 1779 etiam
562 1725 596 1779 R.
613 1724 649 1778 D.
666 1724 844 1778 Bounrunou
862 1723 882 1778 ¹.
904 1723 1013 1794 Excipe
1031 1736 1131 1780 tamen
1145 1726 1168 1781 si

83 1794 248 1921 dioecesapa
262 1796 445 1876 consuetudo
458 1795 620 1850 saeculares
634 1795 798 1850 sacerdotes
818 1793 916 1848 iecerit
930 1793 960 1849 in
974 1794 1030 1850 hac
1049 1813 1079 1851 re
1101 1797 1168 1871 Epi·

84 1883 165 1940 scopo
179 1885 197 1921 0
220 1884 335 1922 nosnos.

112 1951 136 2006 8.
160 1951 270 2020 Regula
289 1950 426 2007 statuitur
444 1951 626 2006 universalis.
653 1950 712 2019 Qui
731 1967 807 2005 onus
826 1949 969 2006 dicendae
992 1950 1100 2007 missae
1117 1970 1169 2025 per

83 2020 167 2076 alium
180 2021 321 2094 adimplet
334 2041 350 2078 a
364 2023 528 2079 celebrante
552 2021 642 2078 fidem
660 2021 864 2078 celebrationis
883 2021 997 2093 exigere
1010 2023 1106 2079 debet.
1121 2025 1168 2080 Ab

83 2092 222 2166 Episcopo
236 2093 357 2166 quidem
366 2094 411 2149 vel
425 2112 442 2149 a
455 2095 485 2150 S.
501 2094 575 2149 Sede
589 2093 671 2148 nulla
685 2093 757 2148 fides
776 2106 820 2148 est
832 2092 982 2166 exigenda,
997 2111 1100 2149 verum
1112 2094 1167 2170 ipsi

84 2164 212 2236 Episcopi
224 2182 291 2220 eam
304 2184 321 2221 a
335 2165 549 2222 celebrantibus
562 2165 709 2238 postulare
722 2165 839 2220 debent.

113 2267 138 2321 9.
168 2249 295 2305 Intentio
320 2249 441 2305 fortasse
468 2248 624 2323 praecipua
652 2248 740 2304 huius
767 2248 875 2304 decreti
901 2248 959 2305 huc
987 2261 1106 2322 spectat,
1135 2264 1169 2305 ut

83 2318 208 2376 absoluta
220 2320 335 2377 ratione
349 2321 546 2393 supprimatur
558 2337 647 2376 omne
660 2319 845 2375 mercimonii
855 2338 948 2392 genus
963 2320 998 2375 de
1012 2320 1168 2377 missarum

83 2390 277 2466 eleemosynis.
301 2394 399 2462 Quare
421 2392 493 2448 haec
517 2393 637 2468 ponitur
661 2409 787 2447 norma:
815 2392 896 2448 Licet
918 2391 1038 2464 quidem
1063 2391 1168 2448 Missas

83 2464 220 2534 requirere
238 2476 272 2521 ut
291 2464 343 2520 tibi
366 2464 421 2537 ipsi
440 2464 484 2520 vel
504 2464 626 2520 subditis
651 2464 851 2520 sacerdotibus
870 2464 1014 2537 stipendia
1037 2482 1168 2537 congrua

84 2534 218 2603 obtineas;
229 2535 351 2591 minime
359 2549 458 2603 autem
466 2536 508 2591 fas
519 2550 624 2609 estope
634 2536 847 2608 stipendiorum
856 2536 954 2591 fovere
967 2536 1167 2609 opusaliquod

83 2605 158 2676 pium
164 2608 208 2663 vel
218 2609 343 2663 bonum.
356 2608 502 2663 Hincnon
515 2608 583 2663 licet
595 2608 654 2663 iam
668 2608 869 2663 redactoribus
880 2607 1102 2680 ephemeridum
1111 2607 1166 2663 sibi

84 2694 114 2731 ex
131 2678 257 2734 collectis
275 2678 468 2752 eleemosynis
487 2695 657 2748 comparare
675 2700 692 2731 a
706 2678 914 2735 associationes
928 2696 1007 2735 »seu
1024 2680 1166 2751 subscrip·

85 2748 178 2805 tiones.
193 2752 289 2805 Immo
304 2750 383 2805 nefas
397 2762 439 2806 est
452 2750 497 2805 his
510 2751 642 2822 personis
654 2751 757 2806 missas
770 2751 892 2806 tradere.

115 2834 178 2901 Quo
199 2834 310 2890 sanctio
333 2835 387 2890 ista
407 2834 513 2891 melius
540 2834 741 2899 confirmetur,
768 2835 856 2889 simul
875 2834 999 2890 edicitur
1018 2846 1166 2907 receptum

86 2904 252 2977 stipendium
266 2924 328 2962 non
342 2919 457 2962 tantum
470 2924 504 2962 ex
517 2906 630 2978 integro
654 2906 801 2962 sedetiam
817 2906 847 2960 in
856 2924 915 2978 pro
936 2907 985 2961 ria
995 2907 1092 2979 specie
1104 2924 1166 2962 esse

85 2978 247 3033 tradendum
265 2978 434 3034 celebranti.
457 2980 626 3051 Receptum,
647 2977 780 3049 inquam,
807 2978 902 3049 stipen
925 2978 986 3032 ium
1002 3000 1009 3046 ;
1025 2996 1094 3033 narn
1114 2977 1165 3049 qui

85 3046 157 3117 prior
177 3050 305 3120 postulat
323 3062 357 3104 ut
375 3044 464 3105 missa
490 3050 520 3104 in
543 3062 653 3105 certam
676 3049 839 3105 celebretur
866 3049 1070 3109 intentionem.
1091 3048 1166 3105 sicut

86 3120 227 3187 gratuitam
246 3132 344 3195 petere
363 3133 459 3193 potest
481 3120 717 3189 celebrationem,
734 3120 774 3175 ita
787 3120 897 3175 librum
920 3122 965 3176 vel
989 3120 1069 3175 aliud
1093 3121 1165 3193 quid

87 3188 179 3246 offerre
191 3210 250 3247 non
265 3205 388 3248 vetatur.

117 3274 219 3353 Verum
232 3276 306 3331 haec
318 3275 511 3349 prohibentur
523 3297 529 3332 ε
540 3280 570 3347 a)
579 3278 706 3350 Accepta
714 3276 900 3349 eleemosyna
908 3294 925 3331 a
933 3275 1013 3331 fideli
1021 3277 1161 3349 quodam,

87 3348 179 3414 pacisci
196 3366 264 3403 cum
283 3348 432 3403 sacerdote
451 3349 615 3403 celebrante
634 3348 691 3403 hoc
703 3348 816 3404 modo:
839 3348 925 3403 Dices
939 3349 1077 3415 missam;
1099 3349 1161 3415 tibi,

87 3430 134 3494 pro
145 3419 295 3491 stipendi0,
310 3419 418 3475 librum
430 3420 544 3475 tradam
557 3418 783 3493 aequipollentis
795 3420 891 3491 pretii.
906 3419 1084 3475 Huiusmodi
1099 3437 1163 3493 pac-

87 3496 156 3544 tione
167 3492 308 3547 minuitur
320 3490 492 3547 celebrantis
508 3490 635 3546 libertas.

120 3570 143 3643 b)
160 3575 296 3643 Quamvis
318 3574 410 3648 magis
436 3575 568 3648 expedita
594 3574 667 3629 sito
690 3574 731 3629 tio
757 3574 819 3630 eius
844 3574 895 3646 qui
921 3575 979 3629 iam
1007 3574 1164 3630 celebravit

88 3640 191 3721 missam
209 3660 237 3701 et
256 3646 301 3701 ius
320 3646 408 3701 habet
424 3646 590 3718 quaesitum
606 3646 643 3701 ad
657 3592 875 3727 eleemosynam
888 3646 919 3701 in
932 3646 1050 3719 propria
1070 3645 1163 3717 specie

89 3718 253 3784 exigendam,
281 3717 486 3787 nihilominus,
510 3735 547 3773 ne
574 3735 668 3774 novae
694 3718 881 3773 invenrantur
907 3730 983 3773 artes
1009 3716 1163 3771 fraudandi

90 3780 180 3856 legem,
194 3790 221 3843 id
230 3788 294 3844 fieri
308 3788 410 3860 nequit
422 3788 588 3861 frequenter
603 3802 630 3845 et
643 3789 673 3844 in
688 3788 854 3845 subsidium
863 3788 1042 3845 commercii.

123 3868 218 3927 Contra
229 3889 297 3928 vero
310 3894 317 3929 ε
333 3882 363 3933 al
380 3875 444 3943 lpse
457 3873 619 3947 bibliopola
630 3873 688 3930 sibi
701 3890 754 3947 per
766 3873 857 3927 libros
868 3872 1001 3928 obtinere
1014 3872 1116 3927 missas
1126 3875 1163 3927 ad

91 3952 162 3995 suam
175 3942 364 4000 intentionem
378 3944 564 4001 celebrandas
577 3955 639 4001 non
655 3957 782 4012 vetatur;
798 3944 880 3999 nulla
894 3957 965 3999 tunc
983 3943 1015 3998 fit
1030 3961 1163 3999 commu·

92 4009 152 4065 tatio
169 4014 378 4095 stipendiorum
400 4015 430 4069 in
449 4015 549 4086 libros
565 4018 615 4072 sed
637 4016 817 4090 stipendium
834 4029 976 4086 tanquam
990 4016 1020 4070 in
1043 4015 1162 4088 propria

93 4094 232 4155 suaspecre
243 4086 273 4143 in
292 4086 369 4142 libro
383 4087 523 4145 consistit.

101 4216 413 4235 κ--ι

122 4296 129 4328 ¹
141 4298 287 4353 Cauoutsrrr
296 4318 526 4365 contemporant,
539 4304 792 4365 1904,J'uillet-aoi1t.
