2959 4900
274 316 392 352 tuxtnrcr
408 298 548 352 arrectus
563 315 699 352 vororttru
714 313 958 352 rrurounruoxuu
1121 289 1161 352 69

79 468 260 540 antequam
279 450 496 539 Episcopum
512 449 702 538 reppererit
725 450 785 538 qui
811 471 889 517 vere
905 471 988 516 eum
1003 449 1040 516 in
1057 470 1162 516 suurn

78 543 284 630 cooptaverit
308 543 453 626 clerum,
483 557 516 606 et
543 556 744 627 antequam,
774 556 962 628 praeterea,
990 561 1029 606 ea
1053 548 1162 627 quam

77 631 223 699 diximus
239 630 373 698 ratione
389 632 494 712 (t.¹1⁰.
513 651 548 696 n.
570 651 635 716 337
652 645 684 696 et
699 632 792 716 338),
818 629 884 696 sibi
908 628 1163 717 patrimonium

77 719 301 806 constituerit.
323 720 433 785 Nulla
459 741 580 786 rursus
603 739 739 786 tenetur
760 717 922 786 subditus
948 717 1163 806 obligatione

79 809 253 877 emittendi
270 825 349 875 vota
366 825 532 897 perpetua
544 809 580 874 in
600 807 777 876 Instituto.

118 920 215 987 Hinc
231 920 327 988 fasne
344 919 408 1006 ipsi
434 919 499 986 erit
514 919 589 986 sine
605 921 694 986 votis
711 934 747 986 et
761 918 861 1006 quasi
878 919 954 986 sine
970 940 1051 985 cura
1067 939 1162 985 com·

77 1011 180 1077 modo
208 1009 276 1077 frui
307 1007 482 1096 hospitio?
515 1009 666 1075 Minime
697 1009 869 1096 gentium.
906 1009 987 1097 lpsa
1014 1005 1162 1075 naturali

76 1100 253 1166 honestate
279 1115 438 1166 vetamur
465 1097 648 1186 imponere
679 1097 844 1166 Instituto
871 1117 963 1164 onus
985 1097 1164 1164 alimento·

77 1210 151 1255 rum
178 1204 368 1277 postquam
395 1185 519 1254 foedus
542 1209 614 1276 quo
638 1207 720 1253 cum
737 1187 815 1274 ipso
831 1187 1065 1274 iungebamur
1080 1207 1163 1252 con·

78 1299 209 1346 servare
236 1278 429 1345 noluimus.
463 1275 661 1344 Excusandi
685 1276 832 1364 quidem
856 1297 992 1361 sumus,
1018 1276 1046 1342 si
1063 1277 1163 1362 copia

78 1368 175 1435 nobis
203 1367 349 1434 defuerit
378 1365 607 1432 satislaciendi
639 1365 888 1432 ecclesiasticae
920 1365 987 1453 legi
1019 1385 1090 1452 qua
1119 1363 1163 1430 ad

79 1457 301 1525 deserendam
329 1455 479 1522 domum
506 1456 603 1544 prius
631 1455 759 1521 habere
778 1455 996 1542 Episcopum
1012 1472 1043 1520 et
1060 1453 1180 1542 patri·¹

80 1547 238 1614 monium
266 1545 443 1613 iubemur.
466 1542 546 1628 Sed,
565 1563 603 1611 ut
621 1545 706 1610 haec
730 1543 904 1610 excusatio
922 1543 1024 1611 nobis
1038 1544 1162 1631 prosit,

80 1635 251 1704 sufficiens
277 1633 457 1724 diligentia
484 1652 535 1700 est
558 1633 757 1701 adhibenda
774 1632 817 1699 de
833 1633 970 1700 mediis.
990 1631 1165 1718 Quocirca

80 1727 239 1792 alumnus
266 1725 303 1813 in
331 1722 448 1804 sacris,
469 1723 537 1790 nisi
555 1741 722 1812 perpetua
750 1722 861 1789 facere
884 1738 964 1789 vota
987 1721 1162 1806 maluerit,

82 1812 292 1902 Episcopum
335 1813 547 1880 benevolum
589 1826 804 1900 receptorem
843 1828 876 1878 et
914 1810 1164 1900 patrimoninm

82 1903 198 1971 sedulo
216 1923 385 1992 quaerere
401 1902 514 1968 debet.

119 2005 216 2091 Quid
234 2019 353 2072 autem
370 2003 396 2069 si
425 2024 546 2069 curam
569 2003 671 2069 istam
698 2000 948 2086 detrectaverit,
977 2003 1032 2067 vel
1054 2017 1165 2067 osten·

81 2093 162 2161 derit
179 2115 216 2161 se
235 2093 403 2182 Episcopi
420 2110 452 2158 et
468 2108 633 2160 votorum
649 2112 759 2179 aeque
776 2090 1034 2158 incuriosum?

123 2202 340 2272 Huiusmodi
372 2202 498 2292 agendi
529 2201 665 2270 ratione
696 2201 834 2268 videtur
860 2199 964 2267 nobis
994 2197 1165 2266 contineri

81 2295 189 2380 gravis
205 2311 238 2360 et
253 2308 393 2360 externa
409 2294 523 2381 culpa,
549 2292 586 2358 in
614 2309 684 2380 qua
711 2292 740 2358 si
768 2289 849 2377 quis
863 2290 1035 2356 obstinate
1051 2306 1166 2374 perse·

82 2384 256 2466 iteraverit,
274 2400 314 2449 ut
330 2381 591 2471 incorrigibilis,
612 2397 745 2447 sertata
760 2379 873 2447 forma
896 2377 1024 2444 decreti
1040 2375 1166 2444 Auctis

83 2472 272 2559 admodum,
292 2474 418 2559 poterit
434 2472 568 2559 expelli.
591 2470 698 2557 Quod
723 2470 751 2537 si
779 2470 983 2537 institutum
1007 2468 1166 2533 lacultate

83 2580 189 2716 {areat
219 2564 385 2629 alumnos
415 2560 627 2647 dimittendi,
656 2580 765 2627 'causa
797 2558 861 2625 erit
891 2558 935 2625 ad
968 2555 1005 2625 S.
1037 2554 1166 2623 Sedem

104 2651 272 2719 elerenda.

127 2753 254 2839 Immo,
285 2772 392 2841 quem
419 2751 623 2818 Institutum
651 2751 780 2819 iudicet
796 2749 972 2839 perpetuis
989 2748 1076 2815 votis
1093 2768 1166 2813 non

86 2862 154 2907 esse
167 2842 327 2931 dignum,
342 2857 455 2927 potest
471 2863 553 2907 eum
566 2841 721 2930 obligare
734 2842 776 2907 ad
790 2840 913 2906 sedulo
925 2838 1165 2925 quaerendum

88 2929 311 3020 Episcopum.
333 2930 440 3015 Quod
456 2931 492 2996 ni
510 2930 640 3015 fecerit,
660 2930 720 3017 qui
738 2953 758 2995 a
774 2930 865 2996 votis
881 2927 1058 3015 perpetuis
1073 2945 1166 2992 arce·

86 3036 136 3085 tur
150 3020 187 3086 fit
209 3038 337 3088 iterum
354 3041 434 3085 reus
451 3020 571 3105 culpae
589 3040 689 3107 quae,
716 3033 835 3085 nostra
862 3016 1044 3103 sententia,
1063 3013 1167 3081 actio·

89 3129 164 3175 nem
179 3109 393 3199 expulsionis
409 3108 555 3175 fundare
572 3108 691 3197 possit.

130 3220 159 3285 3.
179 3221 314 3288 Interea
330 3237 460 3305 autem,
489 3218 590 3306 quasi
617 3219 654 3285 in
680 3238 806 3285 verum
833 3217 1030 3298 alumnum,
1057 3229 1168 3282 servat

93 3306 288 3376 Institutum
305 3309 343 3375 in
359 3308 564 3384 huiusmodi
581 3327 770 3395 personam
786 3326 931 3373 omnem
954 3326 1054 3371 suam
1071 3320 1168 3391 pote·

92 3412 202 3465 statem
230 3414 263 3465 et
289 3397 582 3483 iurisdictionem,
612 3397 719 3484 idque
742 3396 775 3463 vi
793 3395 879 3485 legis
906 3394 1166 3479 ecclesiasticae,

93 3489 273 3571 quaedum
289 3488 409 3575 ipsum
432 3507 574 3553 manere
592 3490 697 3575 cogit,
715 3485 816 3552 tacite
832 3483 1019 3551 confirmat
1039 3482 1115 3550 eius
1130 3480 1168 3548 in

93 3573 159 3641 loro
174 3594 314 3644 externo
338 3576 596 3643 condicionem.
619 3576 698 3662 lpse
726 3574 832 3641 etiam
860 3595 900 3639 ex
924 3575 999 3661 lege
1015 3571 1169 3639 ecclesia·

94 3663 166 3731 stica
191 3687 317 3733 omnes
341 3665 526 3732 exteriores
542 3666 630 3732 vitae
647 3664 829 3753 religiosae
845 3660 1077 3745 obligationes
1099 3680 1167 3727 ser·

95 3752 185 3822 vabit.
206 3756 290 3823 Una
302 3755 391 3843 perit
406 3754 574 3843 obligatio
587 3770 752 3821 votorum
768 3773 887 3820 coram
906 3752 995 3819 Deo

135 3862 205 3933 Hac
233 3866 367 3933 ratione
394 3864 606 3951 explicamus
630 3863 812 3952 quomodo
835 3862 945 3952 possit
964 3860 1168 3927 [nstitutum

98 3968 222 4021 causam
252 3954 467 4040 expulsionis
497 3954 650 4021 iudicare
681 3952 829 4021 alicuius
859 3952 920 4041 qui
952 3951 1059 4017 nullis
1098 3949 1168 4015 iam

99 4052 217 4111 tenetur
231 4045 333 4112 votis.

138 4150 181 4219 N.
210 4154 253 4222 B.
285 4152 323 4223 Si
355 4153 519 4221 alumnus
546 4154 589 4221 ad
624 4152 828 4221 institutum
861 4151 1170 4219 Missionariorum

102 4242 299 4331 pertinuerit,
328 4244 503 4333 fueritque
525 4244 627 4311 titulo
644 4242 823 4311 missionis
839 4241 1033 4331 ordinatus,
1051 4240 1169 4332 prohi-
