2959 4900
103 255 169 340 [40]
328 279 474 318 runicus.
490 281 516 317 c.
533 278 576 316 nr.
592 277 628 316 iri
644 279 707 316 nso.
723 279 755 316 ru
769 277 860 316 viniis
874 276 967 315 causis
1130 254 1186 316 llll

104 391 136 446 in
150 391 304 450 ecclesiam
318 403 478 450 conventus
490 390 692 448 transferretur
711 389 930 448 confraternitas
944 411 950 447 z
967 389 1011 445 sin
1024 389 1122 446 minus
1135 405 1189 462 pro

103 463 248 519 exstincta
261 476 336 522 esset
348 465 492 520 habenda.
512 465 550 519 Et
562 479 592 519 re
605 463 725 536 quidem
738 479 815 531 vera,
839 479 917 518 anno
936 463 1012 535 1892,
1027 459 1189 518 Carmelitis

103 535 249 592 Calceatis
263 535 366 608 obtigit
385 534 597 591 monasterium
610 535 639 590 iri
657 535 724 591 loco
743 534 820 590 dicto
841 533 870 590 S.
887 533 1033 602 Giuliano,
1049 531 1122 589 infra
1135 532 1189 587 tria

102 606 231 663 miliaria
245 625 262 662 a
274 607 449 675 Birchicara,
464 606 513 662 sed
527 600 770 662 confraternitatis
783 604 1004 662 translationem
1017 622 1077 660 non
1091 617 1189 678 postu-

103 679 215 735 larunt.
237 679 356 748 Contra,
373 677 556 734 Carmelitae
568 677 745 745 excalceati,
760 677 811 749 qui
830 689 860 732 a0
884 677 950 758 1896
969 688 1147 732 conventum
1160 677 1188 730 id

103 750 170 824 ipso
185 750 252 808 loco
275 750 438 806 Birchicara
452 760 661 813 exstruxerant,
684 749 861 823 Episcopum
874 749 1008 804 adierunt
1027 761 1059 803 ut
1077 747 1190 804 confra-

103 821 271 878 ternitatem
296 822 325 877 iii
350 839 434 878 suain
458 821 590 894 ipsorum
612 820 779 877 transferret
797 818 959 879 ecclesiam.
981 819 1037 877 Cui
1056 819 1188 894 petitioni

103 893 195 948 simul
209 893 384 950 obstiterunt
403 893 573 966 Capitulum
595 893 764 965 collegiatae
790 891 926 948 ecclesiae
949 905 976 948 et
995 891 1190 947 communitas

105 966 166 1022 ΡΡ.
188 965 413 1022 Carmelitarum
439 965 651 1032 calceatorum,
672 976 774 1020 contra
792 980 861 1022 vero
881 965 975 1020 eidem
994 979 1055 1020 esse
1078 964 1189 1020 obtem·

102 1038 269 1110 perandum
288 1037 401 1093 censuit
424 1037 454 1092 S.
483 1037 678 1109 Congregatio
704 1036 917 1109 Episcoporum
936 1047 965 1092 et
989 1035 1188 1106 Regularium,

104 1127 138 1174 aq
151 1107 216 1163 iulii
233 1126 309 1181 1904,
325 1109 371 1164 his
389 1106 502 1164 verbis:
526 1128 542 1159 (ι
556 1106 684 1165 Attentis
704 1107 848 1175 omnibus,
870 1106 1107 1176 transferendam
1128 1123 1190 1162 esse

106 1173 390 1245 Confraternitatem
414 1179 452 1235 ab
481 1179 596 1253 insigni
619 1179 744 1235 ecclesia
768 1177 939 1262 parochiali
964 1177 1126 1252 collegiata
1150 1179 1190 1233 ad

103 1250 260 1307 ecelesiam
269 1253 396 1307 Parrum
404 1249 667 1315 Excalceatorum,
676 1249 760 1306 salvo
769 1267 834 1306 ture
842 1251 968 1307 Parrum
981 1249 1188 1306 Calceatorum

103 1322 245 1397 erigendi
258 1323 288 1378 in
298 1323 424 1396 propri’a
438 1321 563 1378 ecclesia
581 1321 875 1393 Constaternitatem.
891 1343 906 1373 i

139 1417 169 1472 Si
184 1435 200 1473 e
213 1417 312 1473 stricto
327 1417 390 1474 iure
402 1435 465 1474 tem
477 1417 597 1491 pendas,
609 1417 715 1480 dixeris
727 1418 995 1475 confraternitatem
1005 1417 1092 1474 fuisse
1102 1429 1191 1474 trans·

103 1488 253 1544 ferendam
277 1489 307 1544 in
331 1489 484 1545 ecclesiam
507 1491 628 1544 Patrum
650 1489 865 1556 Calceatorum,
880 1503 912 1545 ut
925 1488 1055 1546 formalis
1068 1490 1191 1547 sonabat

103 1560 211 1632 pactio,
232 1561 312 1616 salvo
332 1561 393 1616 iure
416 1563 536 1616 Patrum
551 1561 791 1616 Excalceatorum
805 1561 934 1632 erigendi
949 1578 1056 1617 novam
1069 1561 1189 1617 Confra-

103 1631 270 1688 ternitatem
291 1631 320 1687 in
347 1632 463 1706 propria
484 1632 614 1688 ecclesia.
638 1634 748 1688 Verum
771 1632 922 1688 translatio
946 1632 1189 1695 confraternitatis

104 1703 187 1758 istius
201 1704 239 1759 ab
252 1721 313 1759 uno
328 1703 358 1758 iri
372 1705 463 1761 alium
476 1704 575 1760 locum
587 1721 649 1759 non
667 1705 787 1759 vacabat
813 1704 1017 1772 incommodis,
1034 1704 1190 1777 minusque

104 1773 217 1830 favebat
231 1775 406 1833 concordiae
418 1788 447 1832 et
459 1775 524 1848 paci
539 1775 569 1830 in
584 1776 649 1831 loco
662 1775 741 1831 dicto
754 1775 927 1832 Bichircara.
945 1775 1024 1832 Hinc
1041 1776 1144 1832 maluit
1158 1778 1188 1832 S.

104 1847 301 1918 Congregatio
316 1848 423 1920 Eporum
442 1858 470 1902 et
490 1846 689 1919 Regularium,
701 1863 777 1920 quae
797 1848 869 1904 solet
883 1846 981 1920 potius
1001 1847 1190 1904 oeconomice

103 1919 244 2042 quemad
257 1919 352 1990 apices
365 1917 436 1973 iuris
450 1917 586 1974 dirimere
596 1919 817 1986 controversias,
828 1937 863 1975 ex
878 1936 973 1991 aequo
987 1931 1014 1975 et
1028 1919 1107 1976 bono
1121 1936 1189 1974 con·

114 1991 313 2046 ratemitatem
332 1989 361 2044 in
381 1991 484 2046 eodem
497 1991 563 2046 loco
575 1990 755 2064 relinquere,
766 1990 840 2045 facta
855 1989 1044 2046 translatione
1057 1991 1099 2046 ¹ad
1120 1991 1190 2047 eius·

104 2061 170 2116 dem
186 2061 244 2116 loci
255 2060 436 2117 Carmelitas.

139 2160 195 2214 111.
219 2158 397 2215 savonen.
414 2158 576 2216 Funerum.
592 2157 662 2222 ler.
679 2161 848 2227 Moitirons‚
867 2177 943 2232 1904,
958 2177 987 2232 p.
1003 2160 1076 2232 387.)

137 2231 282 2295 Savonae,
297 2230 444 2287 Antonius
463 2231 584 2303 quidam
598 2231 700 2300 Osilia,
721 2231 855 2302 quamvis
875 2232 998 2286 honesto
1017 2231 1081 2288 loco
1105 2245 1189 2286 natus

106 2317 156 2357 nec
181 2302 290 2376 opibus
316 2303 479 2366 destitutus,
504 2314 678 2358 testamento
703 2320 757 2357 suo
782 2303 1002 2374 praescripserat
1026 2315 1059 2359 ut
1084 2320 1189 2376 corpus

106 2390 191 2429 suum
210 2375 363 2446 exsequias
384 2374 504 2429 haberet
526 2374 717 2442 humillimas,
736 2390 770 2429 ac
785 2374 847 2430 sine
862 2391 968 2447 pompa
984 2373 1144 2431 deferretur
1159 2375 1189 2430 in

105 2445 256 2503 ecclesiam
271 2447 307 2503 D.
320 2447 357 2503 N.
374 2446 469 2502 dictae
481 2464 498 2500 a
509 2445 730 2516 Consolatione,
748 2464 823 2520 quae
843 2458 885 2503 est
905 2445 1025 2504 ecclesia
1038 2447 1188 2519 regularis,

106 2530 135 2573 ut
148 2518 227 2578 inde.
245 2530 359 2591 recepta
374 2517 529 2574 sacerdotis
544 2518 737 2587 absolutione,
749 2518 847 2573 statim
859 2518 890 2572 in
903 2518 1079 2583 coemeterio
1088 2520 1190 2577 huma·

106 2602 193 2646 retur.
208 2590 338 2647 Voluere
353 2588 450 2646 tamen
463 2589 583 2647 heredes
596 2602 629 2645 ut
651 2590 680 2645 in
696 2591 798 2646 eadem
816 2589 936 2646 ecclesia
954 2590 1095 2647 sollemne
1109 2590 1190 2647 fieret

107 2660 200 2717 funus.
218 2662 318 2717 Huius
339 2674 474 2787 quartam
494 2661 646 2717 funebrem
661 2661 714 2718 sibi
738 2661 868 2717 oblatam
880 2661 1035 2718 declinavit
1055 2663 1190 2735 proprius

107 2732 233 2789 defuncti
256 2750 345 2805 paroc
367 2750 411 2794 us,
435 2749 503 2788 cum
523 2750 610 2789 suum
629 2733 806 2790 existimaret
826 2733 938 2789 laesum
958 2733 1003 2789 ius
1023 2733 1188 2802 funerandi,

107 2804 211 2878 quippe
231 2804 279 2860 cui
301 2822 352 2877 per
374 2804 503 2877 aliquam
519 2805 684 2877 sepulturae
707 2804 882 2861 electionem
903 2821 962 2860 non
982 2817 1056 2863 esset
1070 2806 1190 2877 deroga-

108 2888 176 2932 tum.
192 2878 273 2933 Usus
286 2876 365 2933 enim
384 2892 453 2931 cum
471 2888 545 2933 esset
558 2878 690 2933 Savonae
703 2875 851 2932 deferendi
873 2892 1037 2949 pauperum
1050 2878 1190 2933 cadavera

109 2946 134 3001 in
147 2948 300 3005 ecclesiam
313 2950 347 3004 D.
361 2950 399 3004 N.
412 2966 429 3002 a
443 2946 662 3018 Consolatione,
683 2965 744 3003 non
758 2947 844 3028 longe
864 2947 1068 3003 acoemeterio
1083 2948 1190 3005 distan-

109 3030 173 3089 tem,
187 3032 220 3075 ut
241 3017 282 3076 lbi
297 3018 481 3076 commodius
503 3037 593 3092 quam
615 3019 645 3075 iti
660 3018 820 3092 parochiali
842 3018 961 3075 ecclesia
976 3020 1190 3076 absolutionem

109 3088 273 3163 reciperent,
307 3091 501 3147 contendebat
531 3090 677 3164 parochus
709 3090 880 3147 defunctum
914 3090 1079 3147 Antonium
1112 3108 1191 3148 mere

110 3161 231 3219 voluisse
250 3179 393 3236 pauperes
415 3162 523 3218 imitari
537 3180 598 3218 non
612 3174 710 3219 autem
732 3162 912 3237 sepulturam
926 3162 980 3218 sibi
994 3163 1109 3235 eligere.

142 3251 259 3321 Verum,
281 3253 380 3326 plures
398 3251 649 3326 praesumptiones
663 3250 798 3307 videntur
817 3250 853 3307 ad
872 3262 1079 3308 testamentum
1099 3269 1190 3309 acces-

113 3320 192 3391 sisse;
206 3336 244 3393 et,
265 3325 312 3405 die
329 3344 362 3397 29
381 3322 444 3379 iulii
468 3342 545 3405 1904,
567 3325 645 3405 520.
667 3324 826 3449 respondit,
847 3323 968 3379 electam
989 3322 1077 3381 fuisse
1097 3326 1191 3398 sepul·

113 3404 211 3464 turam,
227 3412 282 3453 nec
295 3413 359 3451 iura
373 3396 552 3469 parochialia
567 3394 655 3451 fuisse
667 3412 714 3450 vio
728 3406 786 3452 ata.

148 3476 198 3532 Per
210 3476 298 3533 huius
311 3492 415 3532 causae
434 3474 628 3544 occasionem,
643 3474 727 3531 cuius
746 3473 923 3547 peculiarem
937 3474 1080 3533 rationein
1095 3476 1190 3549 negle-

116 3544 211 3616 gimus,
227 3548 288 3603 duo
302 3559 440 3621 putamus
453 3563 514 3603 esse
528 3546 638 3603 utiliter
650 3547 852 3603 memoranda.

145 3660 171 3722 .¹·
185 3644 323 3712 Quamvis
335 3645 428 3719 possit
441 3657 560 3703 testator
581 3646 670 3702 aliam
689 3647 828 3719 deputare
844 3646 994 3703 ecclesiam
1014 3648 1189 3723 sepulturae,

117 3711 196 3771 aliam
208 3716 352 3790 exsequiis
365 3717 555 3788 celebrandis,
566 3718 623 3773 nisi
642 3717 719 3773 istud
737 3729 860 3779 constet.
881 3720 918 3775 ad
932 3719 1083 3776 ecclesiam
1094 3733 1191 3776 tumu-

118 3782 217 3842 lantem
237 3789 362 3862 pertinet
374 3788 419 3845 ius
433 3789 618 3861 persolvendi
630 3789 762 3846 officium
785 3789 916 3859 funebre,
938 3804 1049 3847 servata
1061 3792 1190 3864 parocho

119 3857 242 3924 portione
255 3860 406 3928 canonica.
426 3892 462 3901 -
476 3862 636 3931 Moutinr,
650 3860 698 3917 De
710 3862 861 3935 sepultura
877 3873 904 3917 et
916 3862 1077 3937 exsequiis,
1087 3881 1115 3937 p.
1128 3864 1190 3920 231.

152 3973 175 4010 2.
195 3958 223 4013 Si
241 3958 373 4016 officium
392 3959 513 4017 funebre
532 3962 569 4017 ab
591 3960 747 4017 heredibus
772 3959 899 4033 legitime
917 3960 1035 4017 iubetur
1053 3960 1191 4017 celebrari

123 4040 273 4098 separatum
286 4050 303 4088 a
317 4032 477 4112 sepultura,
492 4033 614 4089 liberam
628 4032 736 4087 haberit
751 4042 821 4087 tunc
835 4031 971 4089 ecclesiae
986 4031 1146 4106 optionem,
1158 4050 1191 4089 ac

123 4095 155 4176 dc
173 4103 373 4159 emolumentis
391 4104 457 4161 talis
476 4103 643 4170 functionis,
658 4103 766 4177 quippe
785 4121 860 4175 quae
874 4120 936 4159 non
948 4103 985 4159 sit
1006 4105 1189 4178 exsequialis,

125 4168 188 4248 nihil
214 4174 265 4229 sibi
292 4176 439 4257 parochus
461 4176 606 4233 vindicare
629 4187 734 4249 potest.
761 4176 820 4231 Cfr.
841 4192 1013 4247 responsum
1036 4177 1065 4232 S.
1081 4178 1189 4248 Congr.

128 4238 177 4299 Rit.
197 4245 223 4300 13
236 4247 303 4302 maii
322 4248 399 4320 1879.
415 4248 485 4317 (Cfr.
501 4248 694 4307 Monumeuta
708 4260 816 4316 nostra,
832 4265 861 4302 n.
877 4246 950 4316 268,
967 4264 994 4321 p.
1009 4251 1083 4321 707.)

1271 1123 1331 1170 Dies
1343 1122 1381 1180 (29

1243 1180 1285 1230 iul.
1298 1184 1375 1240 1904).

1257 1422 1397 1478 Anuotatio.

1270 3337 1330 3385 Dies
1340 3340 1379 3395 (eo

1243 3395 1284 3443 iul.
1297 3400 1375 3455 1904).

1258 3670 1399 3716 Anuolatr'e·
1455 3710 1456 3717 ,

1243 3740 1290 3774 MS.
