2959 4900
307 305 452 340 PROFESSIO
466 282 568 342 vamba
584 306 638 341 vm„
653 305 796 340 INVALIDA.
814 304 872 340 Duo
887 303 970 340 CASUS
1143 282 1183 344 95

140 440 343 524 Quaeritur
358 441 427 508 iam
444 442 488 509 de
503 442 707 511 necessitate
722 441 778 508 vel
794 441 939 509 utilitate
956 440 1054 508 istius
1071 460 1184 507 recur-

93 551 153 597 sus
168 530 211 597 ad
231 528 267 597 S.
290 528 429 600 Sedem.

139 627 254 710 Resp.
276 626 431 694 Perfecta
448 626 582 695 inutilis
597 626 807 694 iudicandus
823 626 959 694 videtur
982 625 1185 695 huiusmodi

93 737 269 802 recursus,
300 736 380 783 cum
408 715 452 784 de
470 718 595 784 valore
620 715 809 799 faciendae,
836 716 941 782 etiam
965 731 1043 816 post
1066 715 1187 783 decem

93 826 221 891 annos,
251 803 475 906 professionis
502 805 697 921 sollemnis,
687 804 854 961 ,ambigi
871 804 1041 892 nequiret.
1069 803 1186 904 'quue

93 893 167 961 sive
195 915 234 961 ex
262 893 454 982 principiis,
480 894 552 961 sive
567 881 615 960 ex
639 894 733 961 Actis
763 892 787 961 S
849 893 922 961 edis
945 892 1187 982 quaestionem

94 984 232 1050 solvere
247 983 424 1050 malueris.

139 1072 203 1139 Ex
214 1071 409 1172 principiis
428 1071 518 1138 istud
544 1072 723 1139 habetur
714 1092 978 1157 inconcussum,
1005 1070 1121 1159 leges
1113 1071 1184 1138 rrri

93 1175 207 1229 tantes
234 1162 369 1228 strictae
397 1159 672 1249 interpretationi
701 1161 870 1229 obnoxias
898 1180 985 1244 esse,
1015 1173 1118 1248 atque
1146 1180 1188 1227 eo

93 1250 209 1317 rarius
231 1250 464 1316 admittendas
487 1250 663 1317 nullitates
687 1270 759 1335 quo
783 1263 926 1338 propter
949 1269 1005 1316 eas
1029 1246 1188 1341 frequen·

94 1339 166 1406 tius
194 1339 322 1427 periret
349 1353 456 1405 status
484 1360 544 1427 per
572 1359 609 1406 se
635 1338 768 1405 stabilis
795 1353 828 1406 et
859 1336 1098 1406 immutabilis
1137 1338 1188 1405 lta

65 1488 68 1492 .
96 1428 141 1495 de
155 1427 382 1495 matrimonio
395 1428 623 1516 pronuntiant
635 1448 759 1494 omnes
772 1412 942 1495 doctores
961 1426 1080 1494 Nimis
1093 1427 1188 1493 enim

95 1518 195 1584 bono
211 1517 393 1583 communi
421 1516 717 1602 adversaretur,
690 1539 718 1583 si
736 1530 843 1583 status
860 1537 921 1605 per
949 1536 984 1582 se
1001 1532 1189 1603 perpetuus

97 1604 299 1694 frequenter
325 1620 473 1673 nutaret.
502 1607 578 1695 Age
604 1626 700 1693 vero,
729 1619 938 1695 perpetuum
965 1618 1092 1671 statum
1109 1626 1189 1691 pro·

94 1694 202 1762 fessio
225 1694 405 1761 sollemnis
421 1694 524 1761 etiam
541 1693 685 1761 inducit
706 1694 825 1781 Quare
844 1694 1084 1762 BENEDICTUS
1100 1693 1189 1761 XIV

95 1783 211 1851 causis
227 1784 270 1850 de
287 1783 442 1850 nullitate
459 1782 684 1883 professionis
704 1782 953 1851 sollemnitates
969 1782 1189 1883 praescripsit

93 1873 139 1939 iis
165 1870 298 1938 similes
325 1872 455 1961 quibus
482 1888 599 1939 contra
629 1871 888 1959 intempestivas
915 1870 1083 1939 nullitatis
1111 1892 1187 1939 sen-

94 1961 222 2028 tentias
253 1976 412 2050 saeptum
443 1959 553 2028 voluit
583 1962 839 2029 matrimoniale
870 1961 1108 2027 vinculum&
1145 1960 1191 2027 Et

95 2049 376 2118 Constitutiones
400 2048 550 2117 Slxr1V
576 2051 621 2116 de
648 2050 896 2117 admissione
888 2072 926 2117 m
954 2014 1191 2136 Ordinem,

95 2140 241 2207 duobus
255 2138 500 2226 Pontificibus,
509 2137 806 2207 GREGOR10XIV
819 2154 851 2205 et
864 2138 1189 2239 CLEMENTEVOIII,

94 2226 282 2329 temperari
315 2226 480 2314 debuere,
513 2228 559 2295 ob
591 2228 819 2296 incommoda
850 2244 926 2296 orta
962 2254 974 2290 α
1010 2248 1050 2295 ex
1081 2227 1191 2296 nimia

95 2316 260 2384 facilitate
283 2335 316 2383 et
343 2279 567 2385 multitidine
595 2338 741 2385 casuum
764 2318 801 2384 in
829 2316 959 2417 quibus
987 2315 1192 2405 professioa

97 2404 370 2508 suscipientibus
401 2404 561 2475 habitum
592 2406 740 2475 alicuius
775 2404 962 2496 Regularis
993 2405 1140 2476 Ordinis
1171 2427 1191 2473 a

97 2495 193 2563 dicto
211 2494 308 2563 Sixto
338 2496 609 2563 Praedecessore
638 2497 772 2564 Nostro
789 2497 886 2564 nulla
915 2495 1152 2564 declaratur.²
1173 2521 1186 2558 l>

146 2584 225 2651 lam
237 2604 331 2669 vero,
347 2575 521 2671 quaenam
533 2585 586 2652 lex
589 2606 789 2686 ,quaenam
804 2585 1004 2669 Instructi0,
1015 2606 1190 2674 quaenam

99 2676 224 2740 saltem
248 2673 432 2741 declaratio
457 2675 512 2740 vel
538 2674 776 2762 interpretatio
806 2672 843 2742 S
869 2672 1011 2763 Congr¹⁵
1026 2688 1116 2741 vetat
1131 2696 1189 2760 ne,

99 2762 164 2829 sub
166 2783 296 2864 'poena
312 2763 480 2829 nullitatis
502 2762 738 2859 professionis,
766 2763 855 2828 ultra
871 2764 1082 2850 permissum
1104 2777 1190 2830 tem-

99 2851 196 2952 poris
211 2851 361 2938 spatium
378 2851 561 2952 religiosus
577 2867 715 2919 maneat
737 2851 967 2940 simplicibus
986 2852 1045 2919 sed
1070 2872 1189 2941 perpe-

100 2941 168 3006 tuis
197 2939 287 3007 votis
311 2939 519 3008 adstrictus?
545 2941 677 3007 Nonne
699 2956 831 3026 contra,
857 2960 897 3006 ex
919 2962 1004 3041 quo,
1031 2942 1191 3008 absoluto

102 3027 328 3116 professionis
360 3028 528 3116 simplicis
560 3029 770 3130 praescripto
802 2993 965 3112 triennio,
1001 3029 1040 3097 25
1073 3029 1192 3098 aetatis

102 3138 235 3185 annum
249 3118 433 3205 expleverit
445 3118 664 3208 religiosus,
656 3141 694 3185 m
706 3119 780 3185 dies
793 3118 904 3207 magis
916 3138 1041 3207 urgere
1057 3119 1193 3186 videtur

103 3206 187 3273 lex
177 3227 297 3295 ipsum
312 3206 355 3272 ad
379 3206 632 3289 professionem
648 3207 856 3274 sollemnem
879 3207 1094 3275 admittendi.
1125 3208 1191 3276 Po·

103 3296 224 3362 teritne
241 3295 363 3362 eadem
380 3297 433 3362 lex
449 3311 566 3364 actum
581 3295 760 3363 infirmare
776 3310 809 3363 et
825 3297 1048 3385 praecipere?

142 3385 206 3452 Ex
237 3384 381 3452 decretis
411 3383 449 3454 S
482 3384 592 3453 Sedis.
629 3387 700 3452 Lex
726 3385 770 3452 de
797 3384 1012 3475 professione
1043 3385 1191 3488 simplici

103 3472 258 3540 facienda
275 3488 355 3540 ante
381 3475 589 3542 sollemnem
612 3473 754 3542 inducta
778 3489 828 3542 est
854 3474 1048 3564 Encyclicis
1071 3475 1192 3549 litteris
1226 3541 1228 3544 .

103 3561 284 3630 Neminem
301 3563 396 3646 latet,
418 3586 457 3652 19
480 3563 593 3632 martii
615 3563 721 3652 1857·
713 3563 875 3650 ,Conse
901 3577 1018 3631 autem
1041 3563 1104 3630 Ad
1118 3564 1191 3631 uni·

102 3651 261 3738 versalis,
278 3674 302 3751 7
316 3651 402 3720 febr
427 3652 522 3737 1862,
548 3666 598 3720 est
621 3587 748 3720 deinde
764 3666 888 3721 statuta
910 3651 1051 3720 nullitas
1074 3667 1193 3753 contra

105 3741 242 3829 eosqui
269 3739 398 3807 dictam
426 3742 621 3830 simplicem
639 3741 890 3826 professionem
919 3742 1029 3808 facere
1057 3741 1192 3809 omisis·

104 3844 189 3897 sent
208 3829 331 3917 Atqui,
360 3829 569 3920 interrogata
599 3830 635 3898 S.
655 3830 893 3931 Congregatio
911 3832 954 3897 de
980 3831 1095 3898 valore
1126 3831 1192 3898 sol·

105 3916 230 3984 lemnis
261 3918 497 4019 professionis,
527 3942 617 4009 quae
649 3936 728 3986 ante
755 3919 985 4019 posteriorem
1017 3919 1193 3988 Constitu·

104 4005 236 4073 tionem
253 4007 327 4074 sine
350 4009 577 4096 praecedente
593 4009 809 4097 professione
824 4008 972 4109 simplici
995 4025 1065 4075 erat
1093 4007 1190 4092 facta,

106 4095 358 4181 sapientissime
386 4098 569 4165 declaravit
592 4097 878 4185 professionem'
871 4113 972 4164 rstam
988 4097 1093 4164 fuisse
1108 4099 1190 4164 vali·

137 4255 144 4286 ¹
162 4255 201 4304 Cf
213 4256 325 4306 citatam
335 4261 427 4308 Const.
439 4258 570 4305 Siderum.

141 4323 156 4356 Β
168 4323 197 4370 C.
209 4325 240 4371 ln
249 4329 363 4384 suprema,
375 4343 388 4373 2
398 4324 478 4384 april.
492 4331 556 4372 1602.
570 4323 627 4371 Cfr.
638 4323 675 4370 De
686 4322 820 4382 Religiosis,
834 4327 854 4370 t.
867 4339 889 4379 2,
902 4336 928 4369 n.
941 4336 978 4378 27,
991 4335 1018 4381 p.
1031 4336 1082 4379 277.
