2959 4900
765 315 945 353 MONUMENTA

740 463 969 521 Auuornrtouas

343 582 365 638 l.
382 576 616 667 Noruntor'nnes
628 606 718 661 quam
730 608 836 663 parurn
855 587 968 649 soleant
990 596 1139 655 Romanae
1149 600 1387 673 Congregationes

305 656 510 712 consuetudini
523 658 619 716 favere
630 678 706 732 quae
719 663 841 735 scriptae
855 664 922 736 legi,
936 668 1045 723 recenti
1056 669 1253 743 potissimum,
1268 674 1387 729 adverse·

304 736 361 793 tur,
375 726 449 781 adeo
460 739 494 783 ut
505 746 541 811 ex
552 733 710 804 propositis
723 734 821 790 dubiis
832 752 895 792 non
908 754 974 793 raro
989 756 1074 795 usum
1088 740 1260 798 huiusmodi
1274 744 1387 799 tollendi

304 810 423 853 sumant
435 815 629 858 occasionem.

341 879 380 934 11.
396 880 430 933 ln
442 897 529 938 causa
542 896 640 941 tamen
654 888 798 958 praesenti
811 888 892 944 nulla
904 890 960 946 alle
980 892 1022 947 ari
1037 904 1149 965 poterat
1163 896 1312 952 contraria
1329 914 1387 953 oon·

304 950 445 1007 suetudo:
463 952 535 1009 haec
548 956 628 1011 enim
641 957 757 1029 respicit
776 959 880 1031 legem,
892 978 954 1017 non
996 975 1103 1032 turam,
1118 966 1168 1021 sed
1180 967 1280 1034 latam,
1296 981 1386 1025 contra

303 1025 597 1104 quam·praes·cribat;
609 1044 699 1099 porro
712 1029 749 1085 de
761 1031 930 1103 nuperrima
943 1033 1039 1105 agitur
1053 1035 1126 1109 lege,
1139 1054 1215 1111 quae
1229 1056 1287 1094 usu
1301 1057 1387 1113 recep

302 1102 364 1146 tam
376 1092 560 1166 disciplinam
571 1112 710 1154 votorum
723 1100 832 1157 directe
845 1102 1020 1164 immutavit.

339 1176 446 1243 Quare,
462 1178 567 1252 siquid
577 1198 655 1237 novo
667 1182 723 1238 iuri
736 1186 917 1242 contrarium
930 1189 1054 1245 retinere
1066 1191 1209 1262 cupiebat,
1232 1192 1290 1249 hoc
1303 1210 1386 1247 unum

303 1259 452 1318 supererat
458 1251 613 1330 praedicto
626 1256 807 1311 monasterio
822 1256 997 1327 faciendum,
1018 1270 1051 1315 ut
1063 1261 1217 1335 privilegio
1231 1264 1385 1337 apostolico

211 1343 213 1349 2
234 1345 236 1349 ν
302 1319 480 1391 exceptionis
493 1324 617 1395 gratiam
633 1324 811 1397 impetraret.

338 1402 438 1468 Quare
457 1405 487 1460 S.
512 1406 709 1480 congregatio
733 1410 849 1491 negavit
875 1413 983 1469 servari
1006 1430 1091 1487 posse
1114 1416 1306 1491 inmoramur,
1326 1437 1385 1475 cum

302 1471 418 1551 decreto
441 1476 598 1555 Perpensis
621 1493 770 1553 conceptis
789 1482 883 1539 verbis
902 1494 1047 1555 caveatur,
1071 1505 1133 1543 esse
1152 1491 1299 1563 completo
1313 1492 1383 1547 novi-

301 1555 379 1597 ctatu
392 1556 490 1601 statim
502 1562 570 1603 vota
582 1549 724 1607 facienda.

302 1696 309 1707 ο
329 1627 549 1713 ¹Nihilominus,
566 1634 589 1689 si
602 1635 675 1691 alter
687 1647 835 1709 peteretur
844 1638 1026 1711 probationis
1039 1658 1144 1711 annot,
1158 1643 1239 1701 hunc
1252 1658 1381 1719 negatum

301 1714 336 1751 lrt
352 1716 412 1755 non
425 1703 612 1761 arbitramur.
1244 1727 1252 1741 “

338 1784 392 1839 ΙΙΙ.
415 1786 604 1844 Triennalem
628 1796 727 1845 tamen
751 1803 888 1863 votorum
915 1796 1163 1866 temporariorum
1187 1800 1380 1873 probationem

300 1869 354 1934 pto
378 1856 507 1927 legitima
525 1859 628 1915 habuit
650 1862 679 1917 S.
704 1864 909 1935 Congregatio.
939 1866 1030 1922 Cuius
1053 1869 1097 1924 rei
1121 1887 1209 1925 causa
1233 1872 1305 1927 baec
1326 1890 1379 1928 esse

300 1925 424 1994 videtur,
447 1931 527 2009 quod
553 1932 708 1988 Decretum
726 1936 893 2007 Perpensis,
910 1937 982 1992 dum
994 1938 1156 1996 triennium
1175 1944 1378 2015 praescribebat

299 2010 437 2053 votorum
464 2002 642 2075 simplicium
667 2017 885 2077 perpetuorum,
913 2024 975 2063 non
1003 2011 1135 2078 exclusit,
1155 2012 1248 2069 immo
1271 2014 1378 2070 admisit

299 2084 387 2149 usum
399 2070 518 2127 maioris
530 2075 670 2129 cautelae.
684 2076 780 2131 Maior
794 2088 892 2132 autem
905 2079 1018 2135 cautela
1030 2083 1215 2157 temporariis
1225 2102 1314 2158 quam
1325 2102 1378 2159 per-

299 2152 395 2213 petuis
407 2143 483 2198 votis
498 2144 659 2201 obtinetur.

683 2301 1002 2314 ————.-.—

418 2442 514 2527 106.
536 2495 578 2504 —
599 2457 636 2526 s.
660 2459 803 2528 tonan.
829 2462 878 2528 ne
902 2461 1166 2532 inornatum
1190 2462 1277 2532 etot

594 2641 817 2698 DECRETUM
839 2645 877 2697 18
899 2644 987 2698 ΠΕΟ.
1008 2645 1091 2700 1905

417 2805 469 2858 De
488 2803 593 2858 unica
611 2804 782 2860 missione
801 2805 1000 2860 Insularum
1021 2807 1263 2864 Carolinarum

334 2975 456 3028 Decreto
472 2973 502 3028 S.
514 2972 602 3027 huius
616 2972 861 3044 Congregationis
873 2972 953 3028 Fidei
971 2975 1182 3046 Propagandae
1194 2975 1369 3047 praepositae,

297 3043 342 3098 die
367 3045 396 3100 15
420 3043 490 3099 maii
505 3044 575 3098 anni
600 3043 666 3098 1886
687 3045 766 3111 dato,
793 3045 853 3100 Leo
876 3043 895 3100 f.
920 3062 942 3099 r.
971 3046 1029 3104 PP.
1044 3045 1128 3108 Xlll,
1145 3045 1219 3100 duas
1235 3046 1371 3101 Missiones

297 3115 420 3170 instituit
439 3115 469 3170 in
493 3114 599 3170 Insulis
618 3115 773 3180 Carolinis,
799 3132 891 3170 unam
914 3132 1019 3188 nempe
1034 3115 1240 3172 Carolinarum
1254 3116 1371 3172 Orienta-

296 3187 380 3252 lium,
395 3185 628 3242 Occidentalium
640 3187 772 3253 alteram,
784 3203 892 3259 easque
906 3187 1071 3243 Minoribus
1082 3187 1232 3260 Capulatis
1248 3187 1370 3265 Hispanis

296 3257 469 3314 excolendas
483 3257 639 3312 commisit.
656 3258 733 3311 Cum
755 3274 848 3330 nuper
868 3255 967 3314 aulem
986 3259 1169 3332 praelaudati
1186 3259 1302 3314 Ordinis
1325 3259 1370 3312 Mr-

296 3330 385 3384 nister
404 3329 552 3384 Generalis
573 3329 610 3382 ab
629 3329 686 3383 hoc
707 3330 736 3382 S.
759 3329 892 3384 Concilio
907 3329 1020 3402 petierit
1033 3344 1066 3385 ut
1079 3331 1109 3385 in
1124 3329 1182 3384 illis
1194 3330 1294 3386 insulis
1306 3339 1370 3402 quae

257 3440 260 3446 ,
295 3400 381 3457 hodie
394 3401 576 3470 germanicae
589 3399 783 3454 dominationi
802 3402 934 3464 subsunt,
960 3401 1026 3456 loco
1048 3403 1174 3456 duarum
1197 3402 1368 3466 Missionum,

295 3471 382 3528 unica
403 3471 562 3542 erigeretur
585 3469 770 3525 Praefectura
791 3473 969 3542 Apostolica‚
998 3489 1075 3546 quae
1100 3471 1270 3528 Provinciae
1289 3473 1370 3527 West·

296 3542 424 3599 saliensis
447 3543 578 3596 eiusdem
599 3541 717 3596 Ordinis
743 3541 821 3597 curis
842 3544 1014 3609 traderetur,
1042 3543 1273 3600 Eminentissimi
1294 3543 1369 3622 huius

296 3616 400 3670 Sacrae
426 3613 668 3685 congregationis
703 3615 911 3684 Propagandae
939 3614 1019 3670 Fidei
1057 3617 1164 3683 Patres,
1197 3615 1227 3670 in
1257 3615 1369 3671 comitiis

295 3685 477 3758 generalibus
491 3686 538 3739 die
551 3704 569 3754 4
582 3685 720 3739 vertentis
734 3685 843 3740 mensis
858 3687 1018 3742 decembris
1030 3685 1147 3755 habitis,
1160 3687 1218 3742 hoc
1232 3685 1369 3760 negotium

295 3755 532 3828 pertractandum
563 3772 724 3827 suscepere.
761 3757 802 3812 Re
832 3758 931 3829 itaque
964 3770 1077 3826 mature
1108 3774 1259 3830 perpensa,
1292 3758 1369 3834 iidem

296 3829 526 3884 Eminentissimi
542 3829 641 3882 Patres
654 3827 691 3880 ad
703 3829 798 3883 maius
812 3828 854 3883 rei
874 3829 1036 3884 catholicae
1050 3829 1265 3886 incrementum
1280 3826 1368 3883 inillis

294 3900 397 3955 insulis
409 3900 628 3972 procurandum
643 3899 831 3954 decreverunt
846 3912 878 3954 ut
897 3901 963 3956 loco
985 3901 1112 3955 duarum
1128 3901 1302 3956 Missionum
1319 3897 1368 3953 illic

294 3971 507 4039 exsistentium,
536 3971 703 4025 Insularum
724 3987 830 4043 nempe
849 3971 1052 4028 Carolinarum
1073 3971 1267 4027 Orientalium
1291 3980 1367 4041 atque

293 4043 497 4097 Carolinarum
512 4041 745 4097 Occidentalium
757 4042 844 4097 unica
862 4042 1086 4099 constitueretur
1108 4043 1289 4099 Praefectura
1301 4042 1366 4113 Apo·

292 4115 393 4168 stolica
407 4113 574 4168 Insularum
588 4112 795 4168 Carolinarum
808 4128 986 4186 nuncupata,
998 4128 1086 4187 atque
1099 4115 1271 4170 Provinciae
1283 4113 1366 4190 West·

292 4184 419 4240 saliensis
434 4184 552 4240 Ordinis
577 4184 729 4239 Minorum
745 4184 956 4257 Capulatorum
975 4186 1052 4242 curis
1074 4186 1234 4241 excolenda
1248 4191 1364 4240 comnut·

291 4267 409 4310 teretur.
