2959 4900
101 319 261 401 [Iol-⁴102]
292 343 314 378 s.
327 344 352 379 e.
364 344 407 379 na.
420 344 456 379 nr
467 344 531 380 nno.
545 344 745 387 uncnuenu1s;
758 345 794 379 nn
804 343 906 380 ratario
916 343 982 379 ono.
994 341 1107 378 carues.
1148 316 1186 379 57

175 513 275 600 101.
297 566 337 578 -
359 527 395 597 8·
419 527 455 597 G.
480 527 758 598 [Praetentura
783 528 835 596 ΕΤ
858 526 1110 597 ntauttltlum

403 684 613 741 Responsa
632 686 672 740 15
687 686 779 741 rvov.
801 686 883 739 1905

243 825 297 881 De
315 825 435 882 sonitu
453 838 705 896 campanarum
723 826 818 896 apnd
837 824 1036 897 Regularea

309 982 604 1051 Rectissime-Pater,

127 1138 295 1211 Episcopus
320 1140 443 1195 Sanctae
470 1139 551 1195 Fidei
573 1139 604 1194 in
628 1139 788 1211 Republica
807 1140 970 1212 Argentina
985 1138 1185 1195 humiliterac
1269 1149 1366 1196 Occasio

90 1221 259 1267 reverenter
269 1210 390 1283 exponit
404 1211 495 1283 quod,
510 1210 628 1267 attentis
638 1210 765 1283 querelis
780 1210 839 1267 sive
851 1211 989 1284 privatim
999 1211 1058 1267 sive
1068 1210 1185 1284 publice
1236 1206 1327 1265 petendi

91 1282 150 1338 sive
164 1281 256 1337 etiam
269 1298 321 1355 per
332 1283 532 1355 ephemerides
554 1282 685 1338 excitatis
707 1299 743 1337 ex
766 1284 861 1338 abusu
880 1283 955 1339 circa
975 1299 1185 1351 campanarum

90 1353 234 1422 sonitum,
262 1369 379 1412 necnon
398 1356 466 1411 ,iure
490 1354 655 1427 meritoque
676 1367 811 1410 metuens
829 1354 1011 1410 auctoritatis
1030 1353 1123 1410 civilis
1135 1366 1186 1409 aut

89 1424 282 1496 municipalis
305 1426 512 1495 interventum,
528 1442 617 1497 quem
635 1442 723 1497 opera
747 1426 791 1480 sui
807 1425 916 1480 Vicarii
932 1425 1080 1481 Generalis
1095 1424 1184 1481 semel

89 1497 183 1553 vitare
203 1496 311 1570 potuit,
334 1497 485 1553 decretum
507 1499 592 1552 edere
606 1497 715 1562 statuit,
730 1496 759 1551 vi
773 1496 866 1562 cuius,
883 1514 1095 1565 campanarum
1109 1512 1184 1551 sono

89 1568 194 1624 diebus
211 1568 372 1624 Dominicis
384 1568 494 1624 festivis
507 1568 632 1640 aliisque
644 1570 715 1622 anni
729 1567 913 1641 temporibus
928 1570 1007 1623 haud
1022 1567 1182 1641 prohibito,

89 1639 254 1695 earundem
276 1656 487 1713 campanarum
499 1656 570 1695 usus
583 1641 791 1695 tantummodo
806 1640 975 1695 moderatur
989 1653 1017 1695 et
1030 1638 1183 1694 limitatur.
1231 1649 1233 1653 ·

90 1712 168 1767 Cum
181 1728 252 1767 vero
268 1712 383 1767 Fratres
398 1710 624 1779 Praedicatores‚
648 1711 699 1783 qui
722 1712 753 1766 in
767 1712 822 1766 hac
836 1712 959 1767 Sanctae
974 1711 1055 1767 Fidei
1068 1710 1184 1766 civitate

90 1784 280 1839 Conventum
292 1782 411 1849 habent,
434 1795 537 1839 contra
559 1782 722 1855 praefatum
746 1782 913 1863 episcopale
928 1782 1078 1839 decretum
1093 1798 1184 1854 oppo-

89 1867 162 1909 nant
185 1853 371 1925 privilegium
392 1854 463 1925 ipsis
484 1872 501 1908 a
523 1854 554 1909 5.
575 1854 631 1909 Ρίο
651 1856 678 1909 V
693 1854 913 1910 Constitutione
928 1854 995 1909 Etsi
1012 1852 1184 1911 Mendican-

88 1925 162 1979 tium
178 1925 236 1981 diei
251 1926 364 1981 tamaii
381 1926 447 1997 1567
469 1941 652 1992 concessum,
674 1936 765 1998 atque
787 1943 804 1979 a
826 1924 1007 1981 resolutione
1026 1926 1055 1979 S.
1071 1923 1181 1995 Congr.

90 1997 309 2069 Episcoporum
323 2010 351 2053 et
365 1997 556 2069 Regularium
569 1997 626 2053 diei
645 2015 672 2052 ιι
690 1996 788 2053 martii
806 1998 873 2068 1892
886 1996 1108 2063 confirmatum,
1122 1995 1182 2051 duo

88 2068 246 2141 sequentia
253 2068 344 2124 dubia
356 2069 528 2125 resolvenda
540 2068 680 2141 proponit
694 2088 702 2123 :

124 2152 148 2207 l.
162 2152 284 2221 Utrum,
299 2151 416 2208 attentis
429 2151 565 2223 gravibus
579 2150 725 2207 adiunctis
744 2168 832 2223 supra
854 2149 960 2219 relatis,
984 2151 1054 2206 dicti
1069 2152 1183 2205 Fratres

90 2224 309 2279 Praedicatores
338 2224 540 2296 obtemperare
569 2234 725 2278 teneantur
757 2221 1000 2295 dispositionibus
1031 2223 1062 2277 in
1092 2221 1182 2277 citato

88 2294 248 2367 episcopali
262 2295 380 2351 decreto
393 2294 561 2352 contentis?
576 2296 614 2349 Et
626 2306 774 2366 quatenus
788 2294 938 2365 negative:

124 2376 164 2431 ll.
180 2374 342 2443 Quomodo
356 2392 387 2432 se
400 2391 501 2447 gerere
515 2374 619 2431 debeat
637 2374 812 2429 Ordinarius
827 2373 864 2428 ad
878 2373 1076 2430 interventum
1090 2372 1182 2429 civilis

89 2446 132 2501 vel
146 2446 335 2521 municipalis
348 2445 530 2504 auctoritatis
544 2445 697 2502 vitandum
709 2447 720 2500 ‘l

123 2529 214 2585 Sacra
228 2531 294 2585 Con
330 2529 425 2602 egatio
438 2531 549 2584 Euroram
557 2545 592 2584 ac
603 2530 713 2584 Rmomm
726 2528 756 2584 S.
774 2530 808 2584 R.
824 2531 861 2585 E.
877 2526 1080 2585 Cardinaliu'm
1095 2543 1182 2599 nego·

89 2599 134 2656 tiis
153 2612 183 2656 et
205 2617 300 2658 consu
312 2600 474 2658 rationibus
499 2599 715 2672 Episcop'orum
740 2611 770 2655 et
793 2600 984 2672 Regularium
1005 2599 1180 2673 praeposita,

89 2688 120 2726 re
136 2673 242 2729 sedulo
258 2689 412 2746 perpensa,
428 2671 565 2746 praefatis
579 2670 675 2726 dubiis
695 2671 936 2744 respondendum
950 2673 1072 2740 censuit,
1094 2682 1181 2743 prout

90 2746 270 2816 respondet:
838 2770 840 2774 ·

124 2827 226 2883 Firmo
251 2837 423 2883 remanente
447 2827 583 2883 Fratrum
607 2823 846 2881 Praedicatorum
868 2825 1020 2897 privilegio
1042 2824 1182 2898 pulsandi

91 2913 246 2972 campanas
259 2899 378 2970 quando
391 2898 428 2954 iis
439 2898 591 2970 placuerit,
605 2896 643 2950 ad
654 2895 804 2952 tramitem
814 2895 1042 2952 Constitutionis
1052 2896 1082 2954 S.
1096 2894 1140 2950 Pii
1155 2896 1182 2950 V

91 2968 153 3024 Etsi
176 2971 427 3039 Mendicantium‚
452 2969 614 3043 Episcopus
637 2980 743 3038 potest,
771 2979 890 3041 propter
914 2966 1052 3041 specialia
1074 2966 1132 3022 loci
1153 2978 1181 3022 et

91 3053 255 3164 piemporum
282 3041 429 3109 adiuncta,
449 3041 652 3113 pulsationum
671 3039 858 3094 durationem
877 3040 913 3094 ad
933 3050 1045 3108 certum
1063 3049 1180 3110 tempus

113 3126 224 3169 mirare.

127 3197 247 3266 Romae,
266 3196 295 3252 15
310 3194 477 3252 novembris
495 3194 575 3268 1905.

636 3278 671 3334 D.
687 3276 774 3332 Card.
790 3277 940 3342 Fnanarn,
955 3277 1145 3346 Praefectus,

621 3360 778 3434 Philippus
795 3361 936 3431 Giustini,
956 3360 1153 3416 Secretarius.

1263 3179 1322 3225 Dies
1330 3181 1369 3231 (15

1233 3249 1286 3284 noa.
1296 3241 1375 3295 1905).

171 3642 266 3728 102.
288 3694 331 3704 -
352 3656 388 3726 a.
412 3655 449 3725 c.
473 3653 750 3727 arianonorum
774 3653 825 3724 ετ
849 3650 1101 3722 incutiatur

317 3826 528 3882 INDULTUM
549 3826 587 3880 18
607 3824 845 3880 NOVHMBRIS
864 3824 947 3878 1905

89 3975 308 4050 aggregatio
327 3976 651 4048 congregationum
670 3973 782 4030 'tertii
802 3973 947 4030 ordinis
966 3973 1012 4030 orl
1026 3972 1177 4044 primum

261 4062 299 4117 et
317 4060 511 4116 secundum
530 4057 701 4116 Ordinem
721 4058 998 4128 capuccinorum

130 4217 327 4294 lnfrascriptus
340 4219 474 4276 Minister
488 4217 637 4274 Generalis
653 4216 773 4272 Ordinis
789 4218 846 4274 FF.
862 4197 1017 4272 Minorum
1038 4215 1177 4290 Capucci-
1261 4242 1359 4298 oram,

89 4305 205 4359 norum,
220 4292 256 4346 ad
269 4291 408 4348 osculum
424 4291 456 4346 S.
475 4289 560 4346 Pedis
580 4301 752 4361 prostratus,
777 4288 929 4344 humiliter
951 4287 1081 4361 exponit,
1098 4286 1177 4359 quod
