2959 4900
242 344 302 407 156
695 371 877 407 ironuirirnrn

241 496 365 570 desuper
375 499 468 565 editis,
480 500 535 555 sibi
549 502 828 575 aggregareillisque
841 519 945 558 omnes
954 513 983 557 et
993 495 1124 574 singulas
1136 498 1325 573 indulgentias
1397 552 1400 557 .

240 582 427 651 peccatorum
438 572 624 628 remissiones
636 590 670 628 ac
687 574 933 647 paenitentiarum
952 574 1144 629 relaxationes
1162 571 1217 645 ipsi
1230 569 1326 627 Archi-

240 640 382 696 sodalicio
396 661 412 696 a
424 642 453 697 S.
466 643 540 698 Sede
554 659 705 701 concessas
719 658 748 711 et
756 645 820 701 aliis
830 645 1101 711 communicabiles‚
1113 642 1327 698 communicare

240 711 319 767 licite
333 713 445 785 possint
456 731 490 769 ac
501 715 625 783 valeant,
638 718 808 787 Apostolica
821 716 891 771 item
906 718 1013 772 Nostra
1026 716 1208 772 Auctoritate
1220 712 1328 786 ptimvi

241 781 407 863 facultatem
424 799 565 858 perpetuo
580 788 769 843 concedimus
781 802 810 843 et
825 788 974 859 largimur.
991 790 1186 843 Decernentes
1200 801 1329 857 praesen-

239 864 282 910 tes
298 855 421 911 Litteras
432 856 541 924 firmas,
554 858 662 913 validas
675 874 703 913 et
712 858 843 915 efficaces
852 875 967 931 semper
980 859 1117 915 exsistere
1129 870 1157 913 et
1167 856 1239 917 fore.
1253 872 1329 911 suos·

240 942 298 997 que
314 928 460 999 plenarios
473 942 501 983 et
513 928 642 999 integros
662 928 782 985 effectus
797 929 894 985 sortiri
909 942 938 984 et
951 930 1095 999 obtinere,
1119 942 1212 1000 atque
1226 928 1284 981 illis
1296 927 1331 981 ad

219 1066 221 1071 Α
240 1014 316 1069 quos
329 1012 437 1068 spectat
452 1014 480 1053 er
494 1016 547 1073 pro
561 1013 692 1072 tempore
705 1001 930 1071 quomodolibet
943 1001 1092 1071 spectabit,
1107 1000 1138 1055 in
1151 998 1293 1055 omnibus
1304 1008 1332 1053 et

239 1084 291 1142 per
304 1069 405 1148 omnia
418 1070 585 1141 plenissime
598 1070 750 1145 suffragari
770 1072 870 1144 sicque
881 1072 912 1126 in
927 1073 1094 1145 praemissis
1106 1088 1158 1145 per
1175 1086 1331 1141 quoscum-

240 1156 298 1219 que
311 1141 421 1195 iudices
433 1142 597 1196 ordinarios
607 1157 636 1197 et
648 1143 796 1214 delegatos
809 1144 931 1198 iudicari
945 1154 973 1198 et
986 1142 1102 1198 definiri
1115 1142 1232 1208 debere,
1247 1152 1332 1211 atque

240 1223 355 1265 irritum
364 1228 425 1267 esse
435 1226 462 1267 et
472 1214 559 1268 inane
572 1214 595 1267 si
608 1230 690 1279 secus
700 1230 789 1286 super
800 1214 873 1269 hisa
888 1229 1041 1285 quoquam
1051 1214 1153 1286 quavis
1163 1212 1333 1267 auctoritate

240 1282 363 1337 scienter
378 1282 423 1337 vel
438 1286 606 1355 ignoranter
620 1285 773 1353 contigerit
792 1286 938 1340 attentari.
961 1287 1030 1340 Non
1042 1294 1157 1341 obstan.
1183 1282 1332 1340 Constitu·

239 1352 370 1407 tionibus
382 1367 409 1409 et
429 1354 561 1410 Ordinat.
577 1356 726 1427 Apostolis
739 1356 900 1429 ceterisque
912 1356 1065 1412 contrariis
1080 1356 1206 1429 quilinio.

277 1425 384 1480 Datum
413 1428 522 1480 Romae
549 1428 624 1497 apud
657 1428 686 1482 S.
717 1429 845 1495 Petrum,
878 1428 932 1482 sub
964 1428 1064 1483 Anulo
1100 1424 1259 1483 Piscatoris
1289 1424 1334 1479 die

239 1495 265 1549 X
277 1496 392 1567 augusti
405 1496 549 1558 MCMVI.
568 1496 759 1563 pontificatus
775 1498 874 1554 Nostri
889 1499 1011 1567 Quarto.

893 1578 952 1632 Pro
966 1582 1025 1635 Dn0
1037 1576 1123 1633 Card.
1140 1576 1263 1631 Maccui

873 1660 1019 1720 Nicolaus
1039 1661 1169 1728 Marini,
1190 1660 1289 1715 Subst.

279 1910 376 1996 153.
394 1963 434 1973 -
450 1876 746 1995 eminentissimi
765 1924 1000 1995 tinniniiiis
1016 1922 1154 1993 nicini
1171 1921 1290 1991 unsis

368 2090 573 2147 LITTERAE
592 2092 845 2153 GIRGULARES
864 2093 901 2146 17
919 2091 1094 2146 AUGUSTI
1111 2088 1192 2143 1906

237 2239 292 2295 Ad
312 2239 576 2310 Superiorissae
599 2240 853 2381 Institugirnm
878 2240 1084 2298 monialium
1099 2242 1150 2307 et
1169 2251 1335 2295 sororum

764 2326 837 2380 rbis

35 2466 181 2514 Litterarum
274 2458 514 2514 ll1sottoscritto
537 2458 692 2514 Cardinale
714 2459 831 2514 Vicario
856 2459 885 2513 di
899 2460 959 2514 Sua
974 2458 1098 2525 Samira,
1121 2456 1181 2511 allo
1201 2473 1294 2528 scopo
1307 2457 1336 2511 di

29 2537 144 2580 irgumen-
237 2530 387 2602 prevenire
410 2529 624 2585 inconvenienti
639 2533 692 2586 clie
713 2531 888 2601 potrebbero
911 2530 1077 2585 facilmente
1100 2527 1260 2584 verificarsi
1281 2545 1335 2583 con

30 2595 77 2629 um.
237 2619 322 2673 grave
337 2601 514 2673 pregiudizio
538 2601 612 2672 degl'
629 2602 736 2657 lstituti
749 2600 903 2656 femminili
917 2602 947 2655 di
968 2602 1071 2668 Roma,
1088 2599 1203 2654 inculca
1223 2599 1336 2655 l’esatta

236 2690 407 2728 osservanza
419 2672 494 2728 delle
509 2674 640 2750 seguenti
653 2673 839 2744 dispositioni
852 2693 858 2728 :

48 2743 164 2811 Dtnovt's
277 2762 299 2798 i.
321 2744 365 2799 Gl’
380 2743 485 2798 lstituti
500 2743 627 2814 religiosi
640 2744 796 2800 femminili
811 2742 945 2798 destinati
968 2742 1016 2796 all'
1029 2742 1257 2813 insegnamento
1272 2757 1333 2796 non

31 2801 105 2846 ‘'²⁰²ss
116 2801 151 2848 Μ
236 2815 394 2889 apriranno
404 2815 435 2870 in
449 2817 541 2869 Roma
552 2832 647 2870 nuove
661 2816 761 2870 scuole
774 2833 793 2869 o
806 2814 895 2869 nuovi
906 2814 970 2869 asili
983 2831 1070 2869 senza
1082 2829 1188 2867 averne
1198 2825 1335 2866 ottenuto

29 2857 102 2914 ‘W‘
236 2887 256 2941 il
271 2903 420 2958 permesso
442 2886 518 2941 della
532 2886 747 2941 commissione
769 2884 921 2960 pontificia
942 2885 1018 2940 delle
1040 2883 1151 2953 scuole,
1167 2900 1221 2955 per
1236 2899 1335 2950 mezzo

236 2959 282 3014 del
298 2958 437 3029 deputato
452 2957 646 3012 ecclesiastico
661 2959 707 3012 del
723 2969 902 3012 monastero.

42 3039 181 3104 Demagis-
272 3049 297 3086 a.
322 3030 363 3085 Le
380 3031 439 3085 RR.
456 3030 498 3083 M.
519 3029 675 3100 Superiore
690 3045 752 3083 non
774 3030 797 3083 si
811 3028 1047 3098 rivolgerannoa
1063 3036 1188 3080 maestre
1211 3024 1335 3080 secolari

29 3109 66 3176 Ψ
76 3099 180 3146 saccula·
235 3119 286 3174 per
299 3118 392 3156 essere
407 3101 514 3155 aiutate
528 3100 595 3154 nell’
606 3101 829 3171 insegnamento
840 3116 926 3154 senza
936 3099 957 3152 il
970 3113 1118 3169 permesso
1132 3096 1179 3151 del
1193 3097 1335 3168 deputato

34 3155 94 3204 '⁶²⁴⁵‘
235 3172 438 3240 ecclesiastico,
463 3171 593 3250 alquale
616 3184 710 3245 spetta
731 3187 879 3226 assumere
901 3171 1174 3243 precedentemente
1195 3167 1224 3222 le
1238 3185 1335 3224 neces·

235 3245 309 3301 sarie
329 3243 544 3298 informazioni.
1077 3282 1078 3287 ,

47 3315 179 3385 Dirrholr's
271 3317 297 3371 3.
320 3315 390 3369 Non
404 3315 555 3369 dovranno
577 3313 604 3368 le
628 3330 724 3380 suom,
749 3313 833 3367 siano
855 3328 917 3367 esse
931 3309 1056 3382 professe
1069 3327 1088 3365 o
1111 3307 1225 3365 novizie
1238 3326 1336 3381 opto·

29 3373 124 3425 mmm·
234 3388 339 3455 bande,
356 3385 540 3458 frequentare
562 3385 589 3439 le
602 3385 701 3440 scuole
714 3383 860 3457 publiche.
878 3383 934 3437 Nei
949 3383 1008 3438 casi
1030 3380 1149 3453 speciali
1171 3380 1296 3436 ritenuti
1308 3381 1336 3435 di

264 3583 407 3631 ¹Litteras
417 3581 457 3628 sic
468 3580 551 3628 latine
562 3577 721 3626 reddimus:
746 3632 751 3641 Ι
993 3631 997 3639 Ι
1045 3631 1050 3639 ⁵
1158 3631 1162 3638 Ι

263 3640 456 3698 Infrascriptus
477 3637 632 3686 Cardinalis
660 3636 787 3681 Vicarius
808 3634 879 3682 Suae
906 3633 1076 3686 sanctitatis,
1098 3637 1129 3679 ut
1156 3630 1333 3695 incommoda

232 3705 388 3760 praevertat
398 3712 452 3744 non
469 3697 539 3743 levia
557 3709 628 3754 quae
646 3693 782 3740 Institutis
794 3691 984 3748 religiosarum
1004 3688 1089 3736 Urbis
1100 3687 1336 3753 facile-obvenire

232 3762 351 3819 possent,
362 3763 486 3802 exactam
496 3753 617 3800 inculcat
628 3750 801 3810 sequentium
813 3749 1023 3806 dispositionum
1040 3745 1248 3794 observantiam
1259 3760 1280 3811 ι,

264 3835 285 3865 1.
303 3815 432 3863 Instituta
442 3812 630 3871 religiosarum
646 3821 717 3868 quae
735 3806 910 3854 instituendis
928 3806 1026 3864 puellis
1047 3807 1091 3852 vel
1109 3802 1335 3869 adulescentibus

233 3876 399 3934 deputantur
417 3872 521 3918 Romae
539 3869 627 3914 nullas
637 3879 723 3914 novas
733 3865 841 3912 scholas
859 3866 902 3910 vel
913 3877 985 3928 riona
999 3865 1080 3928 ⁸asyla
1101 3863 1235 3921 aperient,
1257 3875 1333 3925 quin,

233 3948 280 3992 per
292 3929 507 3979 ecclesiasticum
517 3925 674 3974 monasterii
685 3923 847 3982 deputatum
857 3935 874 3969 a
882 3920 1025 3980 pontificia
1035 3919 1194 3968 scholarum
1206 3933 1334 3966 commis·

231 3992 309 4039 sione
319 3985 650 4044 licentiamimpetrarint.
750 4038 754 4045 .
1021 4035 1026 4044 .
1230 4033 1235 4042 ι

261 4067 284 4098 2.
302 4047 361 4094 RR,
377 4045 447 4092 MM.
468 4041 667 4101 Superiorissae
685 4044 875 4102 magist-rarum
892 4037 1077 4101 saecularium
1095 4049 1208 4100 operam
1224 4047 1258 4099 ‚¹¹¹
1281 4039 1334 4081 tra·

162 4137 164 4141 ,
233 4107 329 4154 dendis
347 4105 444 4152 litteris
454 4112 509 4147 nori
527 4097 724 4152 sollicitabunt,
737 4110 795 4144 sine
813 4109 894 4142 venia
905 4095 1028 4158 deputati
1048 4095 1231 4141 ecclesiastici
1248 4092 1334 4151 depu-

185 4206 188 4216 .
233 4165 291 4220 tati.
305 4163 340 4210 ad
351 4176 433 4222 quem
443 4164 549 4216 spectat
559 4156 725 4204 necessarias
736 4153 942 4217 informationes
951 4166 1028 4210 prius
1038 4165 1146 4210 capere.

263 4231 285 4269 3.
303 4223 423 4274 Sorores,
446 4221 503 4265 sive
524 4215 669 4272 professae,
692 4213 750 4259 sive
774 4225 909 4264 noriciae.
936 4213 994 4258 sive
1015 4210 1194 4268 postulantes
1223 4209 1333 4256 scholas

232 4279 359 4338 publicas
377 4291 411 4324 ne
424 4276 602 4333 frequentent.
616 4275 647 4318 Iri
658 4269 825 4328 specialibus
835 4268 946 4315 casibus
964 4267 1011 4327 qui
1024 4267 1152 4314 absoluta
1164 4268 1335 4314 necessitate

232 4336 360 4384 videntur
378 4330 572 4385 commendari,
593 4327 783 4386 infrascriptos
802 4326 883 4374 Card.
902 4325 1030 4374 Vicarius
1048 4329 1211 4374 accuratum
1227 4337 1334 4387 causae
