2959 4900
117 605 158 654 aa
170 595 232 654 vn.

117 771 246 819 AdVIll.

118 1023 203 1072 AdX.

120 1178 178 1225 Dies
194 1179 233 1234 (²9

92 1235 146 1283 iulii
154 1239 233 1294 1904).

121 1615 219 1669 Orator,

89 1675 210 1738 proposita

93 1741 235 1776 concessione

93 1785 249 1846 transferendi

89 1843 151 1904 festa
166 1845 199 1891 B.
220 1843 250 1890 V.

92 1903 131 1949 M.
161 1917 250 1959 quae-

93 1962 140 2002 rit.

122 2794 159 2861 D?
167 2795 254 2860 vicon-

95 2865 206 2897 cessionis

95 2908 154 2967 quod
170 2909 202 2955 ad
212 2909 253 2955 Re-

92 2966 193 3023 gulares.

122 3204 251 3255 Respon-

95 3266 167 3298 zum.

304 289 344 350 92
758 311 938 346 MONUMRNTA

307 446 393 526 iuxta
408 446 556 502 decretum
571 445 797 528 3927nparisien.
809 463 860 502 seu
871 445 1116 519 Congregationis
1130 447 1264 502 Fratrum
1277 445 1305 500 S.
1318 443 1377 498 Vin·

304 531 421 573 centua
438 518 530 573 Paulo
548 518 651 594 1'71u111
670 519 735 590 1892
750 518 792 574 ad'
804 536 826 573 1.
842 519 851 554 ¹

303 682 322 736 d
337 610 383 664 Ad
398 611 466 667 Vll.
481 632 498 662 «
507 612 532 666 A
532 610 698 686 ffirmative
719 611 760 666 ad
768 611 901 684 primam
917 581 1058 684 partem}
1073 608 1212 684 negative
1230 609 1270 663 ad
1291 623 1379 663 secun-

323 699 383 737 am.
396 703 413 733 »

337 773 383 826 Ad
396 775 480 830 Vlll.
495 795 510 824 «
521 775 546 828 A
546 774 712 849 ffirmative
724 791 765 829 ex
785 774 906 829 rubrica
917 773 1059 847 generali
1070 772 1208 828 Missalis
1223 771 1266 826 tit.
1282 772 1345 831 XX,
1360 781 1381 824 a

304 845 459 901 accedente
471 845 648 901 auctoritate
660 845 827 906 Ordinarii.
840 863 896 900 non
911 845 1006 900 obstat
1018 845 1165 900 decretum
1176 861 1257 915 4029,
1270 841 1380 896 Postu-

307 915 453 971 lafionis
466 917 662 986 dubiorum,
677 937 694 990 9
708 917 785 971 iunii
801 918 868 990 1899
880 917 917 971 ad
933 937 947 972 2
961 939 977 968 2>
992 918 1013 971 ².

338 1012 395 1067 Ad.
411 1013 447 1067 X.
462 1033 479 1063 a
489 1012 514 1067 A
513 1011 679 1086 ffirmative
691 1013 732 1068 ad
740 1013 874 1086 primam
883 1023 1013 1086 partem,
1027 1012 1163 1086 etquoad
1174 1011 1332 1067 secundam
1343 1009 1381 1064 die

308 1083 519 1139 anniversaria
526 1081 603 1161 fieri
609 1101 697 1158 posse
708 1084 762 1139 sub
774 1084 835 1139 ritu
851 1084 972 1158 duplici.
986 1104 1003 1135 >›

340 1179 438 1250 Atque
452 1177 490 1235 ita
501 1179 657 1252 rescripsit,
669 1179 715 1236 die
728 1199 763 1253 29
773 1179 848 1234 iullii
865 1197 941 1252 1904.

785 1277 815 1332 S.
830 1276 1073 1344 Card.Cnurou1,
1088 1276 1120 1330 S.
1134 1276 1171 1330 R.
1189 1274 1234 1342 C.,
1251 1273 1352 1339 Praes.

715 1371 756 1428 D.
771 1373 892 1441 Punici,
907 1372 1051 1445 Archiep.
1065 1371 1228 1438 Laodicen,
1243 1371 1351 1426 Serrei.

342 1516 375 1570 B.
396 1515 445 1570 De
457 1515 816 1590 translationesestorum.

345 1623 419 1679 Ord.
438 1623 631 1681 Carmelitar.
646 1626 860 1683 Excalceator.
874 1659 910 1668 -
935 1627 1101 1683 Hodiernus
1123 1627 1197 1680 Rmus
1217 1628 1385 1682 Procurator

307 1694 457 1751 Generalis
471 1696 696 1752 Carmelitarum
720 1698 977 1766 Discalceatorum‚
1005 1699 1162 1753 Sacrorum
1184 1696 1305 1753 Rituum
1320 1697 1386 1752 Con-

307 1765 468 1838 gregationi
490 1767 655 1823 humillime
680 1769 824 1841 exposuit,
845 1771 926 1842 quod
946 1787 997 1844 per
1022 1768 1146 1825 Litteras
1166 1769 1348 1841 Apostolicas
1362 1767 1385 1820 in

307 1838 402 1894 lorma
429 1839 528 1893 Brevis
552 1839 595 1894 Pii
620 1842 678 1895 ΡΡ.
703 1841 744 1894 VI
771 1841 807 1895 ad
835 1841 1014 1922 Episcopum
1039 1840 1232 1912 paphensem,
1246 1840 1387 1895 Vicarium

307 1909 513 1978 Apostolicum
525 1911 805 1981 Wratislaviensem,
821 1913 902 1968 datas
920 1913 967 1968 die
990 1931 1020 1986 19
1034 1911 1142 1984 Aprilis
1162 1912 1239 1984 1788,
1260 1926 1387 1966 concessa

307 1981 362 2035 tuit
374 1980 427 2037 toti
440 1981 554 2054 regioni
570 1982 726 2038 Borussiac
741 1983 873 2052 facultas,
886 1985 954 2040 «Ut
972 1983 1127 2040 sollemnia
1139 1983 1354 2056 Assumptionis
1366 1991 1388 2035 et

310 2052 475 2108 Nativitatis
499 2055 605 2110 Beatae
619 2053 730 2110 Mariae
749 2054 877 2136 Virginis
896 2055 968 2111 festa
992 2056 1079 2136 (quae
1100 2053 1224 2110 omnino
1238 2053 1387 2110 'retinenda

308 2128 386 2197 sunt)
409 2125 621 2180 transferantur
641 2126 672 2181 in
696 2125 884 2182 Dominrcam
905 2126 983 2182 diem
1006 2125 1081 2180 infra
1100 2125 1249 2194 Octavam,
1264 2125 1304 2180 ita
1317 2137 1348 2179 ut
1361 2140 1388 2178 ea

308 2195 317 2249 i
340 2212 371 2250 sa
383 2196 430 2250 die
442 2194 539 2250 officia
569 2210 597 2252 et
618 2197 733 2264 missae,
749 2209 901 2270 tamquam
914 2197 965 2253 illa
977 2197 1049 2253 festa
1074 2214 1128 2252 suo
1149 2197 1215 2252 loco
1236 2209 1317 2252 mota
1335 2212 1388 2250 non

323 2266 428 2334 uerint,
451 2267 644 2337 celebrentur,
671 2267 746 2324 facta
771 2267 801 2323 in
825 2267 923 2324 officio
948 2280 977 2325 et
1002 2268 1090 2324 missa
1116 2268 1388 2324 commemoratione

311 2336 492 2406 Dominicae,
510 2339 632 2411 ipsoque
647 2339 735 2396 etiam
748 2340 889 2396 translato
905 2339 936 2395 in
959 2339 1179 2396 antecedentem
1193 2339 1306 2394 sabbati
1320 2339 1388 2392 diem

309 2409 429 2466 ieiunio.
446 2431 463 2461 a
477 2409 552 2465 Cum
565 2427 667 2493 veroa
687 2411 864 2484 quibusdam
887 2411 1045 2474 dubitetur.
1069 2427 1142 2466 num
1163 2409 1232 2467 huic
1254 2410 1310 2485 legi
1331 2410 1389 2465 sub·

309 2481 415 2536 dantur
431 2482 589 2553 Regulares
612 2500 662 2607 epu
685 2500 738 2555 pro
760 2482 795 2538 rii
815 2483 971 2556 respective
984 2482 1103 2540 Ordinis
1118 2496 1281 2556 sequuntur
1295 2483 1389 2538 Calen-

310 2553 435 2619 darium,
459 2566 487 2608 et
510 2552 591 2608 iuxta
616 2554 690 2609 ilud
711 2573 730 2610 o
765 2555 809 2610 cia
832 2556 1007 2610 Sanctorum
1032 2554 1165 2609 ordinata
1187 2555 1305 2622 habent,
1328 2554 1390 2607 ideo

310 2624 388 2704 idem
397 2624 518 2705 Orator,
532 2624 657 2699 duplicis
680 2626 828 2698 sequentis
841 2625 922 2681 dubii
935 2625 1115 2681 solutionem
1127 2626 1211 2682 enixe
1232 2624 1390 2698 expostula·

309 2707 359 2762 v1t‚
373 2712 515 2750 nimirum
529 2716 536 2751 :

347 2793 370 2847 l.
394 2793 475 2846 Num
500 2793 658 2864 Regulares
681 2794 732 2866 qui
755 2794 875 2868 proprio
900 2795 1028 2866 gaudent
1049 2792 1222 2850 Calendario
1243 2802 1392 2850 teneantur

310 2863 373 2935 lege
390 2864 589 2919 translationis
611 2864 751 2920 festorum
775 2865 991 2938 Assumptionis
1011 2876 1039 2921 et
1058 2864 1222 2921 Nativitatis
1236 2866 1270 2921 B.
1286 2864 1390 2919 Mariae

313 2934 441 3007 Virginis
455 2935 486 2990 in
502 2937 603 3007 Regno
617 2936 790 2992 Borussiac?
1456 2940 1457 2943 ’

299 3093 302 3101 ,
348 3034 386 3088 II.
403 3034 439 3088 Et
454 3044 599 3105 quatenus
612 3034 743 3104 negative
758 3054 765 3089 z
788 3035 870 3088 Num
882 3032 994 3106 possint
1007 3045 1106 3089 tamen
1117 3030 1282 3103 praedictae
1296 3031 1351 3103 legi
1366 3044 1392 3083 se

310 3105 513 3160 conturmarel

348 3201 385 3255 Et
396 3200 484 3254 Sacra
496 3201 598 3255 eadem
611 3183 817 3272 Congregatio,
835 3200 871 3254 ad
884 3199 1055 3255 relationem
1068 3197 1223 3271 subscripti
1233 3195 1390 3263 Secretarii,

311 3270 456 3343 exquisito
469 3285 538 3327 voto
555 3271 778 3327 Commissionis
803 3271 977 3343 Liturgicae,
998 3287 1088 3342 reque
1109 3280 1222 3324 mature
1244 3284 1390 3342 perpensa,

309 3342 530 3399 rescribendum
543 3342 655 3399 censuit
670 3362 677 3397 :

346 3440 393 3495 Ad
408 3442 430 3495 l.
446 3440 472 3494 A
471 3439 644 3514 ffirmative‚
659 3440 702 3495 uti
715 3457 778 3496 mos
793 3451 845 3497 est.

328 3523 332 3527 ⁵
345 3538 392 3591 Ad
410 3539 449 3593 II.
461 3518 623 3594 Provisum
638 3538 667 3593 in
678 3537 792 3611 primo,

346 3637 444 3708 Atque
456 3634 496 3690 ita
510 3636 666 3709 rescripsit,
681 3622 729 3690 die
745 3636 758 3689 5
775 3635 890 3707 augusti
908 3653 984 3707 1904.
1065 3667 1067 3671 .

873 3734 902 3789 S.
918 3732 1004 3788 Card.
1019 3733 1162 3800 Cauroivr,
1174 3732 1358 3803 Praefectus.

706 3826 747 3882 D.
763 3815 884 3897 Panici,
899 3826 1042 3900 Archiep.
1058 3824 1232 3893 Laodicen,
1251 3825 1358 3879 Secret.

333 4077 348 4113 '1
358 4076 416 4125 Cir.
426 4072 473 4123 hic
482 4087 575 4133 supra,
587 4087 615 4121 n.
626 4078 677 4134 30.
1293 4130 1298 4138 ¹
1375 4127 1380 4135 ,

337 4144 438 4190 ‘²Haec
448 4148 525 4189 erant
539 4139 641 4188 decreti
651 4135 745 4186 verba.
759 4153 768 4181 i
782 4136 819 4184 II.
833 4136 933 4185 Utrum
943 4134 999 4183 alia
1018 4132 1188 4183 consuetudo
1197 4144 1300 4182 servan
1312 4130 1393 4191 possit

311 4222 366 4257 nou
375 4204 543 4255 accendendi
553 4204 664 4253 tertium
673 4215 783 4251 cereum
802 4201 831 4249 in
841 4200 934 4249 Missis
948 4200 1026 4250 lectis
1037 4213 1054 4249 a
1065 4196 1269 4249 consecratione
1279 4196 1316 4245 ad
1333 4208 1393 4244 con-

309 4271 536 4323 summationem?
547 4272 581 4321 R.
593 4269 645 4320 Ad.
658 4270 696 4319 11.
710 4286 719 4314 t
731 4266 909 4317 Affirmative.
923 4283 932 4311 i
