2959 4900
104 251 192 334 [111]
237 274 261 311 s.
272 275 297 311 c.
308 275 425 313 muoso.
442 277 479 312 ua
493 276 679 313 counrssroua
694 278 877 330 anscouuuu.
894 280 1069 318 corrnrnuasr
1154 258 1200 323 69*

139 421 172 490 9⁰
192 408 328 481 Denique
337 422 404 491 post
415 410 707 491 promulgatumlhoc
724 413 880 469 Decretum
893 429 996 469 omnes
1009 413 1201 470 ecclesiastici.
1249 479 1251 482 ¹
1277 422 1352 470 Finis
1363 424 1407 471 im·

103 491 261 554 scrrptores
275 498 292 535 a
306 497 409 553 quavis
422 494 604 538 contentiosa
619 483 818 556 disputatione
837 484 914 540 circa
936 485 1142 557 dispositiones
1157 486 1200 541 ad.
1244 482 1343 541 pontiur
1351 494 1408 528 ron-

102 551 289 625 frequentem
300 565 328 607 et
341 552 520 608 cotidianam
531 553 790 633 Communionem·
798 555 974 611 abstineant.

140 634 251 691 Relatis
272 646 373 691 autem
390 636 436 692 his
446 638 584 693 omnibus
604 638 641 693 ad
664 640 766 695 ssmum
783 641 818 696 D.
833 641 872 695 N.
889 641 967 695 Pron
982 642 1036 713 Pp.
1052 640 1080 693 X
1089 657 1142 713 per
1154 639 1198 695 in*

101 704 289 788 frascriptum
300 707 329 767 S.
344 708 379 764 C.
395 709 588 764 Secretarium
603 710 634 764 in
648 708 799 766 audientia
812 711 868 767 diei
886 730 917 785 17
928 727 1021 767 mens.
1036 711 1098 768 dec.
1113 712 1193 783 1095,

102 779 250 858 Sanctitas
264 778 323 835 Sua
336 778 395 835 hoc
410 782 520 836 Eum
534 782 654 837 Parrum
675 783 825 838 decretum
846 792 943 838 ratum
961 784 1073 849 habuit,
1088 784 1194 838 contir-

102 863 194 915 mavrt
215 862 304 923 atque
324 851 371 915 edi
392 852 484 921 iussit,
499 853 908 927 contrariisquibuscumque
919 854 1042 911 minime
1055 854 1196 910 obstanti-

102 923 170 980 bus.
183 922 335 979 Mandavit
345 922 462 995 insuper
472 923 651 986 utmittatur
663 925 701 980 ad
716 941 822 981 omnes
835 926 969 982 locorum
980 925 1156 982 ordinarios
1165 937 1196 982 et

103 993 256 1048 Ptaelaros
268 994 435 1074 Regulares‚
446 995 482 1050 ad
496 993 554 1050 hoc
563 1006 596 1050 ut
605 995 683 1070 illud
692 1014 762 1052 cum
772 996 831 1053 suis
845 996 1025 1064 Seminariis,
1042 996 1192 1066 Parochis,

101 1064 245 1146 institutis
267 1065 411 1142 religiosis
434 1077 462 1121 et
481 1065 680 1124 sacerdotibus
701 1068 861 1142 respective
873 1070 1102 1139 communicent,
1117 1082 1145 1125 et
1158 1069 1200 1124 de.

102 1147 290 1192 exsecutione
310 1154 510 1209 eorumquae
533 1137 613 1195 ineo
627 1150 735 1195 statuta
754 1152 822 1195 sunt
834 1142 864 1197 S.
879 1142 984 1197 Sedem
1003 1141 1144 1199 edoceant
1163 1140 1193 1194 in

101 1207 163 1263 suis
177 1208 368 1289 relationibus
379 1209 416 1263 de
428 1210 569 1265 dioecesis
580 1212 632 1267 seir
645 1211 775 1267 instituti
789 1222 877 1271 statu.
895 1257 906 1282 .,

107 1294 249 1348 ”Datum
261 1293 382 1362 Romae,
393 1293 439 1349 die
453 1299 489 1349 26
503 1294 665 1351 d'ecembris
684 1296 764 1369 1905.
802 1298 834 1310 '⁰
895 1310 898 1316 ·

317 1377 529 1440 †V1ncanrrus
544 1379 643 1448 Card.‚
659 1380 756 1451 Episc.
775 1379 991 1449 Praenestinus,
1006 1376 1193 1452 Praefectus.

618 1460 652 1518 C.
668 1462 717 1518 De
729 1461 802 1532 Lai,
816 1463 1016 1519 Secretarius.

567 1604 745 1660 Annornrro

140 1723 200 1777 Pro
222 1722 329 1778 decreti
344 1723 427 1779 istius
438 1727 604 1794 momento,
628 1725 724 1781 visum
738 1736 781 1781 est
800 1725 1026 1798 explicationem
1049 1743 1196 1786 reservare

104 1792 257 1862 Quaesitis
270 1794 376 1865 variis,
390 1794 438 1851 hic
448 1795 534 1852 infra.

497 1942 814 1957 —

306 2126 309 2129 -
329 2066 426 2152 111.
448 2075 495 2154 -ἢ
511 2079 546 2150 s.
570 2080 608 2155 c.
631 2080 974 2183 ranutarurnnun
1006 2152 1010 2160 ,

162 2217 386 2303 nacaarmr
405 2250 522 2305 unars
539 2251 595 2321 ar
611 2251 729 2309 onais
747 2251 786 2305 14
803 2251 1029 2307 aaaauaarr
1047 2249 1129 2304 1906
1195 2224 1198 2227 ’

156 2379 226 2477 Qui
244 2403 500 2469 communione
518 2360 701 2463 cotidiana
720 2375 880 2478 utuntur,
898 2387 1141 2476 indulgentias
1193 2365 1197 2397 ἶ

174 2489 306 2546 lucrari
324 2491 476 2560 possunt
493 2489 627 2561 absque
647 2489 868 2562 obligatione
887 2487 1123 2546 confessionis
1157 2505 1160 2510 ·

495 2573 801 2630 hebdomadariae

135 2733 327 2791 Sanctissimo
342 2732 478 2790 Domino
491 2745 593 2790 nostro
610 2734 663 2790 Pio
685 2735 739 2806 Pp.
754 2734 781 2788 X
794 2734 840 2790 vel
853 2733 980 2800 maxime
999 2731 1081 2788 cordi
1094 2743 1148 2800 est,
1161 2743 1195 2788 ut

97 2798 247 2860 efficaciu‘s
262 2800 369 2860 indies
381 2808 569 2878 propagetur,
586 2805 795 2877 uberioresque
814 2805 880 2860 edat
898 2805 1041 2861 virtutum
1060 2803 1195 2858 omnium

96 2875 211 2932 fi'uctus
225 2876 378 2932 laudabilis
387 2876 438 2932 illa
449 2894 484 2932 ac
497 2877 560 2933 Deo
572 2877 656 2933 valde
669 2889 787 2948 accepta
800 2877 994 2946 consuetudo,
1010 2893 1070 2948 qua
1081 2873 1193 2944 fideles,

97 2948 128 3003 in
147 2959 228 3004 statu
246 2948 365 3020 gratiae,
386 2959 523 3020 rectaque
541 2965 610 3004 cum
628 2958 736 3013 mente,
753 2947 790 3002 ad
809 2964 922 3004 sacram
943 2945 1195 3002 Communionem

97 3019 205 3075 cotidie
239 3019 412 3076 sumendam
439 3020 588 3076 accedant.
609 3019 811 3088 Quamobrem
830 3018 973 3091 supplicia
997 3017 1195 3090 plurimorum

96 3103 166 3146 vota
187 3091 226 3146 ab
251 3090 491 3146 Eminentissimo
516 3090 588 3146 Viro
608 3090 756 3147 Cardinali
779 3089 922 3146 Casimiro
943 3088 1071 3145 Gennari
1100 3088 1196 3144 delata

97 3162 227 3235 benigne
246 3160 429 3234 libenterque
448 3161 603 3234 excipiens,
624 3162 659 3218 iis
677 3162 765 3234 plane
787 3161 912 3231 cunctis,
931 3161 982 3233 qui
1001 3169 1195 3216 memoratam

96 3233 344 3290 consuetudinem
356 3232 464 3288 habent
476 3246 527 3288 aut
539 3233 614 3288 inire
628 3243 776 3304 exoptant,
788 3233 944 3305 specialem
954 3231 1060 3287 merito
1071 3231 1195 3302 gratiam

96 3303 218 3387 elargiri
230 3305 340 3361 statuit.
361 3305 498 3361 Clemens
511 3321 600 3376 porro
621 3306 674 3378 Pp.
697 3304 770 3358 Xlll
785 3303 805 3358 f.
821 3321 858 3372 r.,
900 3320 931 3360 er
944 3305 1093 3359 decretum
1106 3302 1195 3358 huius

95 3377 179 3434 Sacri
194 3372 327 3446 Ordinis,
339 3377 393 3431 sub
406 3375 454 3431 die
468 3395 485 3449 9
498 3375 660 3432 decembris
678 3377 755 3448 1763,
768 3396 784 3426 «
794 3321 934 3430 omniius
947 3373 1193 3444 christifidelibus,

96 3449 147 3522 qui
171 3447 321 3520 frequenti
342 3461 530 3521 peccatorum
552 3446 744 3503 Confessione
756 3445 890 3502 animum
904 3448 1054 3502 studentes
1066 3445 1192 3517 expiare,

95 3520 187 3576 semel
203 3519 308 3578 saltem
317 3518 348 3574 in
357 3518 543 3574 hebdomada
554 3517 592 3572 ad
602 3518 825 3574 Sacramentum
837 3517 1036 3574 paenitentiae
1046 3518 1192 3585 accedere,

96 3591 153 3648 nisi
164 3590 297 3664 legitime
308 3588 516 3663 impediantur,
527 3600 758 3662 consueverunt,¹
769 3600 798 3645 et
809 3589 921 3645 nullius
935 3589 1048 3646 lethalis
1061 3589 1165 3661 culpae
1177 3604 1195 3642 a

94 3679 136 3733 se,
152 3673 224 3735 post
240 3661 419 3735 praedictam
431 3661 567 3717 ultimam
586 3661 810 3717 confessionem
822 3661 997 3722 commissae
1010 3658 1066 3715 sibi
1084 3657 1194 3715 conscii

1198 546 1201 601 ζ
1249 537 1413 595 teutliosisdis·¹

1244 597 1378 655 putationi·

1248 650 1299 702 bus.

1274 722 1414 783 Confirma·'

1249 784 1283 836 tio
1322 781 1407 830 ssmi.

1248 838 1410 889 Mittaturde-

1248 902 1334 946 cretum
1376 897 1410 944 ad

1248 954 1396 1004 ordinarios

1248 1018 1269 1061 ci
1277 1011 1410 1061 Pindarus

1248 1072 1420 1178 {iiiiii}

1248 1187 1339 1247 iuuant
1353 1186 1410 1233 eide

1248 1249 1297 1293 eim
1317 1258 1410 1295 exsecu-

1250 1306 1312 1351 tione
1356 1303 1411 1351 red·

1249 1362 1308 1410 dani
1333 1365 1411 1410 ralio-

1249 1434 1311 1469 nem.

1278 1495 1338 1541 Dies
1372 1497 1411 1547 (20

1250 1552 1296 1600 dec.
1309 1557 1387 1612 1905).

1279 2747 1375 2814 Cotidie

1250 2818 1378 2854 commum-

1250 2869 1327 2912 santes

95 3747 175 3801 sunt,
202 3732 325 3789 indulsit
353 3744 387 3788 ut
417 3749 521 3788 omnes
547 3745 576 3788 et
598 3747 802 3806 quascumque
828 3731 1026 3804 Indulgentias
1052 3727 1194 3802 consequi
1273 3759 1274 3764 κ

135 3806 222 3867 saint.
242 3804 332 3862 etiam
350 3803 413 3860 sine
431 3804 537 3860 actuali
556 3802 759 3874 confessione,
793 3820 869 3875 quae
897 3801 1068 3875 ceteroquin
1086 3801 1123 3856 ad
1146 3815 1194 3856 eas

106 3877 256 3933 ucrandas
268 3874 431 3932 necessaria
445 3887 529 3932 esset.
546 3875 630 3931 Nihil
648 3889 748 3931 tamen
762 3875 933 3931 innovando
946 3873 1020 3930 circa
1038 3871 1195 3944 Indulgen-

94 3949 150 4005 tias
165 3947 301 4016 lubilaei‚
314 3958 376 4003 tam
388 3946 535 4003 ordinarii
566 3965 636 4002 uam
649 3947 881 4015 extraordinarii,
898 3945 1029 4019 aliasque
1048 3944 1085 3999 ad
1104 3943 1195 4010 instar

94 4018 224 4076 lubilaei
245 4034 407 4088 concessas,
430 4036 484 4091 pro
506 4035 525 4091 q
545 3964 614 4075 iiius
638 4017 838 4098 assequendis,
866 4017 940 4073 sicut
966 4029 994 4073 et
1020 4014 1077 4070 alia
1105 4031 1195 4088 opera

95 4093 241 4160 iniuncta,
255 4089 298 4146 ita
311 4101 340 4146 et
353 4089 571 4147 sacramentalis
583 4088 747 4156 Confessio,
762 4101 895 4161 ternpore
907 4089 938 4143 in
957 4104 1059 4145 earum
1078 4102 1195 4142 conces·

96 4164 181 4220 sione
191 4161 373 4237 praescripto
402 4172 558 4234 erugantur
565 4182 592 4218 u.
603 4162 692 4216 Nunc
703 4177 771 4216 vero
782 4160 969 4216 Beatissimus
979 4161 1065 4216 Pater
1077 4158 1146 4214 Pius
1155 4157 1195 4227 X,

96 4235 239 4292 omnibus
253 4179 501 4304 christifiielibus,
517 4233 569 4305 qui
583 4233 615 4289 in
629 4244 707 4288 statu
727 4230 847 4304 gratiae,
862 4242 977 4287 etcum
996 4243 1073 4289 recta
1088 4229 1196 4303 piaque

1273 3827 1311 3874 De
1321 3827 1410 3873 articuli

1250 3883 1401 3944 Confessione

1249 3956 1297 3991 uon
1303 3947 1371 4002 prae-

1249 3999 1373 4056 mittenda,
1403 4002 1412 4018 “
