2959 4900
276 312 313 349 ΒΕ
328 314 406 351 tecet.
422 315 458 350 ΕΤ
473 313 593 349 ORATOR.
611 314 705 351 Remo.
721 314 812 351 CAPUT
826 315 836 350 1
853 314 889 349 DE
904 312 1039 349 Bccmsns
1185 290 1204 351 5

111 458 228 512 tamen
244 446 430 513 necessitas
445 444 648 533 exquirendi
665 432 829 534 suffragia
844 442 985 533 capituli
1001 442 1045 510 sit
1060 461 1204 509 consue·

110 533 233 601 tudine
250 533 396 601 sublata.

153 644 188 709 4.
213 621 546 711 Transformatione
562 621 725 691 ecclesiae
740 620 925 690 saecularis
942 619 980 688 in
996 618 1204 709 regularem.

112 711 231 799 Hanc,
249 712 310 778 ubi
326 727 444 779 tamen
463 731 537 779 non
552 726 674 801 agatur
696 711 740 779 de
757 711 898 778 ecclesia
914 706 1115 799 parochiali,
1133 704 1206 773 effi·
1269 706 1270 711 ’
1326 741 1329 747 1

110 820 188 867 cere
200 814 313 890 potest
327 800 535 889 Episcopus.
548 800 591 867 In
603 799 823 869 dioecesibus
835 798 896 866 ubi
914 798 1005 887 viget
1016 799 1069 865 lex
1082 796 1207 884 scripta

108 910 182 977 qua
194 888 387 977 capitulum
399 892 498 957 estin
510 888 727 979 gravioribus
740 888 1028 977 interrogandum
1044 885 1205 975 negotiis,

110 993 250 1067 oportet
261 991 300 1044 ut
315 978 508 1067 capitulum
520 978 682 1046 ecclesiae
695 977 899 1045 cathedralis
911 972 1205 1047 transformationi

110 1067 320 1135 assentiatur
333 1072 357 1133 1.
382 1114 384 1118 -

157 1156 262 1223 Dices
285 1155 352 1222 iuri
375 1154 520 1223 uniendi
545 1170 578 1222 et
606 1153 873 1223 transformandi
897 1152 1060 1220 ecclesias
1083 1150 1206 1239 obesse

111 1244 402 1333 Extravagantem
446 1244 673 1331 Ambitiorae,
725 1264 796 1332 qua
842 1242 935 1310 bona
980 1240 1207 1309 ecclesiastica

109 1334 254 1402 alienari
277 1347 435 1400 vetantur
457 1334 534 1401 sine
556 1332 747 1422 apostolico
771 1330 999 1420 beneplacito.
1033 1330 1084 1397 Ut
1112 1328 1206 1397 enim

108 1424 268 1509 loquitur
293 1443 323 1489 c.
342 1420 434 1507 Tua,
459 1423 493 1510 8,
521 1422 575 1489 De
591 1422 753 1510 hisquae
779 1419 869 1488 fiunt
894 1441 915 1487 a
941 1420 1113 1504 Praelata,
1139 1430 1204 1483 etc.

110 1511 204 1598 (Ill,
242 1515 310 1598 ro),
345 1536 359 1575 a
394 1509 649 1580 Concessiones
686 1510 911 1578 ecclesiarum
950 1517 1145 1596 perpetuas
1164 1503 1206 1572 ad

108 1599 336 1667 alienationes
351 1620 425 1668 non
440 1608 492 1668 ert
508 1597 657 1668 dubium
673 1600 857 1689 pertinere.
880 1623 893 1661 a
913 1596 1060 1681 Verum,
1085 1596 1124 1663 in
1140 1594 1207 1661 hoc

108 1690 363 1756 alienationum
396 1708 535 1777 genere,
572 1688 653 1756 satis
688 1688 849 1755 convenit
884 1686 974 1758 inter
1007 1685 1205 1773 scriptores,

109 1777 338 1848 alienationes
364 1797 439 1845 esse
462 1778 634 1865 episcopis
657 1776 856 1866 permissas,
884 1774 1081 1843 dummodo
1105 1790 1206 1859 supe·

108 1866 213 1934 rioris
230 1866 316 1933 iuris
332 1866 778 1939 sollemnitatesobservent
790 1889 800 1951 3
814 1866 852 1933 in
867 1865 922 1933 his
934 1874 1051 1931 autem
1068 1862 1206 1929 sollem-
1246 1894 1250 1913 ι

109 1955 292 2043 nitatibus,
306 1955 563 2045 beneplacitum
578 1976 651 2023 non
668 1954 866 2023 continetur
882 1954 907 2021 ².

156 2117 210 2183 ΙΙ.
233 2116 383 2205 Elegans
399 2116 642 2205 iamsuperest
657 2115 828 2205 quaestio,
846 2128 966 2182 utrum
982 2110 1208 2198 necne,'lacta

106 2205 290 2295 paroeciae
327 2204 508 2294 regularis
545 2204 729 2292 divisione,
776 2206 882 2272 altera
920 2222 1010 2291 quae
1057 2200 1209 2289 exsurgit

108 2295 289 2384 parochia,
319 2309 353 2362 et
367 2295 493 2367 dicitur
516 2293 644 2384 filialis,
662 2294 705 2362 sit
720 2295 798 2382 ipso
825 2292 914 2379 iure,
931 2292 985 2359 vel
1008 2310 1083 2359 esse
1101 2288 1209 2379 possit

109 2384 292 2474 regularis.
1007 2426 1009 2433 ‚

153 2474 400 2542 Memoramus
415 2473 453 2540 in
467 2471 592 2562 primis
607 2488 690 2540 tunc
706 2488 843 2540 tantum
859 2471 902 2539 ab
919 2470 1083 2559 episcopo
1098 2466 1207 2548 dividi

108 2583 213 2650 posse
234 2561 449 2650 parochiam,
467 2561 622 2651 quando,
641 2561 717 2628 sine
733 2561 917 2647 divisione,
935 2556 1209 2648 obligationibus

109 2673 199 2740 quae
228 2649 390 2718 ecclesiae
417 2653 679 2740 coniunguntur
705 2649 865 2718 satisfieri
892 2648 1064 2737 nequiret,
1093 2661 1131 2714 ut
1163 2645 1206 2730 si,

108 2753 253 2829 propter
276 2738 344 2808 loci
368 2739 580 2826 distantiam,
606 2740 759 2828 populus
782 2758 882 2828 aegre
906 2759 943 2806 se
966 2737 1004 2805 in
1027 2734 1208 2804 ecclesiam

108 2828 349 2918 parochialem
363 2827 520 2901 conferre
536 2844 653 2917 posset
666 2828 692 2895 ³.
930 2833 933 2837 '

155 2915 340 2986 Praeterea
351 2938 405 2985 res
416 2919 483 2985 ista
494 2938 534 2984 ex
546 2916 590 2985 iis
601 2931 652 2984 est
664 2937 767 3005 quae,
786 2935 826 2983 ex
838 2915 913 2982 iure
929 2913 1052 2982 saltem
1063 2910 1202 3000 scripto,

109 3018 190 3075 sunt
206 3004 453 3074 deliberandae
469 3026 550 3073 cum
566 3006 731 3096 capitulo,
750 3019 784 3072 et
795 3004 969 3094 parochus
981 3002 1030 3087 (id
1043 3017 1094 3069 est
1110 3000 1206 3068 habi·

109 3095 226 3181 tualis,
244 3095 273 3162 si
301 3094 464 3183 parochia
479 3094 628 3182 pertinet
654 3094 697 3161 ad
714 3093 917 3183 collegium)
942 3091 1105 3160 ecclesiae
1121 3089 1206 3157 divi·
1224 3097 1228 3104 “

109 3184 245 3252 dendae
276 3200 327 3251 est
356 3185 547 3271 vocandus,
584 3198 618 3251 et
644 3183 810 3251 audiendi
849 3195 931 3250 sunt
960 3181 1018 3248 alii
1053 3199 1207 3268 quorum

110 3274 263 3353 interest,
279 3284 330 3350 ut,
348 3294 381 3338 v.
399 3293 434 3361 g.
449 3273 584 3361 patroni
602 3273 628 3340 ⁴.

152 3362 308 3430 Vacante
333 3360 509 3450 parochia,
545 3362 745 3450 Episcopus
770 3359 991 3428 defensorem
1022 3355 1207 3445 parochiae

111 3451 322 3519 constituere
337 3448 440 3517 debet
452 3450 478 3538 ⁵,
496 3451 558 3539 qui
574 3472 639 3536 pro
652 3465 784 3517 rectore
801 3464 852 3517 est
863 3444 1071 3516 audiendus.

156 3538 295 3608 Divisio
319 3538 414 3607 enim
442 3539 625 3627 parochiae
645 3560 715 3629 per
738 3560 775 3605 se
799 3551 849 3605 est
876 3536 1010 3622 odiosa,
1028 3555 1092 3602 nec
1108 3530 1207 3600 facile

112 3628 305 3697 admittitur
331 3627 360 3695 si
386 3627 556 3696 Rectores
576 3627 705 3696 fuerint
727 3626 839 3695 inviti.
866 3625 927 3695 Cfr
957 3625 1203 3703 PALLOTT1N1,

159 3819 216 3869 Cir.
226 3821 291 3867 Vtut
302 3832 340 3866 uu
350 3819 461 3873 Bostar,
473 3819 510 3864 Dc
520 3817 630 3873 ecclesiis,
639 3831 667 3864 n.
678 3821 730 3872 475.

139 3885 216 3934 '³Clr.
228 3887 292 3934 Van
303 3898 340 3932 ors
350 3885 460 3940 Bauer,
480 3899 507 3932 n.
519 3901 572 3941 441,
592 3883 681 3931 citans
697 3884 742 3929 Dr
752 3883 842 3937 Lacr,
861 3881 899 3928 Dc
908 3881 979 3928 alim.
992 3879 1061 3927 disc.
1075 3895 1086 3925 1
1099 3890 1105 3934 ;
1118 3891 1145 3925 n.
1157 3895 1187 3933 44
1200 3889 1206 3932 ;

112 3953 287 4006 Domanitis,
300 3950 369 3999 disc.
382 3958 419 4007 34,
428 3965 456 3999 n.
467 3969 481 4007 4
492 3965 499 4006 ;
512 3952 686 4008 Annatatipner
696 3948 728 3994 ad
739 3949 812 3996 Cana.
828 3945 939 4003 Trident,
952 3945 1020 3993 disc.
1033 3953 1055 4000 8,
1064 3958 1141 4007 nra.

139 4018 215 4066 ³Cir.
230 4019 506 4074 Scflumzouuuaum
525 4017 553 4064 in
565 4034 586 4064 1.
599 4016 653 4072 111,
664 4021 684 4062 t.
697 4020 720 4071 5,
731 4029 760 4063 n.
772 4020 825 4070 205,
838 4019 865 4060 et
875 4014 906 4061 C.
920 4011 1042 4060 Trident.
1056 4010 1083 4058 S.
1096 4009 1169 4065 XXI,
1181 4021 1206 4055 c.

112 4103 138 4139 4.
151 4083 210 4132 Rei.

139 4151 216 4198 ⁴Cir.
228 4151 291 4200 Vati
301 4162 340 4197 nat
351 4149 462 4206 Bonas,
474 4150 512 4196 De
521 4148 630 4202 ecclesiis,
641 4161 669 4195 n.
678 4155 715 4206 67.

141 4219 152 4251 ⁵
167 4217 199 4264 ld
208 4217 342 4265 indirecte
359 4217 465 4263 eruitur
475 4229 507 4263 ex
517 4229 542 4263 c.
554 4215 584 4260 Si
595 4228 648 4265 ana,
662 4231 685 4269 2,
705 4213 792 4259 clem.
812 4211 849 4258 Dr
859 4211 925 4257 rebus
943 4209 995 4256 eccl.
1007 4223 1055 4256 non
1073 4205 1207 4254 alienandis

124 4283 177 4338 111,
188 4287 219 4342 4).
