2959 4900
101 1759 204 1807 Comme-

72 1819 176 1864 moratis
186 1818 220 1864 Β.

72 1875 102 1920 M
103 1877 171 1922 ariae
181 1877 220 1922 in·

76 1938 110 1998 ²⁶?
119 1931 206 1992 suffra·

73 2003 125 2046 gra.

292 320 353 381 166
747 343 928 380 mortuitatem

328 477 362 531 B.
377 477 530 548 Responsa
543 488 553 513 ¹
567 493 603 532 12
617 477 691 532 maii
703 479 785 547 1905.

328 559 528 615 Calendarista
552 560 795 633 Congregationis
822 561 1022 616 Eremitarum
1047 560 1326 626 Camaldulensium,
1345 560 1376 614 dc

292 647 438 686 consensu
453 631 498 684 sui
511 630 678 703 Superioris
692 633 854 700 Generalis,
874 651 891 687 a
911 634 999 688 Sacra
1013 632 1136 689 Rituum
1150 631 1376 703 Congregatione

291 701 478 774 sequentium
498 701 659 757 dubiorum
680 704 861 760 solutionem
874 703 1042 761 humillime
1055 703 1201 776 expetivit,
1218 703 1374 758 nimirum:

329 785 351 840 l.
375 785 452 840 Cum
473 802 525 856 per
552 787 710 842 Decretum
751 787 903 854 Generale,
931 789 959 843 d.
984 789 1013 844 d.
1043 789 1072 844 13
1107 786 1276 843 novembris
1304 785 1374 857 1899,

291 856 398 912 festum
419 857 448 912 S.
464 857 560 913 Bedae
580 858 763 914 Venerabilis
778 859 815 913 ad
836 860 998 916 Ecclesiam
1017 858 1212 914 universalem
1232 870 1377 912 extensum

291 927 388 994 fuerit,
403 929 572 999 quaeritur:
593 946 631 984 an
645 941 761 986 utentes
776 930 926 986 Breviario
942 931 1107 986 Monastico
1122 929 1247 984 debeant
1261 927 1377 983 recitare

293 999 448 1055 Lectiones
457 1017 513 1081 pro
523 999 683 1056 universali
697 1000 828 1057 Ecclesia
837 1018 888 1074 per
902 1001 1014 1057 dictum
1030 1003 1185 1057 Decretum
1196 1001 1375 1072 approbatas,

289 1071 334 1126 vel
348 1070 447 1144 potius
457 1071 522 1126 illas
536 1071 720 1145 iampridem
733 1089 788 1145 pro
805 1072 916 1129 Ordine
932 1073 1032 1128 Sancti
1047 1070 1196 1129 Benedicti
1210 1071 1376 1127 concessas?

328 1155 366 1209 ll.
391 1156 425 1209 ln
448 1155 538 1210 Missa
557 1156 586 1210 S.
609 1155 762 1211 Michaelis
783 1156 970 1228 Archangeli,
999 1157 1115 1212 Patroni
1140 1152 1377 1226 Congregationis

292 1225 491 1281 Eremitarum
514 1227 797 1294 camaldulensium,
826 1229 988 1300 approbata
1009 1245 1062 1300 per
1087 1229 1243 1283 Decretum
1264 1244 1298 1280 22
1320 1223 1377 1279 iulii
1452 1275 1453 1280 ,

294 1298 373 1369 1809,
387 1298 463 1352 duae
477 1298 624 1353 habentur
637 1299 804 1360 Orationes.
818 1315 946 1379 quarum
961 1298 1057 1378 prima
1070 1298 1190 1372 propria
1206 1296 1330 1352 dicenda
1340 1307 1379 1350 est

290 1367 343 1423 ubi
364 1369 489 1424 Sanctus
509 1368 636 1424 Michadl
657 1382 700 1425 est
721 1370 862 1426 Titularts
885 1371 1034 1428 Ecclesrae
1052 1371 1098 1425 vel
1110 1367 1229 1428 Altaris.
1244 1367 1378 1423 alterode

291 1439 452 1494 Communi
483 1439 607 1496 dicenda
633 1441 850 1513 praescribitur,
876 1442 929 1496 ubi
955 1442 1078 1498 Sanctus
1108 1439 1235 1496 Michael
1266 1437 1378 1494 Titulus

292 1510 438 1565 Ecclesiae
458 1511 502 1567 vel
526 1510 634 1566 Altaris
656 1529 719 1568 non
740 1525 793 1568 est.
819 1513 987 1581 Quaeritur,
1004 1524 1104 1568 utrum
1119 1510 1267 1593 praedicta
1282 1508 1378 1564 Oratio
1451 1539 1452 1542 =

289 1581 408 1655 propria
428 1581 458 1637 in
482 1582 564 1645 locis,
588 1582 619 1637 in
638 1583 747 1664 quibus
760 1586 885 1640 Sanctus
901 1583 1028 1640 Michael
1042 1597 1084 1640 est
1096 1581 1246 1649 Titularis,
1261 1579 1378 1636 dicenda
1451 1629 1452 1632 ,

290 1668 410 1726 quoque
424 1651 460 1708 sit
473 1653 503 1708 in
518 1653 634 1721 Officia,
649 1673 680 1709 m
695 1653 848 1728 Suffragiis
863 1668 963 1710 autem
977 1656 1067 1711 altera
1080 1655 1115 1710 de
1130 1652 1307 1710 Communi?
1451 1653 1452 1664 *

327 1737 382 1791 Ill.
407 1739 491 1792 quta
515 1739 556 1793 De
580 1738 674 1794 Herdt
695 1739 765 1809 (Ed.
780 1741 816 1808 X,
832 1756 880 1794 an.
900 1757 977 1812 1902,
991 1739 1049 1795 vol.
1066 1759 1091 1806 2,
1106 1756 1135 1792 n.
1150 1738 1224 1808 368),
1246 1736 1299 1862 zui
1310 1735 1378 1816 ¹citat

291 1808 337 1862 Gu
358 1820 439 1863 etum
465 1819 494 1865 et
520 1809 673 1878 Cavalieri,
699 1813 944 1867 commemoratio
971 1812 1000 1865 S.
1029 1809 1140 1866 Mariae
1163 1825 1225 1863 non
1273 1820 1285 1863 t
1309 1819 1379 1862 mter

290 1880 332 1934 Su
370 1879 444 1952 agia,
468 1881 589 1950 quando
611 1881 717 1937 dicitur
739 1882 802 1938 eius
826 1880 965 1938 Officium
984 1899 1107 1954 parvum
1121 1880 1213 1950 (iuxta
1230 1877 1377 1941 Rubricas,

289 1950 334 2006 tit.
349 1951 393 2016 25,
409 1969 440 2006 n.
456 1953 495 2022 4),
507 1952 566 2008 sive
580 1951 779 2026 coniungatur
789 1953 895 2009 Officio
905 1953 974 2018 diei,
990 1953 1049 2010 sive
1059 1950 1377 2034 separatimrecitetur:

289 2022 350 2078 sive
371 2038 406 2079 ex
426 2023 583 2078 devotione
606 2035 732 2093 tantum,
754 2025 814 2080 sive
827 2041 862 2079 ex
875 2024 1055 2095 obligatione
1070 2025 1193 2079 drcatur.
1218 2022 1296 2076 Cum
1314 2035 1379 2076 vero

288 2110 324 2149 ex
344 2093 611 2149 Constitutionibus
626 2096 874 2168 Congregationis
894 2096 1093 2151 Eremitarum
1111 2091 1380 2150 Camaldulensium
1451 2135 1453 2160 ,

289 2164 402 2220 dictum
426 2163 566 2220 Officium
587 2183 716 2247 parvum
736 2169 770 2223 B.
788 2167 831 2223 M.
846 2168 895 2226 V..
910 2166 1013 2222 diebus
1032 2169 1062 2222 in
1081 2165 1189 2238 quibus
1208 2163 1309 2219 Choro
1323 2178 1379 2217 non
1452 2161 1453 2246 J

290 2235 406 2315 dicitur,
420 2235 528 2292 cotidie
550 2237 687 2308 privatim
710 2239 747 2293 ab
766 2254 950 2310 unoquoque
964 2238 1156 2310 persolvatur,
1182 2233 1379 2313 asupradicta

290 2307 423 2361 doctrina
441 2319 582 2379 perpetua
595 2308 716 2379 omissio
728 2309 1021 2365 commemorationis
1035 2309 1165 2365 eiusdem
1179 2308 1212 2362 Β.
1237 2307 1279 2362 M.
1299 2306 1336 2360 V.
1353 2320 1379 2357 tn
1450 2359 1451 2362 ,

291 2376 443 2448 Suffragiis
458 2390 647 2459 sequeretur,
669 2380 738 2434 hinc
753 2382 912 2453 quaeritur,
928 2398 966 2436 an
980 2378 1223 2436 commemoratio
1239 2379 1273 2432 Β.
1291 2378 1333 2431 M.
1346 2376 1378 2429 V.

289 2448 365 2505 inter
389 2447 543 2523 Suffragia,
567 2450 687 2523 quando
709 2454 817 2509 dicitur
842 2454 904 2509 eius
920 2452 1059 2509 Officium
1070 2467 1203 2526 parvum,
1220 2447 1378 2505 omittenda
1451 2488 1452 2495 .

290 2521 327 2576 sit
338 2531 399 2575 tam
411 2521 442 2576 in
455 2522 554 2577 Choro
565 2527 656 2594 quam
665 2538 746 2578 extra
757 2525 899 2593 Chorum,
911 2523 971 2581 sive
984 2524 1096 2581 dictum
1109 2521 1250 2578 Officium
1260 2535 1378 2594 parvum

289 2591 487 2664 coniungatur
510 2592 617 2649 Officio
638 2595 706 2663 diei,
731 2596 790 2651 sive
818 2595 973 2668 separatim
1000 2609 1051 2651 aut
1072 2594 1210 2667 privatim
1234 2592 1377 2659 recitetur,

288 2674 350 2719 tam
371 2664 474 2719 diebus
498 2665 606 2737 quibus
631 2665 662 2720 in
687 2667 788 2722 Choro
810 2666 995 2741 persolvitur,
1020 2684 1110 2739 quam
1134 2664 1191 2721 illis
1218 2663 1328 2737 quibus
1351 2661 1377 2715 in
1450 2724 1451 2731 ἵ

289 2736 394 2791 eodem
414 2736 580 2791 omittitur?
1071 2788 1074 2793 ,

326 2815 376 2871 lV.
397 2816 445 2869 An
466 2814 606 2871 lectiones
626 2817 652 2871 A
683 2816 802 2887 Mileto,
827 2834 902 2890 quae
922 2819 1061 2890 leguntur
1074 2816 1104 2871 in
1118 2815 1192 2872 lesto
1205 2814 1236 2869 S.
1249 2813 1378 2868 Thomas

290 2886 386 2959 Episc.
405 2887 492 2942 Mart.
506 2887 738 2943 considerandae
753 2888 880 2945 sinttam
902 2906 972 2944 uam
982 2887 1126 2962 propriae,
1138 2886 1184 2942 vel
1194 2882 1377 2941 solummodo

288 2958 457 3031 propositae
469 2975 505 3013 ex
517 2958 631 3014 defectu
647 2960 825 3016 Lectionum
835 2961 871 3016 de
882 2908 1051 3033 {criptural
1067 2960 1154 3027 Cum,
1169 2956 1200 3011 in
1215 2955 1275 3011 ritu
1285 2971 1378 3033 mona-

289 3028 372 3096 stica,
390 3028 530 3084 Officium
544 3028 619 3085 infra
633 3030 774 3087 Octavam
785 3032 953 3088 Nativitatis
964 3031 1081 3087 duobus
1093 3040 1206 3086 constet
1218 3029 1377 3083 Nocturnis

288 3111 317 3155 et
330 3099 423 3155 tribus
440 3100 630 3157 Lectionibus
644 3103 680 3158 de
699 3103 832 3158 Humilia
850 3104 881 3157 in
897 3102 1100 3175 Evangelium,
1116 3101 1192 3169 ideo,
1209 3107 1377 3155 occurrente

230 3228 235 3238 ,
290 3172 321 3226 S.
337 3171 454 3226 Thoma
467 3171 498 3226 in
516 3173 680 3239 Dominica‚
695 3174 718 3229 si
733 3174 867 3229 dicantur
883 3174 1036 3229 Lectiones
1050 3174 1076 3227 A
1093 3170 1211 3239 Mileto,
1226 3182 1299 3225 tunc
1312 3166 1376 3223 leria

292 3244 396 3297 11non
417 3242 537 3300 haberet
556 3244 655 3300 locum
677 3244 797 3299 initium
821 3246 970 3319 Epistolae
983 3245 1020 3300 ad
1035 3246 1194 3310 Romanos,
1217 3253 1251 3296 ut
1272 3241 1302 3296 in
1324 3239 1376 3293 ritu

199 3380 202 3387 Ι
290 3315 437 3382 Romano,
462 3316 511 3370 sed
531 3316 735 3387 reponendum
756 3316 810 3371 erit
833 3317 864 3372 in
886 3317 959 3372 festo
974 3318 1004 3372 S.
1019 3313 1161 3372 Silvestri.
1186 3314 1211 3369 E
1234 3324 1333 3368 contra
1355 3306 1375 3363 si
1447 3352 1448 3357 .

290 3384 445 3440 Lectiones
470 3388 495 3439 A
526 3386 634 3442 Mileto
662 3388 705 3442 uti
733 3388 868 3461 propriae
899 3404 961 3442 non
987 3387 1045 3443 sint
1072 3383 1300 3463 considerandae
1328 3396 1376 3454 pro

289 3456 546 3583 {icl'ahssrpipsippcrpc
560 3457 590 3512 in
605 3459 664 3513 ritu
678 3460 843 3515 monastico
858 3459 1023 3516 dicerentur
1036 3458 1072 3513 de
1094 3456 1244 3528 Scriptura
1258 3471 1289 3509 m
1301 3466 1376 3525 prae

324 3608 360 3662 V.
381 3611 428 3662 An
439 3608 540 3688 hymni
555 3608 585 3662 in
600 3607 706 3664 Officio
723 3608 1023 3665 Commemorationis
1040 3606 1187 3663 Passionis
1203 3606 1239 3660 D.
1254 3606 1291 3659 N.
1307 3603 1327 3656 l.
1342 3601 1373 3655 C.

288 3678 360 3733 etin
382 3678 488 3734 Officio
508 3679 609 3734 votivo
633 3680 780 3736 Passionis
801 3683 836 3736 D.
863 3682 901 3735 N.
922 3682 944 3735 l.
966 3679 1011 3747 C.,
1034 3677 1236 3735 deficientibus
1257 3688 1375 3747 proprus

288 3750 433 3823 Vesperis,
457 3750 515 3805 sint
536 3752 758 3823 transponendi,
773 3751 887 3825 etquid
908 3751 944 3807 sit
957 3751 1122 3806 faciendum
1144 3749 1175 3803 in
1189 3746 1300 3809 defectu
1318 3756 1375 3797 tam

288 3820 451 3892 primarum
464 3838 553 3893 quam
570 3825 765 3877 secundarum
779 3824 995 3896 Vesperaruml

324 3901 375 3955 Vl.
396 3902 443 3954 An
458 3899 489 3954 in
501 3900 638 3956 Ecclesiis
650 3902 894 3975 congregationis
908 3899 1142 3959 camaldulensis
1155 3900 1185 3955 in
1195 3892 1374 3972 processione

283 3970 377 4025 'seriae
390 3972 430 4025 Vl
456 3970 485 4025 in
501 3973 667 4040 Parasceve,
689 3975 851 4029 cantandus
875 3973 912 4029 sit
931 3973 1061 4045 hymnus
1088 3969 1212 4027 Vexilla
1234 3964 1326 4042 prouti
1346 3963 1374 4017 in

291 4042 437 4097 Breviario
453 4042 628 4109 Monastic0‚
653 4045 698 4101 vel
712 4056 746 4099 ut
768 4046 798 4101 in
822 4044 972 4104 Breviario
997 4046 1147 4099 Romano:
1165 4039 1281 4097 Missale
1298 4034 1374 4091 enim

290 4112 488 4169 Monasticum
503 4112 544 4167 nil
561 4113 639 4170 dicit.

316 4310 325 4344 ¹
341 4309 418 4356 ACTA
429 4309 457 4357 S.
470 4309 560 4367 Sums,
573 4313 593 4357 t.
607 4316 634 4357 38
645 4310 733 4369 (1905),
746 4323 773 4369 p.
788 4317 838 4357 103.
