2959 4900
91 307 177 389 [129]
189 332 211 366 s.
223 331 248 365 c.
260 331 326 367 Nan.
340 332 416 367 acci..
430 332 510 368 exre.
524 332 601 367 nasa.
613 337 626 368 a
637 332 699 367 aaa.
713 328 779 379 1906,
791 334 828 368 oie
836 334 953 369 carasco
965 335 1112 373 nnruriro
1125 313 1180 373 121

90 463 214 537 aliquod
245 463 375 521 adhiberi
406 464 659 535 commentarium,
693 466 774 537 quod
804 478 971 541 opportune
1001 468 1183 525 obscuriores

89 534 172 591 locos
184 535 321 605 illustret,
337 534 514 593 difficiliores
527 536 658 609 explicet.

126 620 192 676 XV.
208 620 331 675 Alumni
342 619 373 674 in
388 619 539 692 disciplina
553 619 670 688 biblica,
684 631 717 675 ut
737 620 769 676 in
783 621 885 677 ceteris
898 622 1068 696 theologiae,
1092 641 1183 697 quan·

88 702 154 744 tum
181 690 323 746 nimirum
341 707 357 747 e
376 691 493 747 scholae
523 690 769 765 praelectionibus
801 691 985 765 profecerint,
1018 694 1183 768 periculum

88 761 215 817 subeant
235 773 392 843 antequam
411 778 446 817 ex
464 779 524 819 una
543 762 573 817 in
594 762 682 818 aliani
706 763 828 820 classem
851 765 1016 836 promoveri
1042 778 1070 822 et
1095 768 1183 822 sacris

87 833 245 889 ordinibus
255 834 363 889 initiari
373 834 493 906 possim.

124 917 206 972 XVI.
223 916 368 973 Omnibus
391 918 422 972 in
435 916 600 973 Academiis
619 916 743 989 quisque
757 917 928 974 candidatus
951 920 988 974 ad
1002 920 1183 977 academicos

87 987 257 1058 theologiae
270 989 387 1061 gradus,
400 988 577 1060 quibusdam
598 988 634 1043 de
648 988 797 1061 Scriptura
809 990 1028 1061 quaestionibus
1042 991 1078 1047 ad
1093 990 1183 1049 intro

87 1058 256 1116 ductionem
278 1060 446 1116 historicam
460 1073 488 1116 et
499 1059 638 1124 criticam,
660 1058 789 1131 itemque
809 1061 846 1115 ad
858 1061 1003 1134 exegesim
1015 1063 1182 1143 pertinenti·

87 1129 153 1197 bus,
173 1131 383 1203 respondebit;
400 1143 487 1202 atque
510 1130 708 1205 experimento
731 1131 866 1204 probabit
880 1133 948 1187 satis
969 1150 1000 1189 se
1013 1146 1182 1205 interpreta-

86 1201 177 1271 tionis
189 1220 316 1273 gnarum
328 1220 362 1258 ac
374 1202 491 1259 hebraei
505 1201 647 1258 sermonis
662 1202 816 1275 graecique
829 1203 926 1259 biblici
940 1204 1090 1261 scientem.

122 1285 222 1341 XVII.
236 1285 382 1341 Hortandi
397 1298 482 1340 erunt
493 1284 659 1341 divinarum
674 1284 850 1341 Litterarum
862 1288 995 1356 studiosi,
1011 1302 1054 1358 ut,
1069 1302 1182 1363 praeter

86 1353 271 1429 interpretes,
294 1357 388 1412 bonos
403 1355 532 1412 lectitent
553 1368 695 1423 auctores,
710 1356 762 1427 qui
783 1356 820 1412 de
832 1358 920 1414 rebus
943 1376 1010 1414 cuni
1032 1361 1087 1416 hac
1099 1361 1182 1418 disci·

86 1425 169 1498 plina
183 1427 348 1483 coniunctis
362 1438 494 1496 tractant,
518 1439 551 1482 ut
568 1428 604 1481 de
618 1426 740 1483 historia
763 1428 916 1501 utriusque
930 1431 1121 1498 Testamenti,
1147 1433 1183 1488 de

86 1496 142 1552 vita
168 1498 278 1554 Christi
293 1498 421 1566 Domini,
445 1498 481 1554 de
502 1498 724 1571 Apostolorum,
748 1498 784 1554 de
803 1498 955 1557 itineribus
976 1515 1005 1558 et
1019 1504 1182 1575 peregrina-

86 1566 221 1625 tionibus
247 1569 512 1627 Palestinensibus:
541 1586 576 1625 ex
602 1569 709 1643 quibus
736 1569 820 1627 facile
845 1571 980 1628 locorum
1004 1590 1182 1648 morumque

87 1638 268 1696 biblicorum
281 1640 415 1697 notitiam
425 1640 576 1697 imbiberit.

120 1724 237 1780 XVIII.
252 1724 348 1779 Huius
358 1724 399 1780 rei
409 1722 509 1796 gratia,
522 1723 638 1778 dabitur
651 1740 704 1803 pro
715 1722 900 1781 facultatibus
913 1743 1011 1798 opera,
1023 1739 1057 1783 ut
1066 1728 1181 1785 modica

86 1793 264 1851 conficiatur
272 1795 308 1849 vin
319 1812 439 1867 quoque
449 1794 613 1850 Seminario
628 1793 814 1861 bibliotheca,
827 1796 877 1851 ubi
887 1798 1038 1854 volumina
1050 1799 1079 1854 id
1089 1816 1180 1872 genus

86 1865 221 1921 alumnis
233 1866 263 1920 in
273 1880 411 1939 promptu
427 1865 493 1922 sint.

121 1950 210 2006 Haec
221 1951 356 2005 volumus
369 1962 397 2005 et
409 1950 553 2017 iubemus,
576 1948 729 2003 contrariis
744 1949 893 2021 quibusvis
906 1968 968 2008 non
988 1954 1180 2014 obstantibus.

122 2035 237 2088 Datum
253 2035 372 2099 Romae,
388 2033 466 2102 apud
481 2034 510 2087 S.
525 2033 654 2097 Petrum,
671 2032 725 2087 sub
743 2033 834 2087 anulo
856 2035 1019 2105 piscatoris,
1040 2037 1087 2094 die
1105 2056 1183 2094 xxvii
1208 2099 1210 2104 ,

87 2104 188 2159 martii
204 2121 282 2159 anuo
296 2122 449 2173 unccccvi,
465 2102 660 2179 Pontificatus
675 2105 776 2159 Nostri
789 2105 884 2160 tertio.
965 2127 968 2132 ·

776 2188 811 2242 A.
834 2188 921 2245 Card.
943 2190 1074 2249 Maccui.

246 2463 342 2548 129.
366 2517 404 2526 -
428 2477 464 2546 s.
489 2477 524 2546 t.
550 2476 692 2548 aanor.
709 2444 884 2548 'eseias
909 2479 1026 2549 aira.

521 2651 762 2706 RESPONSUM

183 2807 240 2862 De
261 2818 408 2861 munere
428 2806 677 2877 deputatorum
696 2819 718 2862 a
736 2806 874 2863 clericis
893 2811 1094 2868 exercendo

125 2965 170 3018 Ex
182 2961 332 3017 audientia
343 2961 531 3029 Sanctissimi,
547 2963 593 3018 dle
608 2981 623 3017 2
637 2963 736 3033 aprilis
753 2967 832 3037 1906.

124 3045 302 3116 Quaesitum
321 3047 363 3102 est
382 3047 418 3101 ab
436 3045 491 3100 hac
504 3046 533 3101 S.
556 3047 790 3118 Congregatione
815 3047 947 3118 Negotiis
973 3049 1181 3107 Ecclesiasticis

92 3116 340 3174 Extraordinariis
350 3117 523 3190 praeposita,
538 3134 610 3172 num
624 3118 735 3174 clericis
746 3119 804 3174 sive
817 3118 1014 3175 saecularibus
1027 3120 1085 3176 sive
1097 3139 1180 3194 regu·

90 3189 200 3245 laribus
214 3188 244 3242 in
261 3189 354 3244 Gallia
366 3188 459 3254 liceat,
475 3188 505 3242 iii
517 3190 716 3260 praesentibus
729 3205 828 3244 reruni
842 3189 996 3268 qdiunctis,
1012 3191 1181 3249 candidatos

89 3278 118 3317 se
140 3262 241 3317 sistere
264 3260 295 3314 in
319 3259 459 3330 proximis
482 3259 672 3330 electionibus
692 3261 728 3315 ad
750 3262 962 3328 Deputatorum
986 3262 1112 3319 comitia.
1140 3266 1180 3320 Re

89 3331 177 3402 igitur
199 3347 252 3404 per
275 3347 322 3386 me
344 3330 559 3402 infrascriptum
579 3331 771 3387 Secretarium
790 3333 827 3386 ad
846 3333 949 3388 SSmum
969 3334 1003 3388 D.
1029 3335 1067 3390 N.
1093 3335 1180 3391 Pium

91 3405 149 3458 PP.
166 3403 194 3458 X
213 3402 317 3468 delata,
334 3401 476 3457 Sanctitas
501 3403 560 3458 Sua
578 3404 755 3472 respondere
767 3403 885 3475 dignata
899 3415 943 3459 est
955 3404 1058 3458 iisdem
1077 3405 1106 3459 id
1119 3424 1179 3462 non

89 3474 177 3553 licere
198 3475 309 3554 absque
331 3489 475 3528 consensu
498 3472 608 3547 proprii
635 3473 782 3529 Ordinarii
807 3475 863 3530 loci
889 3475 940 3531 ubi
960 3491 990 3530 se
1009 3477 1180 3534 candidatos

89 3560 189 3600 sistere
205 3556 337 3617 cupiunt.

125 3635 237 3687 Datum
262 3630 373 3683 Romae
400 3645 416 3683 e
443 3627 602 3683 Secretaria
625 3627 756 3684 eiusdem
783 3630 813 3684 S.
839 3629 1091 3703 Congregationis‚
1120 3632 1177 3703 die,

89 3718 191 3757 mense
204 3714 232 3755 et
243 3717 322 3754 anno
332 3699 493 3772 praedictis.

432 3783 451 3845 †
471 3778 590 3853 Petrus,
607 3781 748 3855 Archiep.
766 3782 980 3853 Caesariensis,
995 3786 1105 3843 Secret.

544 3925 719 3980 Annoririo

127 4055 243 4121 Postea,
257 4067 290 4108 ut
303 4053 426 4120 videtur,
440 4053 514 4109 aliae
532 4054 617 4109 datae
630 4065 697 4111 sunt
713 4053 838 4136 litterae,
850 4056 957 4128 quibus
971 4074 1107 4130 praesens
1121 4075 1178 4116 res·

1266 479 1325 526 XV.
1333 481 1400 529 Peri·

1237 534 1313 583 cuium
1356 539 1400 600 sa·

1237 594 1399 645 ciendumsei'·

1237 653 1400 716 mitaescrtp-

1238 711 1361 758 turisti'cae

1237 771 1364 826 antequam

1237 822 1313 871 aliam
1332 827 1400 875 adire

1237 882 1342 931 scholam
1366 887 1400 933 vel

1236 952 1318 988 saeros
1359 958 1397 991 or·

1215 995 1303 1045 dines
1325 1004 1397 1049 susci-

1232 1059 1285 1113 pere
1296 1061 1396 1159 frossm'

1265 1113 1291 1159 X
1317 1115 1341 1163 Ι.
1358 1118 1400 1165 Aa

1230 1169 1399 1296 {tibist

1235 1351 1399 1453 i

1232 1411 1399 1575 liiii}

1236 1572 1311 1621 dictio.

1235 1631 1262 1677 X
1269 1632 1345 1682 VIII.
1352 1637 1397 1684 Iu·

1235 1693 1369 1758 stauranda

1235 1747 1374 1855 bittit

1237 1862 1394 1915 alumnorum.

1265 1921 1380 1992 Praecep-

1237 1981 1395 2085 mina.

1265 2096 1325 2144 Dies
1334 2099 1373 2157 (27

1237 2159 1309 2201 mart.
1317 2157 1394 2215 1906).

1258 3101 1395 3160 Exponitur

1234 3161 1345 3217 quaestio.

89 4141 220 4196 ponsum
240 4125 269 4179 in
285 4126 449 4180 sacerdotes
462 4123 513 4196 qui
536 4125 566 4179 in
587 4124 680 4180 Gallia
704 4142 812 4182 munus
830 4129 908 4182 istud
926 4128 986 4183 iani
1007 4130 1179 4187 exercebant
1250 4190 1255 4200 ,

89 4213 151 4251 non
164 4196 401 4252 transferebatur.

475 4337 792 4346 ψ
