2959 4900
332 311 375 377 ss
796 334 977 371 nouunnura

308 451 402 585 n.
430 548 471 563 -
498 508 536 580 s
569 507 718 579 atruutt
752 490 1084 577 nonantulanus
1118 506 1185 590 (24
1207 504 1284 576 aar
1320 504 1404 593 rsus)

493 679 703 737 Responsa
721 678 777 734 DE
793 676 963 734 atrum
977 676 1116 733 NUPER
1131 677 1255 733 HDITO

428 815 572 875 ordinis
591 777 861 883 carmelitarum
880 812 1051 885 antiquae
1069 813 1322 873 observantiae

366 934 401 993 R.
432 936 466 993 P.
499 908 636 993 Simon1
666 933 849 1004 Bernardini‚
870 932 988 991 Ordinis
1016 932 1242 991 Carmelitarum
1271 934 1406 1009 Antiquae

112 997 232 1099 Dfffflf'
329 1006 548 1076 observantiae,
572 1007 729 1064 Sacrorum
757 1004 879 1087 Rituum
903 1004 1131 1130 Congrepationi
1154 1005 1307 1087 sequeutia
1330 1005 1406 1061 dubia

327 1076 494 1147 reformata,
506 1094 561 1150 pro
572 1089 742 1151 opportuna
753 1076 911 1145 solutione,
927 1076 1020 1131 humil
1034 1092 1092 1132 rme
1104 1087 1258 1150 exposuit:

258 1210 262 1218 .
365 1162 388 1216 l.
412 1162 459 1216 An
487 1160 559 1216 ritus
584 1159 730 1241 proprius,
758 1175 819 1239 quo
844 1158 1026 1239 Carmelitae·
1041 1157 1189 1239 Antiquae
1212 1159 1406 1217 observantiae

111 1207 274 1324 fimi?
326 1240 452 1291 utuntur
464 1230 495 1286 in
515 1231 709 1288 celebratione
723 1230 830 1310 Musae
848 1242 877 1285 et
895 1247 926 1286 tn
948 1228 1199 1311 administratione
1218 1232 1407 1289 Sacramenta

110 1323 245 1381 ,2prss
326 1318 398 1383 rum,
412 1316 441 1359 et
462 1302 739 1383 Sacramentaliumss
753 1301 922 1359 retmendus
939 1312 976 1383 sit
994 1301 1038 1382 ab·
1050 1302 1189 1360 omnibus
1210 1302 1361 1383 Religiosis
1377 1303 1406 1359 ad

109 1380 184 1483 {m
196 1380 271 1429 aisn-
327 1372 469 1430 Ordinem
482 1373 706 1500 &pauentibus
720 1389 756 1429 ns
770 1390 832 1431 non
841 1384 969 1446 exceptis
988 1390 1039 1445 qui
1058 1372 1096 1429 ad
1112 1374 1265 1430 Paroecras
1277 1374 1406 1447 regendas

186 1475 191 1483 ·
326 1456 516 1502 assumuntur

569 1503 575 1513 ι

138 1566 159 1610 A
164 1580 179 1610 n
187 1561 243 1625 defi·
364 1529 402 1585 ll.
417 1529 465 1584 An
478 1528 514 1585 sit
528 1528 725 1611 improbanda
738 1528 835 1610 praxis
849 1539 965 1601 recepta
977 1527 1008 1582 in
1024 1527 1156 1602 Liturgia
1169 1528 1365 1598 Carmelitica,
1381 1539 1406 1583 ut

109 1624 261 1670 mmm
346 1616 402 1655 uae
424 1599 535 1658 formae
556 1616 590 1657 ac
612 1616 790 1658 cerimoniae
836 1615 870 1655 ro
893 1615 954 1655 uno
971 1599 1018 1669 vel
1043 1600 1136 1657 altero
1154 1600 1346 1657 Sacramento
1371 1599 1405 1655 vel

109 1680 256 1740 supportav-
365 1670 536 1734 eramentali
550 1671 671 1727 deerant
683 1671 714 1726 in
731 1670 791 1727 ritu
833 1669 924 1726 rdinis
938 1670 1088 1744 peculiari,
1102 1688 1138 1730 ex
1159 1670 1269 1728 Rituali
1284 1673 1405 1727 Romano

109 1742 236 1786 tenuaret
326 1742 568 1798 desumerentur?

109 1795 203 1901 §mli
212 1796 260 1845 R⁰'
363 1826 417 1882 lll.
434 1826 471 1881 Et
483 1838 629 1898 quatenus
647 1821 819 1881 affirmative
833 1824 871 1879 ad
885 1826 908 1879 l.
922 1834 951 1879 et
963 1806 1105 1897 Negative
1118 1824 1154 1881 ad
1169 1826 1208 1881 ll.
1223 1826 1272 1880 An
1287 1824 1318 1881 in
1329 1823 1404 1881 facul·

136 1939 163 1985 N
212 1940 251 1987 a.
325 1907 385 1951 tate
394 1896 431 1953 sit
444 1896 553 1953 Prioris
567 1895 717 1956 Generalis
731 1895 852 1951 Ordinis
864 1895 1091 1951 Carmelitarum
1102 1896 1204 1970 Antiq.
1220 1896 1342 1953 Observ.
1355 1908 1405 1951 tam

105 1954 261 2055 potemini
325 1966 398 2025 ritus
411 1968 572 2043 peculiares
585 1967 705 2023 Ordinis
719 1984 810 2041 quam
828 1966 944 2039 eosqui
959 1983 994 2023 ex
1009 1966 1119 2024 Rituali
1133 1968 1269 2023 Romano
1281 1967 1405 2050 suppleu-

108 2055 144 2099 aee
153 2069 169 2101 a
179 2056 253 2104 am.
325 2050 383 2107 tur‚
397 2039 429 2094 in
441 2057 536 2096 unum
548 2040 689 2095 volumen
702 2038 842 2119 colligere
855 2039 909 2095 sub
922 2037 1008 2094 titulo
1018 2059 1034 2091 a
1044 2038 1176 2094 Ritualis
1188 2038 1374 2095 Carmeimci
1382 2058 1402 2103 r,

109 2112 167 2159 rati.
326 2118 355 2165 et
368 2110 508 2169 omnibus
521 2111 582 2167 suis
596 2109 718 2166 subditis
731 2110 820 2165 huius
835 2109 959 2166 Ritualis
971 2110 1186 2165 observantiam
1198 2107 1401 2184 praescribere?
1449 2162 1450 2179 p

362 2193 449 2250 Sacra
458 2210 549 2267 porro
561 2193 683 2249 Rituum
690 2192 898 2265 Congregatio,
910 2192 941 2248 in
951 2192 1090 2265 peculiari
1097 2193 1190 2249 Coetu
1200 2191 1237 2247 ad
1243 2192 1405 2248 Vaticanum

138 2253 219 2321 ⁶0²²&
233 2258 270 2312 pe-
325 2263 437 2333 habito‚
457 2265 505 2319 die
526 2266 558 2320 16
576 2264 713 2321 vertentis
732 2265 841 2321 mensis
860 2263 940 2332 maii,
961 2278 1015 2334 pro
1038 2276 1146 2319 onente
1165 2264 1226 2319 Eme
1238 2276 1268 2319 et
1285 2262 1349 2320 Rmo
1362 2262 1403 2319 pm

108 2310 248 2358 cultarum
326 2334 474 2391 Cardinali
486 2335 643 2391 Vincentio
655 2334 827 2391 Vannutelli
842 2334 929 2407 Episc
1001 2333 1205 2401 «raenestina
1226 2345 1255 2390 et
1269 2336 1402 2399 Relatore,
1447 2386 1448 2391 ,

109 2381 168 2415 Μ’
178 2382 221 2427 1⁹⁰
222 2373 246 2416 5‘
324 2405 426 2467 audito
445 2405 534 2464 ctiam
558 2408 592 2463 R.
619 2408 651 2463 P.
677 2408 712 2464 D.
738 2406 907 2487 Alexandri)
930 2350 1038 2477 ileorde,
1065 2407 1096 2462 S.
1123 2405 1204 2463 Fidei
1230 2407 1402 2472 Promotum,
1448 2475 1449 2484 ἵ

112 2511 270 2563 „mm
325 2479 521 2552 omnibusque
535 2479 637 2535 sedulo
650 2478 801 2551 perpensis
814 2477 1035 2534 rescribendum
1048 2477 1179 2535 censuit:

138 2590 213 2640 ΑΗ,
360 2562 407 2618 Ad
427 2565 451 2618 l.
470 2560 672 2637 Affirmative.

137 2669 230 2722 Anu,
360 2646 407 2701 Ad
427 2647 466 2702 ΙΙ.
484 2645 644 2720 Negative.

136 2756 178 2802 Ad
187 2757 243 2807 ιη,
360 2730 406 2784 Ad
427 2731 481 2784 ΙΙΙ.
500 2728 703 2804 Affirmative.

137 2840 269 2900 Confirmet.
361 2814 441 2881 Quas
458 2812 652 2868 resolutiones
671 2810 863 2868 sanctissimo
885 2811 1016 2868 Domino
1029 2813 1137 2868 Nostro
1153 2811 1207 2866 Pio
1223 2813 1357 2938 Papan
1374 2810 1403 2865 ab

109 2900 263 2948 noSancas-
324 2883 507 2956 infrascripto
527 2883 675 2938 Cardinali
695 2883 854 2938 Sacrorum
874 2883 997 2939 Rituum
1016 2882 1245 2956 Congregationi
1284 2885 1403 2939 roPrae

108 2958 175 3002 sim.
323 2955 397 3011 fecto
410 2955 526 3017 relatas.
542 2954 685 3010 Sanctitas
705 2955 765 3009 Sua
784 2965 860 3010 ratas
874 2954 982 3010 habere
996 2966 1024 3010 et
1038 2952 1214 3011 confirmare
1228 2954 1345 3028 dignata
1357 2963 1409 3010 est.-

137 3035 196 3081 Dies
206 3038 247 3094 (²4
326 3027 379 3083 Die
391 3045 425 3096 24
434 3026 504 3082 maii
518 3027 597 3099 1905.
1345 3067 1350 3082 .

109 3095 171 3139 marr·
179 3096 258 3152 1905).
801 3097 838 3151 A.
859 3096 945 3152 Card.
965 3113 1093 3166 rammi,
1114 3095 1372 3162 Pro-Praefectus.
1446 3135 1447 3140 κ

741 3179 781 3236 D.
802 3179 922 3249 Punici,
943 3179 1087 3253 Archiep.
1108 3179 1283 3250 Laodicea,
1302 3179 1401 3235 Secret.

753 3289 982 3356 Avuoriirroues

359 3427 381 3462 1.
404 3409 467 3462 lam
479 3425 514 3463 ex
533 3408 713 3482 ipsa-forma
734 3407 853 3482 speciali
868 3426 926 3480 qua
948 3425 1087 3481 responsa
1106 3409 1160 3464 ista
1181 3421 1249 3464 sunt
1270 3409 1400 3476 confecta,

320 3479 496 3552 perspicitur
508 3479 655 3552 singulare
677 3479 787 3552 negotii
801 3481 881 3552 quod
904 3480 1044 3561 agebatur
1058 3493 1253 3536 momentum.
1270 3482 1303 3535 ln
1325 3490 1400 3536 coetu

320 3551 399 3605 enim
412 3550 552 3622 peculiari
567 3562 595 3605 et
608 3568 660 3624 per
674 3550 830 3607 relatorem
845 3551 1032 3606 Cardrnalem
1046 3551 1178 3607 instituta
1189 3563 1232 3606 est
1245 3551 1287 3608 rei
1303 3551 1400 3607 delibe

320 3621 405 3680 ratio.
430 3622 624 3690 Quaestiones
646 3639 681 3678 ea
704 3623 819 3679 ratione
843 3635 912 3678 sunt
935 3622 1047 3695 positae
1071 3639 1147 3695 quae
1176 3623 1281 3678 Sacrae
1303 3621 1400 3695 placuit

321 3693 557 3765 Congregationi.
567 3693 675 3749 Orator
685 3694 766 3750 enim
776 3692 931 3767 profitetur
942 3711 973 3750 se
982 3693 1071 3750 dubia
1081 3709 1226 3766 exponere
1235 3693 1397 3767 reformata,

319 3763 427 3819 scilicet
441 3782 457 3818 a
471 3764 500 3819 S.
515 3764 763 3836 congregatione.
783 3764 927 3837 Denique,
941 3776 1043 3821 contra
1056 3782 1090 3820 ac
1099 3763 1162 3821 fieri
1177 3764 1334 3837 consuevit,
1347 3781 1399 3820 non
1444 3785 1445 3794 ¹

318 3846 387 3916 ante
398 3847 468 3890 sunt
479 3851 620 3906 responsa
635 3835 712 3891 edita
725 3853 816 3908 quam
836 3836 951 3893 Summi
967 3835 1117 3892 Pontificis
1130 3835 1292 3892 rettulerint
1303 3835 1399 3892 confir-
1444 3799 1445 3887 l

318 3917 487 3964 mationem.

352 3979 416 4050 Age
438 3994 519 4048 vero,
542 3991 689 4051 quantum
715 3978 881 4034 interluerit
896 3978 985 4036 dubia
1005 3978 1059 4035 ista
1080 3989 1214 4035 accurate
1236 3977 1303 4034 solvi
1324 3975 1398 4033 facile
1443 4025 1444 4042 ,

350 4172 358 4206 1
374 4171 583 4219 Monumentum
594 4171 690 4219 damus
700 4175 730 4218 ut
740 4169 858 4220 babetur
868 4170 897 4219 in
907 4173 997 4220 Anac.
1006 4172 1086 4228 Ecca.
1099 4185 1127 4232 p.
1140 4176 1189 4230 459.
1199 4167 1323 4218 correctis
1331 4181 1395 4216 man·

319 4235 445 4350 (inilsnrpluglapla1
448 4250 480 4349 g.
493 4244 536 4286 286
547 4235 620 4285 idem
634 4235 791 4298 periodicas
801 4235 911 4286 libellus
922 4237 956 4285 ab
969 4239 1047 4286 Acri
1064 4238 1093 4286 S.
1106 4238 1187 4286 Sanus
1202 4236 1296 4284 fatetur
1310 4245 1396 4282 sensae
1442 4311 1443 4320 ἵ
