2959 4900
312 312 353 374 84
740 334 876 383 quaestus
891 335 975 371 vnum

312 465 485 554 quaedam
511 464 695 534 videantur
724 466 890 557 deinceps
917 466 1062 536 fortasse
1089 467 1317 554 temperanda
1340 466 1383 532 vel

313 552 530 641 corrigenda,
548 576 611 623 sua
627 568 744 624 tamen
761 570 825 624 stat
842 556 934 624 mole
954 555 1182 625 Pontificium
1206 554 1383 622 decretum.

360 667 390 710 2.
402 642 591 711 Obiectum
603 659 719 713 autem
732 644 970 714 dirimendum
982 643 1383 732 clarissimeproponitur.

315 731 461 807 Mandat
478 729 514 800 S.
536 731 697 802 Pontifex
712 749 751 801 ut
763 735 915 803 diluatur
927 733 1086 822 quaestio
1102 734 1146 801 de
1160 732 1384 821 dispositioni·

313 820 380 888 bus
411 821 454 889 ad
487 818 553 890 SS.
589 822 845 892 Eucharistiam
876 821 1110 912 recipiendam
1146 822 1333 911 requisitis,
1360 833 1387 887 et

313 909 420 1013 simul
436 908 680 1011 'disciplinares
703 926 896 981 statuantur
919 913 1059 1003 regulae
1075 932 1165 1002 quae
1180 910 1238 980 isti
1255 913 1385 979 declara·

313 1013 401 1067 ttonr
417 1013 487 1066 srnt
502 1019 689 1088 congruae.

361 1086 458 1155 Hinc
480 1092 578 1177 quasi
602 1088 690 1158 duas
715 1106 829 1180 partes
856 1110 1034 1159 secernere
1060 1089 1139 1158 licet
1171 1090 1208 1157 in
1230 1090 1384 1157 decreto:

315 1179 485 1245 moralem
501 1177 656 1255 alteram,
675 1179 819 1247 alteram
835 1179 1106 1270 disciplinarem.

360 1266 392 1333 3.
422 1265 475 1333 De
497 1280 594 1355 parte
617 1268 753 1337 morali.
783 1268 835 1335 Ex
862 1267 1081 1339 documentis
1104 1266 1294 1357 pontificiis
1317 1266 1386 1334 haec

315 1353 520 1423 haurimus:

359 1448 393 1529 a)
410 1443 519 1512 lama
547 1445 660 1532 primo
683 1444 785 1514 initio
808 1446 1021 1536 principium
1049 1446 1148 1537 ponit
1170 1444 1387 1513 severioribus
1455 1454 1456 1457 ’

315 1532 542 1624 opinionibus
565 1535 791 1622 contrarium,
810 1536 896 1605 dum
919 1558 956 1605 n.
985 1536 1021 1603 ΙΙ
1041 1536 1204 1627 gravibus
1219 1535 1332 1603 verbis
1346 1534 1387 1601 in·

309 1623 425 1691 sulcat
440 1623 540 1709 illud,
565 1624 674 1711 quod,
700 1646 774 1693 non
790 1639 931 1715 excepto
954 1630 1117 1694 omnium
1140 1624 1385 1715 augustissimo,

319 1739 333 1775 n
370 1710 591 1781 Sacramenta
626 1727 707 1781 sunt
730 1729 871 1804 propter
894 1715 1069 1785 homines.
1106 1741 1120 1778 n
1156 1714 1271 1803 Magis
1293 1732 1387 1802 quam

316 1802 430 1870 honor
456 1801 615 1887 Domini,
641 1818 704 1882 est,
729 1808 768 1871 in
791 1806 991 1892 sumptione
1017 1804 1265 1883 Eucharistiae,
1292 1803 1387 1869 robur

315 1891 557 1980 quaerendum
579 1906 613 1959 et
629 1892 812 1962 medicina.
842 1895 918 1962 Nec
940 1910 1013 1963 tam
1036 1914 1168 1961 merces
1190 1905 1241 1959 est
1257 1904 1289 1959 et
1304 1910 1386 1979 prae

315 1980 429 2049 mium
445 2002 552 2070 quam
572 2007 586 2045 a
604 1981 800 2050 antidotum
826 2004 899 2071 quo
921 1982 1110 2051 liberemur
1136 2004 1156 2050 a
1182 1980 1292 2069 culpis
1315 1979 1385 2046 coti·

316 2069 429 2138 dianis
444 2085 478 2138 et
493 2092 513 2138 a
527 2070 675 2159 peccatis
687 2072 893 2140 mortalibus
905 2091 1177 2160 praeservemur.
1196 2095 1208 2133 t
1225 2068 1383 2158 (Trident.

316 2180 345 2227 s.
363 2158 475 2244 Xlll,
494 2180 522 2225 c.
544 2164 592 2244 2.)

359 2248 397 2333 b)
422 2247 591 2333 Quaestio
622 2247 664 2314 de
696 2248 984 2337 dispositionibus
1006 2248 1181 2338 requisitis
1205 2249 1246 2315 ad
1275 2245 1385 2315 cotidie

316 2337 653 2406 communicandum
679 2338 916 2428 inopportuna
939 2354 1081 2429 apparet
1107 2353 1178 2406 tam
1195 2359 1234 2405 ex
1250 2338 1383 2427 origine,

317 2446 408 2516 quae
422 2447 497 2496 esse
513 2427 638 2497 dicitur
665 2428 867 2497 imminutio
890 2429 1025 2518 pietatis
1048 2444 1080 2496 et
1096 2426 1295 2496 ianseniana
1310 2430 1383 2505 lues,

318 2537 423 2604 quam
440 2538 479 2584 ex
495 2518 617 2586 effectu
641 2519 871 2608 elongationis
886 2541 905 2586 a
921 2539 1016 2587 sacra
1032 2539 1164 2586 mensa.
1183 2518 1275 2604 (Ill,
1304 2540 1329 2602 t,
1346 2515 1384 2598 3.)

362 2603 477 2674 Simul
493 2622 610 2675 tamen
626 2608 791 2676 indirecte
804 2609 947 2676 solvitur
963 2609 1134 2697 quaestio,
1152 2608 1238 2674 dum
1251 2605 1383 2695 'proban-

317 2713 372 2760 tur
398 2696 523 2784 placita
553 2717 675 2765 eorum
707 2697 767 2786 qui
797 2697 978 2781 docebant,
1016 2724 1029 2761 l
1055 2698 1194 2765 nullum
1227 2695 1383 2763 Ecclesiae

317 2798 538 2873 praeceptum
562 2806 635 2853 esse
658 2786 748 2854 circa
772 2787 919 2855 maiores
942 2787 1185 2875 dispositiones
1200 2784 1242 2852 ad
1259 2784 1382 2853 cotidia-

316 2894 399 2940 nam
423 2895 529 2962 quam
546 2874 588 2943 ad
606 2874 913 2944 hebdomadariam
936 2891 995 2944 aut
1011 2890 1227 2945 menstruam
1243 2892 1383 2961 commu·

317 2962 473 3030 nionem.
495 2989 508 3026 n
529 2963 620 3050 (ΙΙΙ,
640 2963 689 3049 3.)

361 3057 393 3136 c)
418 3052 655 3121 Confirmatur
666 3053 865 3142 reprobatio
877 3054 948 3123 iam
964 3069 1043 3122 ante
1059 3055 1146 3122 iacta
1163 3053 1288 3120 erroris
1303 3070 1382 3140 pror·

317 3163 376 3208 sus
399 3143 574 3229 contrarii,
599 3144 827 3211 asserentium
849 3144 1008 3231 divinum
1033 3155 1254 3232 praeceptum
1277 3142 1319 3209 de
1339 3159 1382 3206 su·

317 3231 443 3387 rrqurltda
460 3233 586 3300 cotidie
605 3232 834 3319 Eucharistia,
853 3233 958 3301 etiam
970 3233 1054 3301 feria
1068 3233 1131 3320 Vl,
1146 3232 1184 3300 in
1199 3233 1381 3299 Parasceve.

317 3323 330 3403 Ι
400 3325 477 3406 ,1.)
1241 3353 1244 3358 ⁵

361 3409 397 3489 d)
424 3410 621 3479 Declaratur
654 3425 745 3480 recta
775 3432 888 3496 mens,
921 3413 963 3480 ad
997 3433 1102 3480 usum
1135 3408 1383 3479 eucharisticum

318 3500 519 3568 necessaria.
542 3498 689 3570 Summa
704 3515 767 3588 est,
797 3515 835 3568 ut
858 3501 939 3568 finis
962 3500 1234 3590 supernaturalis
1260 3499 1383 3567 inducat

316 3589 359 3655 ad
375 3591 721 3658 communicandum.

365 3678 446 3744 Duo
472 3680 578 3747 simul
593 3679 682 3747 fines
698 3679 843 3747 humani
866 3701 905 3747 ac
921 3679 1093 3748 naturales
1108 3679 1291 3748 traduntur
1306 3691 1340 3743 ut
1350 3671 1383 3740 ab

316 3768 371 3834 his
398 3783 554 3836 caveatur
574 3795 581 3836 :
601 3791 697 3856 usus,
726 3769 762 3836 id
790 3787 840 3837 est
867 3785 1041 3856 respectus
1065 3769 1210 3857 quidam
1225 3769 1384 3862 humanus

317 3878 389 3945 quo
404 3857 484 3925 ideo
501 3860 672 3929 movearis
688 3860 730 3926 ad
755 3880 887 3926 sacram
914 3859 1041 3946 dapem
1068 3856 1289 3940 sumendam,
1317 3871 1384 3942 quta

309 3948 373 4028 alii
389 3946 424 4013 id
441 3947 581 4031 faciunt,
601 3949 683 4036 quia
706 3949 752 4016 ita
768 3948 832 4016 fert
855 3951 982 4015 domus
998 3947 1230 4034 consuetud03
1250 3944 1383 4022 vanitas,

315 4057 384 4123 qua
408 4039 483 4104 laus
499 4039 687 4125 quaeritur,
711 4037 803 4105 fama
827 4037 1032 4125 devotionis,
1059 4037 1206 4125 pietatis.
1232 4040 1263 4102 A
1285 4037 1384 4124 priore

315 4125 462 4211 defectu,
481 4148 542 4194 seu
565 4128 727 4195 servitute
754 4126 969 4215 imitationis,
989 4126 1190 4214 praesertim
1206 4121 1383 4193 cavendum

315 4230 365 4280 est
380 4215 418 4280 in
433 4217 696 4284 conservatoriis
722 4232 755 4283 et
782 4215 947 4283 domibus
974 4215 1034 4283 ubi
1062 4215 1290 4283 instituuntur
1314 4209 1381 4278 adu·

317 4305 523 4372 lescentulae
535 4319 568 4372 et
582 4307 729 4394 puellae.
