2959 4900
131 1169 229 1216 Orator.

128 1401 229 1446 nabla.

134 1481 178 1527 Vis
190 1479 261 1528 decre·

103 1539 122 1584 ti
131 1538 159 1586 C.
169 1539 261 1597 Capta·

102 1610 131 1642 va
143 1597 169 1644 ia
184 1600 260 1655 regio.-

102 1654 170 1700 nt'ltus
181 1659 261 1714 postea

101 1713 208 1759 subiectis
266 1739 273 1752 .

102 1770 206 1821 Gattta.

96 2009 99 2018 '
130 2012 268 2072 Obligatio⁰

97 2071 244 2128 persalvatdi

101 2127 208 2186 Officium

99 2186 240 2252 Dedicatt'o·

100 2257 149 2292 ms.

128 2397 201 2458 Quid,
212 2413 263 2447 tam

101 2455 262 2509 festumamit-

101 2518 166 2559 tatur
175 2518 200 2561 t'n
206 2521 263 2574 pto-

99 2573 156 2629 pria
165 2574 243 2621 caten·

100 2628 181 2679 datio.

125 2775 262 2829 Rescrip-

99 2829 172 2874 tam.

128 3008 203 3056 Adl.

772 449 953 488 MONUMENTA

353 607 418 690 61.
444 656 483 665 —
506 616 539 688 S.
564 619 705 691 attuult
727 620 1065 696 coteneeattottts
1087 627 1109 708 (Ι
1131 626 1248 713 aprilis
1271 615 1364 708 19⁰5}

315 809 370 864 DE
390 809 518 865 Fasro
540 810 829 868 nantcartotvrs
847 812 1136 873 Bcctastattttra
1151 819 1199 874 ΙΝ
1222 817 1395 874 (ἱΑΙ.Ι.ΙΑ1

626 977 938 1038 Misslonarioram
965 979 1108 1040 Africae

353 1148 522 1204 Hodiernus
532 1147 703 1205 Moderator
714 1149 864 1206 Generalis
878 1151 1034 1210 Societatis
1055 1145 1086 1209 M
1089 1153 1317 1212 issionariorum
1330 1155 1397 1212 Afri·

314 1235 365 1276 cae
388 1213 491 1287 (Perea
505 1219 628 1291 Blancs)
654 1223 812 1276 Sacrorum
836 1221 958 1280 Rituum
986 1225 1217 1298 congregationi
1248 1227 1397 1299 sequentia

315 1291 405 1347 dubia
416 1290 612 1372 circatestum
629 1291 827 1350 Dedicationis
840 1312 895 1369 pro
907 1309 1078 1371 opportuna
1091 1298 1240 1354 solutione
1253 1297 1398 1355 humiliter

315 1374 457 1435 exposuit,
472 1380 634 1418 nimirum:

353 1456 375 1510 1.
393 1455 502 1510 Utrum
516 1453 656 1526 obligatio
669 1456 835 1513 celebrandi
847 1457 954 1519 sestam
971 1459 1170 1517 Dedicationis
1193 1460 1397 1524 Ecclesiarum

318 1525 471 1583 Dominica
485 1539 550 1599 post
563 1526 705 1583 Octavam
718 1528 863 1585 Omnium
878 1532 1066 1599 Sanctorum,
1083 1549 1135 1605 per
1157 1535 1319 1590 Decretum
1338 1534 1398 1588 Car-

315 1594 420 1654 dinalis
430 1599 557 1670 Caprara
573 1598 709 1674 imposita
722 1600 856 1656 omnibus
871 1602 1014 1660 Ecclesiis
1031 1603 1212 1673 Gallicanis,
1230 1605 1399 1661 extendatur

315 1671 352 1724 ad
366 1686 470 1728 omnes
483 1669 617 1743 regiones
630 1672 758 1728 decursu
768 1674 909 1746 temporIs
923 1674 1034 1731 Galliae
1044 1677 1197 1750 subjectas,
1208 1694 1271 1746 v.g.
1283 1677 1396 1744 Sahara,

317 1741 446 1805 Soudan.
467 1741 529 1798 sine
542 1742 603 1798 ulla
625 1743 741 1816 praevia
755 1746 942 1804 concessione
962 1747 1087 1804 Sanctae
1114 1749 1197 1805 Sedis
1210 1749 1255 1804 vel
1270 1765 1398 1822 expressa

316 1813 512 1870 declaratione
538 1814 662 1871 Praelati
684 1815 881 1888 ecclesiastici,
903 1819 962 1876 sive
984 1819 1025 1876 ibi
1049 1821 1107 1876 sint
1135 1819 1286 1894 Ecclesiae
1305 1837 1397 1877 conse·

316 1899 421 1956 cratae,
437 1885 496 1942 sive
510 1899 626 1942 tantum
639 1888 820 1945 benedictae.

354 1983 392 2037 ll.
409 1981 518 2036 Utrum
530 1980 671 2052 obligatio
685 1982 869 2046 persolvendi
892 1981 1032 2040 Officium
1058 1983 1266 2052 Dedicationis,
1292 1986 1329 2041 de
1348 2001 1398 2057 qua

317 2054 411 2124 agitur
423 2052 454 2106 in
464 2050 581 2110 decreto
595 2070 624 2109 n.
637 2053 706 2124 3752
718 2053 890 2122 Vicariatas
902 2056 927 2109 A
929 2055 1069 2129 postolici
1081 2055 1304 2131 Senegambiae
1318 2056 1396 2111 ²d.d.

318 2127 352 2181 28
366 2124 534 2182 novembris
558 2125 634 2197 1891,
659 2141 714 2199 pro
729 2125 924 2188 Missionariis
947 2127 1016 2183 dicti
1036 2127 1211 2194 Vicariatus‚
1232 2131 1397 2184 extendatur

318 2197 454 2253 etiamad
469 2212 518 2252 eos
532 2196 735 2252 Missionarios
749 2199 800 2270 qui
815 2194 996 2255 Calendario'
1004 2200 1124 2274 proprio
1134 2201 1274 2274 gaudent,
1288 2201 1397 2257 diverso

318 2270 454 2326 sciliceta
467 2269 641 2324 Calendario
654 2268 832 2339 Vicariatus,
850 2271 894 2326 vel
912 2271 1097 2343 Dioeceseos.

355 2364 410 2417 lll.
435 2363 472 2417 Et
493 2371 637 2431 quatenus
663 2361 824 2433 Negative,
848 2374 949 2417 utrum
974 2377 1073 2419 tamen
1099 2363 1144 2419 isti
1169 2362 1353 2420 Missionarii
1373 2361 1398 2415 in

319 2433 444 2492 dioecesi
457 2434 509 2490 ubi
522 2432 628 2489 festum
647 2431 810 2489 celebratur
832 2449 1060 2499 commorantes
1076 2435 1106 2491 in
1127 2435 1268 2493 Oratorio
1284 2434 1397 2509 proprio

321 2506 546 2581 (semipublico),
569 2517 649 2560 extra
663 2504 810 2561 civitatem
832 2507 940 2580 posit0,
956 2509 1102 2565 celebrare
1116 2509 1242 2564 debeant
1254 2506 1398 2565 sollemni-

319 2592 408 2635 tatem
431 2576 627 2633 Dedicationis
641 2578 671 2631 in
694 2577 821 2651 praefata
841 2580 1009 2648 Dominica,
1035 2596 1070 2636 ex
1084 2598 1120 2635 eo
1142 2580 1221 2653 quod
1242 2580 1327 2637 nulla
1345 2579 1397 2635 dies

321 2668 373 2725 pro
384 2650 435 2706 tali
448 2650 520 2705 festo
533 2649 564 2704 in
576 2650 750 2705 Calendario
764 2650 917 2707 Societatis
931 2651 1108 2725 designatur.

357 2746 394 2800 Et
407 2744 492 2797 Sacra
506 2743 607 2797 eadem
621 2742 825 2813 Congregatio,
841 2744 877 2798 ad
887 2742 1058 2799 relationem
1071 2743 1226 2817 subscripti
1238 2741 1396 2809 Secretarii,

319 2814 465 2890 exquisito
478 2828 547 2869 voto
561 2813 785 2869 Commissionis
807 2814 983 2891 Liturgicae,
1012 2832 1101 2889 reque
1128 2814 1230 2871 sedulo
1249 2832 1396 2890 perpensa,

319 2886 536 2945 rescribendum
550 2884 681 2941 censuit:

354 2980 400 3035 Ad
416 2981 438 3033 Ι.
452 2980 477 3033 A
477 2976 652 3052 ffirmative,
669 2977 757 3031 iaxta
769 2975 929 3033 Decretum
944 2977 1118 3034 Cardinalis
1137 2977 1251 3052 Legati
1264 2982 1397 3053 Caprara

314 3070 372 3125 pro
388 3049 560 3105 reductione
571 3049 714 3113 festorum
730 3048 759 3103 d.
774 3048 802 3103 d.
824 3065 841 3115 o
855 3050 962 3122 aprilis
981 3053 1050 3106 [802
1067 3061 1096 3105 et
1109 3050 1236 3106 alterum
1254 3048 1398 3106 Generale

317 3124 348 3179 S.
366 3124 405 3178 Κῷ
416 3125 447 3179 C.
463 3140 491 3175 u,
505 3121 578 3176 3863
591 3118 804 3175 Celebrationis
820 3121 974 3176 Festorum
985 3119 1105 3177 Patroni
1119 3121 1186 3191 loci,
1204 3120 1398 3178 Dedicationis

316 3194 454 3251 acTituli
469 3193 614 3248 Ecclesiae
628 3208 646 3261 9
660 3191 728 3245 iulii
741 3194 811 3262 1'894
826 3191 866 3247 ad
875 3192 934 3248 III.

351 3279 406 3333 Ad.
427 3280 465 3332 ll.
481 3278 506 3330 A
506 3275 681 3351 ffirmative,
708 3275 768 3330 nisi
790 3275 934 3331 indultum
962 3277 1108 3332 obtentum
1130 3276 1225 3350 suerit
1249 3294 1268 3333 a
1291 3278 1397 3333 Sancta

315 3350 391 3406 Sede
416 3348 588 3404 celebrandi
609 3347 862 3402 Anniversarium
901 3348 1105 3405 Dedicationis
1133 3348 1267 3404 amnium
1303 3347 1397 3405 Eccle-

314 3422 428 3477 siarum
445 3420 568 3476 Ordinis
582 3421 644 3474 sive
656 3419 814 3475 Societatis
832 3420 880 3475 die
904 3420 1023 3476 dz'versa
1050 3421 1087 3476 ab
1101 3420 1155 3475 illa
1172 3422 1212 3484 in¹
1225 3437 1285 3493 qua
1299 3421 1397 3478 clerus

313 3493 480 3549 saecularis
502 3490 634 3548 celebrat
655 3490 882 3547 Dedicationem
912 3492 1045 3547 omnium
1065 3492 1283 3558 Ecclesiarum,
1316 3494 1396 3547 iuxta

315 3565 474 3621 Decretum
499 3582 527 3619 a.
550 3564 621 3618 esar
644 3562 763 3618 Ordinis
788 3562 940 3619 Minorum
967 3564 1203 3636 capuccinorum
1230 3562 1397 3619 Provinciae

315 3635 501 3699 Hollandiae,
517 3652 553 3688 22
564 3634 641 3688 iunii
651 3635 724 3703 1895
732 3635 773 3689 ad
786 3632 810 3703 I,
826 3646 853 3691 et
866 3654 891 3691 n.
906 3636 979 3705 3925
991 3635 1110 3691 Ordinis
1126 3635 1279 3691 Minorum
1290 3637 1396 3710 Capuc·

314 3708 449 3764 cinorum
463 3723 498 3762 ro
511 3706 578 3760 tutti
594 3706 666 3773 1896
675 3705 716 3759 ad
735 3706 769 3760 V.
849 3741 853 3747 ·

348 3793 445 3865 Atque
459 3791 499 3845 ita
512 3789 667 3862 rescripsit,
681 3789 727 3845 die
746 3810 755 3846 1
772 3790 872 3863 aprilis
891 3792 969 3864 1905.

729 3875 765 3928 A.
781 3876 868 3931 Card.
882 3877 1016 3944 Tamari,
1031 3876 1293 3945 Pro-Praefectus.

603 3957 643 4011 A.
658 3958 776 4028 Paniai,
791 3958 934 4032 Archiep.
948 3958 1112 4015 Laodicen.
1127 3960 1328 4015 Secretarius.

341 4174 349 4208 1
364 4174 443 4219 Acra
453 4172 481 4219 S.
494 4172 584 4227 Sanrs,
598 4177 617 4217 t.
630 4178 657 4226 ³7
667 4172 754 4228 (1905),
767 4184 794 4228 p.
808 4175 860 4227 599·

340 4242 350 4274 ἓ
364 4236 497 4299 Quamvis
509 4236 536 4283 in
548 4235 690 4285 Vicariatu
702 4237 755 4284 isto
766 4238 837 4283 duae
849 4241 956 4284 tantum
967 4236 1055 4284 forent
1065 4242 1240 4285 consecratae
1255 4233 1393 4305 ecclesiae.

311 4304 449 4363 respondit
460 4305 488 4353 S.
499 4303 680 4364 congregatio
693 4318 699 4352 :
724 4308 736 4348 ι’
745 4302 1025 4352 OmnesMissionarii
1048 4307 1174 4351 tenentur
1185 4302 1307 4351 officium
1318 4298 1395 4349 Dedr-

311 4370 428 4422 cationis
437 4372 590 4433 persolvere
601 4369 697 4418 eadem
708 4368 753 4417 die
762 4382 817 4429 qua
829 4370 856 4417 in
866 4370 957 4418 Gallia
966 4370 1065 4417 testum
1074 4368 1203 4418 recolitur
1212 4365 1394 4417 Dedicationis

314 4438 437 4486 omniurn
448 4436 634 4486 ecclesiarum.
651 4456 660 4480 r
