<?xml version="1.0" encoding="UTF-8"?>
<!DOCTYPE html PUBLIC "-//W3C//DTD XHTML 1.0 Transitional//EN"
    "http://www.w3.org/TR/xhtml1/DTD/xhtml1-transitional.dtd">
<html xmlns="http://www.w3.org/1999/xhtml" xml:lang="en" lang="en">
 <head>
  <title>
</title>
<meta http-equiv="Content-Type" content="text/html;charset=utf-8" />
  <meta name='ocr-system' content='tesseract 3.04.00' />
  <meta name='ocr-capabilities' content='ocr_page ocr_carea ocr_par ocr_line ocrx_word'/>
</head>
<body>
  <div class='ocr_page' id='page_1' title='image "./dereligiosisins01vermgoog_0280.png"; bbox 0 0 2959 4900; ppageno 0'>
   <div class='ocr_carea' id='block_1_1' title="bbox 314 295 978 371">
    <p class='ocr_par' dir='ltr' id='par_1_1' title="bbox 314 295 978 371">
     <span class='ocr_line' id='line_1_1' title="bbox 314 295 978 371; baseline -0.015 -6"><span class='ocrx_word' id='word_1_1' title='bbox 314 295 355 358; x_wconf 75' lang='grc'>86</span> <span class='ocrx_word' id='word_1_2' title='bbox 743 322 878 371; x_wconf 71' lang='lat' dir='ltr'>quaestu</span> <span class='ocrx_word' id='word_1_3' title='bbox 893 320 978 358; x_wconf 69' lang='lat' dir='ltr'>varra</span> 
     </span>
    </p>
   </div>
   <div class='ocr_carea' id='block_1_2' title="bbox 315 448 1453 4382">
    <p class='ocr_par' dir='ltr' id='par_1_2' title="bbox 315 448 1390 785">
     <span class='ocr_line' id='line_1_2' title="bbox 315 448 1389 545; baseline -0.004 -28"><span class='ocrx_word' id='word_1_4' title='bbox 315 466 483 540; x_wconf 84' lang='lat' dir='ltr'>usurpent</span> <span class='ocrx_word' id='word_1_5' title='bbox 499 452 661 523; x_wconf 89' lang='lat' dir='ltr'>etiamad</span> <span class='ocrx_word' id='word_1_6' title='bbox 685 455 936 545; x_wconf 82' lang='lat' dir='ltr'>frequentiores</span> <span class='ocrx_word' id='word_1_7' title='bbox 950 452 1156 522; x_wconf 83' lang='lat' dir='ltr'>obtinendas</span> <span class='ocrx_word' id='word_1_8' title='bbox 1179 448 1389 517; x_wconf 83' lang='lat' dir='ltr'>subditorum</span> 
     </span>
     <span class='ocr_line' id='line_1_3' title="bbox 316 538 1390 631; baseline -0.006 -23"><span class='ocrx_word' id='word_1_9' title='bbox 316 542 597 631; x_wconf 67' lang='lat' dir='ltr'>communiones</span> <span class='ocrx_word' id='word_1_10' title='bbox 614 566 737 614; x_wconf 89' lang='lat' dir='ltr'>verum</span> <span class='ocrx_word' id='word_1_11' title='bbox 753 566 897 613; x_wconf 90' lang='lat' dir='ltr'>omnem</span> <span class='ocrx_word' id='word_1_12' title='bbox 921 542 1149 613; x_wconf 87' lang='lat' dir='ltr'>directionem</span> <span class='ocrx_word' id='word_1_13' title='bbox 1173 538 1390 607; x_wconf 77' lang='lat' dir='ltr'>Confessnriis</span> 
     </span>
     <span class='ocr_line' id='line_1_4' title="bbox 315 628 526 785; baseline 0.019 -90"><span class='ocrx_word' id='word_1_14' title='bbox 315 628 526 785; x_wconf 78' lang='lat' dir='ltr'>relinquant.</span> 
     </span>
    </p>

    <p class='ocr_par' dir='ltr' id='par_1_3' title="bbox 315 716 1451 1611">
     <span class='ocr_line' id='line_1_5' title="bbox 362 716 1389 804; baseline -0.005 -19"><span class='ocrx_word' id='word_1_15' title='bbox 362 716 407 786; x_wconf 89' lang='lat' dir='ltr'>Se</span> <span class='ocrx_word' id='word_1_16' title='bbox 458 718 496 788; x_wconf 91' lang='lat' dir='ltr'>in</span> <span class='ocrx_word' id='word_1_17' title='bbox 522 720 647 790; x_wconf 90' lang='lat' dir='ltr'>eodem</span> <span class='ocrx_word' id='word_1_18' title='bbox 674 722 812 791; x_wconf 87' lang='lat' dir='ltr'>decreto</span> <span class='ocrx_word' id='word_1_19' title='bbox 839 722 1003 791; x_wconf 90' lang='lat' dir='ltr'>iubentur</span> <span class='ocrx_word' id='word_1_20' title='bbox 1030 718 1161 788; x_wconf 92' lang='lat' dir='ltr'>subditi</span> <span class='ocrx_word' id='word_1_21' title='bbox 1185 716 1389 804; x_wconf 89' lang='lat' dir='ltr'>superiorem</span> 
     </span>
     <span class='ocr_line' id='line_1_6' title="bbox 315 803 1390 900; baseline -0.004 -27"><span class='ocrx_word' id='word_1_22' title='bbox 315 827 460 876; x_wconf 91' lang='lat' dir='ltr'>monere</span> <span class='ocrx_word' id='word_1_23' title='bbox 475 808 519 877; x_wconf 92' lang='lat' dir='ltr'>de</span> <span class='ocrx_word' id='word_1_24' title='bbox 534 812 686 900; x_wconf 90' lang='lat' dir='ltr'>generali</span> <span class='ocrx_word' id='word_1_25' title='bbox 710 811 847 879; x_wconf 91' lang='lat' dir='ltr'>licentia</span> <span class='ocrx_word' id='word_1_26' title='bbox 862 811 950 879; x_wconf 80' lang='lat' dir='ltr'>facta</span> <span class='ocrx_word' id='word_1_27' title='bbox 966 805 1250 878; x_wconf 86' lang='lat' dir='ltr'>communicandi</span> <span class='ocrx_word' id='word_1_28' title='bbox 1267 803 1390 893; x_wconf 85' lang='lat' dir='ltr'>saepius</span> 
     </span>
     <span class='ocr_line' id='line_1_7' title="bbox 316 892 1389 989; baseline -0.007 -24"><span class='ocrx_word' id='word_1_29' title='bbox 316 917 425 984; x_wconf 91' lang='lat' dir='ltr'>quam</span> <span class='ocrx_word' id='word_1_30' title='bbox 440 896 525 966; x_wconf 82' lang='lat' dir='ltr'>ferat</span> <span class='ocrx_word' id='word_1_31' title='bbox 541 901 672 989; x_wconf 89' lang='lat' dir='ltr'>regula,</span> <span class='ocrx_word' id='word_1_32' title='bbox 689 900 787 983; x_wconf 90' lang='lat' dir='ltr'>dum,</span> <span class='ocrx_word' id='word_1_33' title='bbox 807 917 846 968; x_wconf 91' lang='lat' dir='ltr'>ut</span> <span class='ocrx_word' id='word_1_34' title='bbox 865 899 1075 983; x_wconf 87' lang='lat' dir='ltr'>videbimus,</span> <span class='ocrx_word' id='word_1_35' title='bbox 1093 896 1181 964; x_wconf 91' lang='lat' dir='ltr'><strong>nihil</strong></span> <span class='ocrx_word' id='word_1_36' title='bbox 1198 892 1389 961; x_wconf 83' lang='lat' dir='ltr'>huiusmodi</span> 
     </span>
     <span class='ocr_line' id='line_1_8' title="bbox 317 984 1387 1070; baseline -0.007 -17"><span class='ocrx_word' id='word_1_37' title='bbox 317 986 551 1070; x_wconf 81' lang='lat' dir='ltr'>praestituitur</span> <span class='ocrx_word' id='word_1_38' title='bbox 585 990 623 1056; x_wconf 90' lang='lat' dir='ltr'>in</span> <span class='ocrx_word' id='word_1_39' title='bbox 660 988 858 1058; x_wconf 83' lang='lat' dir='ltr'>Ordinibus</span> <span class='ocrx_word' id='word_1_40' title='bbox 895 1004 928 1056; x_wconf 93' lang='lat' dir='ltr'>et</span> <span class='ocrx_word' id='word_1_41' title='bbox 967 987 1136 1055; x_wconf 87' lang='lat' dir='ltr'>lnstitutis</span> <span class='ocrx_word' id='word_1_42' title='bbox 1180 984 1387 1051; x_wconf 89' lang='lat' dir='ltr'>clericorum.</span> 
     </span>
     <span class='ocr_line' id='line_1_9' title="bbox 318 1070 1392 1167; baseline -0.007 -26"><span class='ocrx_word' id='word_1_43' title='bbox 318 1072 415 1160; x_wconf 93' lang='lat' dir='ltr'>Quid</span> <span class='ocrx_word' id='word_1_44' title='bbox 440 1075 525 1144; x_wconf 91' lang='lat' dir='ltr'>iuris</span> <span class='ocrx_word' id='word_1_45' title='bbox 548 1077 679 1167; x_wconf 75' lang='lat' dir='ltr'>igitur?</span> <span class='ocrx_word' id='word_1_46' title='bbox 704 1078 805 1147; x_wconf 90' lang='lat' dir='ltr'>Num</span> <span class='ocrx_word' id='word_1_47' title='bbox 827 1080 950 1146; x_wconf 79' lang='lat' dir='ltr'>certior</span> <span class='ocrx_word' id='word_1_48' title='bbox 973 1075 1048 1145; x_wconf 89' lang='lat' dir='ltr'>fieri</span> <span class='ocrx_word' id='word_1_49' title='bbox 1072 1073 1212 1142; x_wconf 88' lang='lat' dir='ltr'>debebit</span> <span class='ocrx_word' id='word_1_50' title='bbox 1237 1070 1392 1160; x_wconf 86' lang='lat' dir='ltr'>Superior</span> 
     </span>
     <span class='ocr_line' id='line_1_10' title="bbox 317 1163 1393 1249; baseline -0.007 -19"><span class='ocrx_word' id='word_1_51' title='bbox 317 1163 439 1249; x_wconf 86' lang='lat' dir='ltr'>laicus,</span> <span class='ocrx_word' id='word_1_52' title='bbox 471 1186 545 1234; x_wconf 91' lang='lat' dir='ltr'>non</span> <span class='ocrx_word' id='word_1_53' title='bbox 576 1182 694 1236; x_wconf 89' lang='lat' dir='ltr'>autem</span> <span class='ocrx_word' id='word_1_54' title='bbox 723 1167 898 1236; x_wconf 73' lang='lat' dir='ltr'>clericus?</span> <span class='ocrx_word' id='word_1_55' title='bbox 933 1166 983 1233; x_wconf 94' lang='lat' dir='ltr'>Ut</span> <span class='ocrx_word' id='word_1_56' title='bbox 1013 1164 1117 1233; x_wconf 86' lang='lat' dir='ltr'>nobis</span> <span class='ocrx_word' id='word_1_57' title='bbox 1147 1163 1296 1231; x_wconf 83' lang='lat' dir='ltr'>videtur.</span> <span class='ocrx_word' id='word_1_58' title='bbox 1332 1172 1393 1239; x_wconf 82' lang='lat' dir='ltr'>post</span> 
     </span>
     <span class='ocr_line' id='line_1_11' title="bbox 318 1247 1451 1345; baseline -0.001 -27"><span class='ocrx_word' id='word_1_59' title='bbox 318 1251 496 1321; x_wconf 86' lang='lat' dir='ltr'>decretum</span> <span class='ocrx_word' id='word_1_60' title='bbox 518 1254 562 1324; x_wconf 91' lang='lat' dir='ltr'>de</span> <span class='ocrx_word' id='word_1_61' title='bbox 577 1277 649 1345; x_wconf 93' lang='lat' dir='ltr'>quo</span> <span class='ocrx_word' id='word_1_62' title='bbox 665 1255 881 1341; x_wconf 87' lang='lat' dir='ltr'>disserimus,</span> <span class='ocrx_word' id='word_1_63' title='bbox 901 1277 980 1345; x_wconf 89' lang='lat' dir='ltr'>pars</span> <span class='ocrx_word' id='word_1_64' title='bbox 1003 1254 1066 1322; x_wconf 87' lang='lat' dir='ltr'>ista</span> <span class='ocrx_word' id='word_1_65' title='bbox 1089 1250 1216 1320; x_wconf 87' lang='lat' dir='ltr'>decreti</span> <span class='ocrx_word' id='word_1_66' title='bbox 1236 1247 1391 1330; x_wconf 83' lang='lat' dir='ltr'>Quemad-</span> <span class='ocrx_word' id='word_1_67' title='bbox 1450 1310 1451 1317; x_wconf 74' lang='grc'>,</span> 
     </span>
     <span class='ocr_line' id='line_1_12' title="bbox 319 1339 1393 1435; baseline -0.006 -28"><span class='ocrx_word' id='word_1_68' title='bbox 319 1340 468 1423; x_wconf 83' lang='lat' dir='ltr'>modum,</span> <span class='ocrx_word' id='word_1_69' title='bbox 483 1364 609 1431; x_wconf 86' lang='lat' dir='ltr'>pamm</span> <span class='ocrx_word' id='word_1_70' title='bbox 625 1345 781 1435; x_wconf 91' lang='lat' dir='ltr'>urgenda</span> <span class='ocrx_word' id='word_1_71' title='bbox 797 1359 860 1431; x_wconf 90' lang='lat' dir='ltr'>est,</span> <span class='ocrx_word' id='word_1_72' title='bbox 878 1360 923 1430; x_wconf 89' lang='lat' dir='ltr'>et,</span> <span class='ocrx_word' id='word_1_73' title='bbox 938 1343 1055 1433; x_wconf 87' lang='lat' dir='ltr'>potius</span> <span class='ocrx_word' id='word_1_74' title='bbox 1071 1344 1299 1431; x_wconf 88' lang='lat' dir='ltr'>neglegenda.</span> <span class='ocrx_word' id='word_1_75' title='bbox 1322 1339 1393 1405; x_wconf 88' lang='lat' dir='ltr'>Non</span> 
     </span>
     <span class='ocr_line' id='line_1_13' title="bbox 318 1427 1392 1514; baseline -0.005 -17"><span class='ocrx_word' id='word_1_76' title='bbox 318 1434 414 1499; x_wconf 86' lang='lat' dir='ltr'>enim</span> <span class='ocrx_word' id='word_1_77' title='bbox 429 1432 565 1501; x_wconf 90' lang='lat' dir='ltr'>videtur</span> <span class='ocrx_word' id='word_1_78' title='bbox 580 1434 688 1503; x_wconf 91' lang='lat' dir='ltr'>menti</span> <span class='ocrx_word' id='word_1_79' title='bbox 715 1435 1193 1512; x_wconf 87' lang='lat' dir='ltr'>Ecclesiaeconsentaneum,</span> <span class='ocrx_word' id='word_1_80' title='bbox 1212 1444 1262 1514; x_wconf 92' lang='lat' dir='ltr'>ut,</span> <span class='ocrx_word' id='word_1_81' title='bbox 1279 1427 1319 1495; x_wconf 93' lang='lat' dir='ltr'>in</span> <span class='ocrx_word' id='word_1_82' title='bbox 1341 1428 1392 1493; x_wconf 87' lang='lat' dir='ltr'>hac</span> 
     </span>
     <span class='ocr_line' id='line_1_14' title="bbox 319 1517 1300 1611; baseline -0.001 -25"><span class='ocrx_word' id='word_1_83' title='bbox 319 1539 368 1606; x_wconf 90' lang='lat' dir='ltr'>re,</span> <span class='ocrx_word' id='word_1_84' title='bbox 386 1518 518 1608; x_wconf 89' lang='lat' dir='ltr'>aliquid</span> <span class='ocrx_word' id='word_1_85' title='bbox 534 1522 730 1591; x_wconf 82' lang='lat' dir='ltr'>tribuamus</span> <span class='ocrx_word' id='word_1_86' title='bbox 740 1524 829 1592; x_wconf 89' lang='lat' dir='ltr'>laico</span> <span class='ocrx_word' id='word_1_87' title='bbox 845 1523 940 1611; x_wconf 87' lang='lat' dir='ltr'>quod</span> <span class='ocrx_word' id='word_1_88' title='bbox 958 1535 1104 1611; x_wconf 86' lang='lat' dir='ltr'>negatur</span> <span class='ocrx_word' id='word_1_89' title='bbox 1120 1517 1300 1588; x_wconf 89' lang='lat' dir='ltr'>sacerdoti.</span> 
     </span>
    </p>

    <p class='ocr_par' dir='ltr' id='par_1_4' title="bbox 320 1604 1395 2052">
     <span class='ocr_line' id='line_1_15' title="bbox 366 1604 1393 1700; baseline -0.007 -24"><span class='ocrx_word' id='word_1_90' title='bbox 366 1608 541 1700; x_wconf 89' lang='lat' dir='ltr'>Denique,</span> <span class='ocrx_word' id='word_1_91' title='bbox 559 1613 645 1680; x_wconf 92' lang='lat' dir='ltr'>dum</span> <span class='ocrx_word' id='word_1_92' title='bbox 657 1612 780 1681; x_wconf 90' lang='lat' dir='ltr'>ordine</span> <span class='ocrx_word' id='word_1_93' title='bbox 796 1626 1044 1680; x_wconf 88' lang='lat' dir='ltr'>enumerantur</span> <span class='ocrx_word' id='word_1_94' title='bbox 1055 1608 1217 1697; x_wconf 88' lang='lat' dir='ltr'>religiosa</span> <span class='ocrx_word' id='word_1_95' title='bbox 1232 1604 1393 1681; x_wconf 75' lang='lat' dir='ltr'>Instituta,</span> 
     </span>
     <span class='ocr_line' id='line_1_16' title="bbox 320 1693 1395 1792; baseline -0.007 -27"><span class='ocrx_word' id='word_1_96' title='bbox 320 1696 400 1766; x_wconf 93' lang='lat' dir='ltr'>dein</span> <span class='ocrx_word' id='word_1_97' title='bbox 413 1700 610 1787; x_wconf 82' lang='lat' dir='ltr'>seminaria,</span> <span class='ocrx_word' id='word_1_98' title='bbox 624 1702 776 1792; x_wconf 88' lang='lat' dir='ltr'>denique</span> <span class='ocrx_word' id='word_1_99' title='bbox 789 1701 974 1769; x_wconf 88' lang='lat' dir='ltr'>christiana</span> <span class='ocrx_word' id='word_1_100' title='bbox 986 1699 1153 1787; x_wconf 87' lang='lat' dir='ltr'>ephebea,</span> <span class='ocrx_word' id='word_1_101' title='bbox 1168 1696 1267 1785; x_wconf 88' lang='lat' dir='ltr'>quasi</span> <span class='ocrx_word' id='word_1_102' title='bbox 1281 1693 1395 1783; x_wconf 84' lang='lat' dir='ltr'>gradus</span> 
     </span>
     <span class='ocr_line' id='line_1_17' title="bbox 320 1784 1395 1879; baseline -0.006 -26"><span class='ocrx_word' id='word_1_103' title='bbox 320 1785 491 1856; x_wconf 90' lang='lat' dir='ltr'>iudicatur</span> <span class='ocrx_word' id='word_1_104' title='bbox 507 1811 579 1879; x_wconf 94' lang='lat' dir='ltr'>quo</span> <span class='ocrx_word' id='word_1_105' title='bbox 602 1791 716 1859; x_wconf 90' lang='lat' dir='ltr'>studia</span> <span class='ocrx_word' id='word_1_106' title='bbox 732 1791 796 1859; x_wconf 88' lang='lat' dir='ltr'>ista</span> <span class='ocrx_word' id='word_1_107' title='bbox 819 1803 900 1859; x_wconf 91' lang='lat' dir='ltr'>sunt</span> <span class='ocrx_word' id='word_1_108' title='bbox 915 1787 1209 1868; x_wconf 90' lang='lat' dir='ltr'>commendanda,</span> <span class='ocrx_word' id='word_1_109' title='bbox 1228 1784 1395 1852; x_wconf 86' lang='lat' dir='ltr'>observata</span> 
     </span>
     <span class='ocr_line' id='line_1_18' title="bbox 323 1872 1395 1976; baseline -0.005 -34"><span class='ocrx_word' id='word_1_110' title='bbox 323 1874 476 1976; x_wconf 80' lang='lat' dir='ltr'>Instituti</span> <span class='ocrx_word' id='word_1_111' title='bbox 492 1898 627 1968; x_wconf 87' lang='lat' dir='ltr'>natura,</span> <span class='ocrx_word' id='word_1_112' title='bbox 640 1896 674 1949; x_wconf 94' lang='lat' dir='ltr'>et</span> <span class='ocrx_word' id='word_1_113' title='bbox 685 1902 758 1948; x_wconf 91' lang='lat' dir='ltr'>non</span> <span class='ocrx_word' id='word_1_114' title='bbox 775 1878 1026 1969; x_wconf 87' lang='lat' dir='ltr'>praetermissis</span> <span class='ocrx_word' id='word_1_115' title='bbox 1041 1874 1241 1944; x_wconf 91' lang='lat' dir='ltr'>communis</span> <span class='ocrx_word' id='word_1_116' title='bbox 1258 1872 1395 1961; x_wconf 90' lang='lat' dir='ltr'>pruden-</span> 
     </span>
     <span class='ocr_line' id='line_1_19' title="bbox 320 1967 543 2052; baseline 0.018 -21"><span class='ocrx_word' id='word_1_117' title='bbox 320 1979 387 2032; x_wconf 88' lang='lat' dir='ltr'>nae</span> <span class='ocrx_word' id='word_1_118' title='bbox 403 1967 543 2052; x_wconf 89' lang='lat' dir='ltr'>regulis.</span> 
     </span>
    </p>

    <p class='ocr_par' dir='ltr' id='par_1_5' title="bbox 320 2048 1452 2763">
     <span class='ocr_line' id='line_1_20' title="bbox 365 2048 1394 2147; baseline -0.007 -26"><span class='ocrx_word' id='word_1_119' title='bbox 365 2055 402 2140; x_wconf 92' lang='lat' dir='ltr'>d)</span> <span class='ocrx_word' id='word_1_120' title='bbox 433 2055 486 2124; x_wconf 89' lang='lat' dir='ltr'>De</span> <span class='ocrx_word' id='word_1_121' title='bbox 514 2057 655 2147; x_wconf 90' lang='lat' dir='ltr'>regulis,</span> <span class='ocrx_word' id='word_1_122' title='bbox 680 2058 734 2126; x_wconf 90' lang='lat' dir='ltr'>vel</span> <span class='ocrx_word' id='word_1_123' title='bbox 758 2055 1089 2143; x_wconf 89' lang='lat' dir='ltr'>Constitutionibus,</span> <span class='ocrx_word' id='word_1_124' title='bbox 1113 2053 1167 2121; x_wconf 91' lang='lat' dir='ltr'>vel</span> <span class='ocrx_word' id='word_1_125' title='bbox 1191 2048 1394 2131; x_wconf 87' lang='lat' dir='ltr'>calendariis,</span> 
     </span>
     <span class='ocr_line' id='line_1_21' title="bbox 321 2141 1395 2234; baseline -0.007 -23"><span class='ocrx_word' id='word_1_126' title='bbox 321 2164 410 2232; x_wconf 88' lang='lat' dir='ltr'>quae</span> <span class='ocrx_word' id='word_1_127' title='bbox 432 2158 565 2213; x_wconf 88' lang='lat' dir='ltr'>certum</span> <span class='ocrx_word' id='word_1_128' title='bbox 588 2148 820 2234; x_wconf 89' lang='lat' dir='ltr'>praescribere</span> <span class='ocrx_word' id='word_1_129' title='bbox 842 2146 1003 2213; x_wconf 88' lang='lat' dir='ltr'>videntur</span> <span class='ocrx_word' id='word_1_130' title='bbox 1026 2141 1320 2213; x_wconf 90' lang='lat' dir='ltr'>communionum</span> <span class='ocrx_word' id='word_1_131' title='bbox 1341 2158 1395 2204; x_wconf 93' lang='lat' dir='ltr'>nu-</span> 
     </span>
     <span class='ocr_line' id='line_1_22' title="bbox 321 2227 1396 2320; baseline -0.007 -21"><span class='ocrx_word' id='word_1_132' title='bbox 321 2252 471 2320; x_wconf 89' lang='lat' dir='ltr'>merum,</span> <span class='ocrx_word' id='word_1_133' title='bbox 488 2234 573 2303; x_wconf 82' lang='lat' dir='ltr'>haec</span> <span class='ocrx_word' id='word_1_134' title='bbox 588 2249 785 2305; x_wconf 88' lang='lat' dir='ltr'>statuuntur</span> <span class='ocrx_word' id='word_1_135' title='bbox 800 2262 807 2305; x_wconf 91' lang='lat'>:</span> <span class='ocrx_word' id='word_1_136' title='bbox 822 2255 966 2304; x_wconf 88' lang='lat' dir='ltr'>normae</span> <span class='ocrx_word' id='word_1_137' title='bbox 988 2248 1070 2302; x_wconf 89' lang='lat' dir='ltr'>sunt</span> <span class='ocrx_word' id='word_1_138' title='bbox 1085 2253 1158 2300; x_wconf 93' lang='lat' dir='ltr'>non</span> <span class='ocrx_word' id='word_1_139' title='bbox 1174 2227 1396 2319; x_wconf 86' lang='lat' dir='ltr'>praeceptivae</span> 
     </span>
     <span class='ocr_line' id='line_1_23' title="bbox 320 2318 1452 2407; baseline -0.006 -19"><span class='ocrx_word' id='word_1_140' title='bbox 320 2321 381 2389; x_wconf 88' lang='lat' dir='ltr'>sed</span> <span class='ocrx_word' id='word_1_141' title='bbox 405 2321 609 2393; x_wconf 90' lang='lat' dir='ltr'>directivae:</span> <span class='ocrx_word' id='word_1_142' title='bbox 635 2324 825 2393; x_wconf 90' lang='lat' dir='ltr'>directione</span> <span class='ocrx_word' id='word_1_143' title='bbox 848 2324 912 2393; x_wconf 90' lang='lat' dir='ltr'>ista</span> <span class='ocrx_word' id='word_1_144' title='bbox 941 2326 1131 2391; x_wconf 88' lang='lat' dir='ltr'>innotescet</span> <span class='ocrx_word' id='word_1_145' title='bbox 1154 2319 1215 2407; x_wconf 93' lang='lat' dir='ltr'>qui</span> <span class='ocrx_word' id='word_1_146' title='bbox 1240 2318 1396 2386; x_wconf 89' lang='lat' dir='ltr'>minimus</span> <span class='ocrx_word' id='word_1_147' title='bbox 1451 2356 1452 2365; x_wconf 25' lang='grc' dir='ltr'><strong>κ</strong></span> 
     </span>
     <span class='ocr_line' id='line_1_24' title="bbox 320 2403 1395 2505; baseline -0.007 -25"><span class='ocrx_word' id='word_1_148' title='bbox 320 2432 491 2481; x_wconf 91' lang='lat' dir='ltr'>numerus</span> <span class='ocrx_word' id='word_1_149' title='bbox 513 2413 698 2504; x_wconf 81' lang='lat' dir='ltr'>religiosis,</span> <span class='ocrx_word' id='word_1_150' title='bbox 715 2436 788 2482; x_wconf 91' lang='lat' dir='ltr'>non</span> <span class='ocrx_word' id='word_1_151' title='bbox 804 2415 948 2505; x_wconf 88' lang='lat' dir='ltr'>quidem</span> <span class='ocrx_word' id='word_1_152' title='bbox 973 2409 1217 2503; x_wconf 87' lang='lat' dir='ltr'>praecipiatur,</span> <span class='ocrx_word' id='word_1_153' title='bbox 1236 2407 1295 2476; x_wconf 90' lang='lat' dir='ltr'>sed</span> <span class='ocrx_word' id='word_1_154' title='bbox 1318 2403 1395 2474; x_wconf 91' lang='lat' dir='ltr'>indi·</span> 
     </span>
     <span class='ocr_line' id='line_1_25' title="bbox 322 2501 1395 2595; baseline -0.007 -27"><span class='ocrx_word' id='word_1_155' title='bbox 322 2514 417 2569; x_wconf 90' lang='lat' dir='ltr'>cetur</span> <span class='ocrx_word' id='word_1_156' title='bbox 443 2516 623 2593; x_wconf 90' lang='lat' dir='ltr'>tamquam</span> <span class='ocrx_word' id='word_1_157' title='bbox 649 2525 851 2595; x_wconf 84' lang='lat' dir='ltr'>congruus3</span> <span class='ocrx_word' id='word_1_158' title='bbox 880 2501 1075 2572; x_wconf 90' lang='lat' dir='ltr'>secundum</span> <span class='ocrx_word' id='word_1_159' title='bbox 1098 2517 1306 2568; x_wconf 88' lang='lat' dir='ltr'>communes</span> <span class='ocrx_word' id='word_1_160' title='bbox 1327 2515 1395 2594; x_wconf 81' lang='lat' dir='ltr'>nor-</span> 
     </span>
     <span class='ocr_line' id='line_1_26' title="bbox 323 2587 1394 2681; baseline -0.008 -24"><span class='ocrx_word' id='word_1_161' title='bbox 323 2611 410 2677; x_wconf 90' lang='lat' dir='ltr'>mas,</span> <span class='ocrx_word' id='word_1_162' title='bbox 442 2605 542 2660; x_wconf 88' lang='lat' dir='ltr'>antea</span> <span class='ocrx_word' id='word_1_163' title='bbox 572 2595 801 2681; x_wconf 89' lang='lat' dir='ltr'>praestitutas,</span> <span class='ocrx_word' id='word_1_164' title='bbox 834 2613 1003 2662; x_wconf 86' lang='lat' dir='ltr'>numerus</span> <span class='ocrx_word' id='word_1_165' title='bbox 1030 2592 1093 2658; x_wconf 90' lang='lat' dir='ltr'>iste</span> <span class='ocrx_word' id='word_1_166' title='bbox 1120 2587 1239 2676; x_wconf 86' lang='lat' dir='ltr'>augeri</span> <span class='ocrx_word' id='word_1_167' title='bbox 1268 2598 1394 2676; x_wconf 89' lang='lat' dir='ltr'>potent,</span> 
     </span>
     <span class='ocr_line' id='line_1_27' title="bbox 322 2675 1320 2763; baseline -0.004 -16"><span class='ocrx_word' id='word_1_168' title='bbox 322 2681 434 2748; x_wconf 91' lang='lat' dir='ltr'>immo</span> <span class='ocrx_word' id='word_1_169' title='bbox 449 2681 487 2749; x_wconf 92' lang='lat' dir='ltr'>in</span> <span class='ocrx_word' id='word_1_170' title='bbox 503 2681 718 2752; x_wconf 92' lang='lat' dir='ltr'>cotidianum</span> <span class='ocrx_word' id='word_1_171' title='bbox 733 2703 910 2751; x_wconf 86' lang='lat' dir='ltr'>accessum</span> <span class='ocrx_word' id='word_1_172' title='bbox 925 2680 1091 2750; x_wconf 89' lang='lat' dir='ltr'>converti.</span> <span class='ocrx_word' id='word_1_173' title='bbox 1109 2678 1190 2763; x_wconf 86' lang='lat' dir='ltr'>(lv,</span> <span class='ocrx_word' id='word_1_174' title='bbox 1210 2675 1259 2761; x_wconf 85' lang='lat'>8.)</span> <span class='ocrx_word' id='word_1_175' title='bbox 1318 2728 1320 2732; x_wconf 85' lang='lat'>.</span> 
     </span>
    </p>

    <p class='ocr_par' dir='ltr' id='par_1_6' title="bbox 323 2764 1394 2930">
     <span class='ocr_line' id='line_1_28' title="bbox 368 2764 1394 2863; baseline -0.01 -25"><span class='ocrx_word' id='word_1_176' title='bbox 368 2769 542 2840; x_wconf 87' lang='lat' dir='ltr'>Observes</span> <span class='ocrx_word' id='word_1_177' title='bbox 565 2771 833 2863; x_wconf 90' lang='lat' dir='ltr'>dispositionem</span> <span class='ocrx_word' id='word_1_178' title='bbox 855 2772 958 2840; x_wconf 89' lang='lat' dir='ltr'>istam</span> <span class='ocrx_word' id='word_1_179' title='bbox 973 2769 1148 2856; x_wconf 90' lang='lat' dir='ltr'>conceptis</span> <span class='ocrx_word' id='word_1_180' title='bbox 1171 2764 1286 2834; x_wconf 90' lang='lat' dir='ltr'>verbis</span> <span class='ocrx_word' id='word_1_181' title='bbox 1300 2776 1394 2831; x_wconf 89' lang='lat' dir='ltr'>trans·</span> 
     </span>
     <span class='ocr_line' id='line_1_29' title="bbox 323 2856 1197 2930; baseline -0.003 -5"><span class='ocrx_word' id='word_1_182' title='bbox 323 2858 403 2927; x_wconf 83' lang='lat' dir='ltr'>ferri</span> <span class='ocrx_word' id='word_1_183' title='bbox 419 2859 584 2930; x_wconf 86' lang='lat' dir='ltr'>etiamad</span> <span class='ocrx_word' id='word_1_184' title='bbox 603 2861 764 2930; x_wconf 90' lang='lat' dir='ltr'>Instituta</span> <span class='ocrx_word' id='word_1_185' title='bbox 780 2862 942 2929; x_wconf 74' lang='lat' dir='ltr'>uotorum</span> <span class='ocrx_word' id='word_1_186' title='bbox 960 2856 1197 2928; x_wconf 88' lang='lat' dir='ltr'>sollemnium.</span> 
     </span>
    </p>

    <p class='ocr_par' dir='ltr' id='par_1_7' title="bbox 324 2941 1453 3219">
     <span class='ocr_line' id='line_1_30' title="bbox 369 2941 1394 3040; baseline -0.012 -22"><span class='ocrx_word' id='word_1_187' title='bbox 369 2948 525 3035; x_wconf 88' lang='lat' dir='ltr'>Quaeres</span> <span class='ocrx_word' id='word_1_188' title='bbox 536 2951 653 3040; x_wconf 90' lang='lat' dir='ltr'>itaque</span> <span class='ocrx_word' id='word_1_189' title='bbox 668 2951 755 3040; x_wconf 94' lang='lat' dir='ltr'>quid</span> <span class='ocrx_word' id='word_1_190' title='bbox 770 2950 915 3018; x_wconf 93' lang='lat' dir='ltr'>demum</span> <span class='ocrx_word' id='word_1_191' title='bbox 931 2948 1065 3016; x_wconf 84' lang='lat' dir='ltr'>intersit</span> <span class='ocrx_word' id='word_1_192' title='bbox 1077 2948 1166 3013; x_wconf 91' lang='lat' dir='ltr'>inter</span> <span class='ocrx_word' id='word_1_193' title='bbox 1183 2941 1394 3033; x_wconf 87' lang='lat' dir='ltr'>Superiorem</span> 
     </span>
     <span class='ocr_line' id='line_1_31' title="bbox 327 3034 1453 3122; baseline -0.007 -19"><span class='ocrx_word' id='word_1_194' title='bbox 327 3036 478 3107; x_wconf 90' lang='lat' dir='ltr'>Instituti</span> <span class='ocrx_word' id='word_1_195' title='bbox 502 3038 668 3109; x_wconf 90' lang='lat' dir='ltr'>clericalis</span> <span class='ocrx_word' id='word_1_196' title='bbox 690 3055 724 3108; x_wconf 90' lang='lat' dir='ltr'>et</span> <span class='ocrx_word' id='word_1_197' title='bbox 747 3039 850 3107; x_wconf 77' lang='lat' dir='ltr'>laici?</span> <span class='ocrx_word' id='word_1_198' title='bbox 874 3040 962 3107; x_wconf 91' lang='lat' dir='ltr'>inter</span> <span class='ocrx_word' id='word_1_199' title='bbox 992 3036 1191 3104; x_wconf 88' lang='lat' dir='ltr'>Praelatum</span> <span class='ocrx_word' id='word_1_200' title='bbox 1214 3034 1395 3122; x_wconf 86' lang='lat' dir='ltr'>regularem</span> <span class='ocrx_word' id='word_1_201' title='bbox 1452 3073 1453 3076; x_wconf 54' lang='lat'><em>=</em></span> 
     </span>
     <span class='ocr_line' id='line_1_32' title="bbox 324 3122 1360 3219; baseline -0.004 -26"><span class='ocrx_word' id='word_1_202' title='bbox 324 3140 357 3193; x_wconf 92' lang='lat' dir='ltr'>et</span> <span class='ocrx_word' id='word_1_203' title='bbox 374 3125 599 3213; x_wconf 88' lang='lat' dir='ltr'>Superiorem</span> <span class='ocrx_word' id='word_1_204' title='bbox 619 3130 770 3198; x_wconf 92' lang='lat' dir='ltr'>lnstituti</span> <span class='ocrx_word' id='word_1_205' title='bbox 788 3144 949 3197; x_wconf 91' lang='lat' dir='ltr'>votorum</span> <span class='ocrx_word' id='word_1_206' title='bbox 965 3122 1205 3215; x_wconf 75' lang='lat' dir='ltr'>simplicium?</span> <span class='ocrx_word' id='word_1_207' title='bbox 1353 3207 1360 3219; x_wconf 39' lang='lat'><strong>·</strong></span> 
     </span>
    </p>

    <p class='ocr_par' dir='ltr' id='par_1_8' title="bbox 325 3209 1396 3825">
     <span class='ocr_line' id='line_1_33' title="bbox 369 3209 1394 3367; baseline -0.011 -84"><span class='ocrx_word' id='word_1_208' title='bbox 369 3216 437 3284; x_wconf 90' lang='lat' dir='ltr'>Cui</span> <span class='ocrx_word' id='word_1_209' title='bbox 454 3218 609 3305; x_wconf 88' lang='lat' dir='ltr'>quaesito</span> <span class='ocrx_word' id='word_1_210' title='bbox 625 3221 671 3286; x_wconf 90' lang='lat' dir='ltr'>ita</span> <span class='ocrx_word' id='word_1_211' title='bbox 686 3217 879 3287; x_wconf 86' lang='lat' dir='ltr'>satisfacere</span> <span class='ocrx_word' id='word_1_212' title='bbox 890 3236 992 3305; x_wconf 90' lang='lat' dir='ltr'>posse</span> <span class='ocrx_word' id='word_1_213' title='bbox 1004 3213 1225 3283; x_wconf 85' lang='lat' dir='ltr'>arbitramur.</span> <span class='ocrx_word' id='word_1_214' title='bbox 1243 3209 1394 3367; x_wconf 68' lang='lat' dir='ltr'>Superior</span> 
     </span>
     <span class='ocr_line' id='line_1_34' title="bbox 328 3296 1393 3396; baseline -0.007 -25"><span class='ocrx_word' id='word_1_215' title='bbox 328 3304 480 3373; x_wconf 91' lang='lat' dir='ltr'>Instituti</span> <span class='ocrx_word' id='word_1_216' title='bbox 503 3307 679 3396; x_wconf 82' lang='lat' dir='ltr'>clericalis,</span> <span class='ocrx_word' id='word_1_217' title='bbox 698 3305 859 3396; x_wconf 85' lang='lat' dir='ltr'>quamvis</span> <span class='ocrx_word' id='word_1_218' title='bbox 881 3327 954 3375; x_wconf 89' lang='lat' dir='ltr'>non</span> <span class='ocrx_word' id='word_1_219' title='bbox 976 3304 1022 3373; x_wconf 90' lang='lat' dir='ltr'>sit</span> <span class='ocrx_word' id='word_1_220' title='bbox 1043 3315 1231 3372; x_wconf 90' lang='lat' dir='ltr'>consuetus</span> <span class='ocrx_word' id='word_1_221' title='bbox 1253 3321 1295 3368; x_wconf 90' lang='lat' dir='ltr'>su</span> <span class='ocrx_word' id='word_1_222' title='bbox 1321 3296 1393 3366; x_wconf 91' lang='lat' dir='ltr'>dito·</span> 
     </span>
     <span class='ocr_line' id='line_1_35' title="bbox 326 3381 1394 3485; baseline -0.008 -24"><span class='ocrx_word' id='word_1_223' title='bbox 326 3415 404 3463; x_wconf 87' lang='lat' dir='ltr'>rum</span> <span class='ocrx_word' id='word_1_224' title='bbox 436 3396 675 3485; x_wconf 86' lang='lat' dir='ltr'>confessarius,</span> <span class='ocrx_word' id='word_1_225' title='bbox 707 3395 834 3485; x_wconf 90' lang='lat' dir='ltr'>poterit</span> <span class='ocrx_word' id='word_1_226' title='bbox 863 3396 1072 3485; x_wconf 90' lang='lat' dir='ltr'>plerumque</span> <span class='ocrx_word' id='word_1_227' title='bbox 1105 3390 1339 3473; x_wconf 86' lang='lat' dir='ltr'>subditorum,</span> <span class='ocrx_word' id='word_1_228' title='bbox 1366 3381 1394 3482; x_wconf 83' lang='lat' dir='ltr'>id</span> 
     </span>
     <span class='ocr_line' id='line_1_36' title="bbox 325 3475 1394 3574; baseline -0.007 -25"><span class='ocrx_word' id='word_1_229' title='bbox 325 3497 449 3573; x_wconf 90' lang='lat' dir='ltr'>sponte</span> <span class='ocrx_word' id='word_1_230' title='bbox 475 3506 538 3553; x_wconf 92' lang='lat' dir='ltr'>sua</span> <span class='ocrx_word' id='word_1_231' title='bbox 564 3485 771 3574; x_wconf 79' lang='lat' dir='ltr'>petentium,</span> <span class='ocrx_word' id='word_1_232' title='bbox 786 3485 906 3554; x_wconf 90' lang='lat' dir='ltr'>audire</span> <span class='ocrx_word' id='word_1_233' title='bbox 937 3481 1205 3552; x_wconf 85' lang='lat' dir='ltr'>confessionem.</span> <span class='ocrx_word' id='word_1_234' title='bbox 1241 3475 1347 3565; x_wconf 92' lang='lat' dir='ltr'>Quod</span> <span class='ocrx_word' id='word_1_235' title='bbox 1373 3493 1394 3573; x_wconf 79' lang='lat' dir='ltr'>st</span> 
     </span>
     <span class='ocr_line' id='line_1_37' title="bbox 325 3562 1395 3663; baseline -0.008 -23"><span class='ocrx_word' id='word_1_236' title='bbox 325 3573 428 3641; x_wconf 83' lang='lat' dir='ltr'>luerit</span> <span class='ocrx_word' id='word_1_237' title='bbox 442 3573 632 3663; x_wconf 83' lang='lat' dir='ltr'>Praelatus,</span> <span class='ocrx_word' id='word_1_238' title='bbox 647 3575 747 3645; x_wconf 90' lang='lat' dir='ltr'>estin</span> <span class='ocrx_word' id='word_1_239' title='bbox 759 3575 835 3663; x_wconf 89' lang='lat' dir='ltr'>ipso</span> <span class='ocrx_word' id='word_1_240' title='bbox 848 3572 1023 3642; x_wconf 91' lang='lat' dir='ltr'>ordinaria</span> <span class='ocrx_word' id='word_1_241' title='bbox 1035 3568 1229 3640; x_wconf 89' lang='lat' dir='ltr'>iurisdictio</span> <span class='ocrx_word' id='word_1_242' title='bbox 1241 3562 1395 3636; x_wconf 78' lang='lat' dir='ltr'>insubdi-</span> 
     </span>
     <span class='ocr_line' id='line_1_38' title="bbox 325 3653 1396 3755; baseline -0.012 -26"><span class='ocrx_word' id='word_1_243' title='bbox 325 3675 390 3733; x_wconf 92' lang='lat' dir='ltr'>tos.</span> <span class='ocrx_word' id='word_1_244' title='bbox 410 3662 595 3750; x_wconf 88' lang='lat' dir='ltr'>Quocirca,</span> <span class='ocrx_word' id='word_1_245' title='bbox 613 3686 683 3755; x_wconf 90' lang='lat' dir='ltr'>qua</span> <span class='ocrx_word' id='word_1_246' title='bbox 699 3663 952 3741; x_wconf 85' lang='lat' dir='ltr'>Confessarius,</span> <span class='ocrx_word' id='word_1_247' title='bbox 978 3660 1102 3752; x_wconf 89' lang='lat' dir='ltr'>poterit</span> <span class='ocrx_word' id='word_1_248' title='bbox 1118 3657 1254 3748; x_wconf 91' lang='lat' dir='ltr'>roganti</span> <span class='ocrx_word' id='word_1_249' title='bbox 1270 3653 1396 3726; x_wconf 89' lang='lat' dir='ltr'>subdito</span> 
     </span>
     <span class='ocr_line' id='line_1_39' title="bbox 325 3751 1007 3825; baseline 0 -5"><span class='ocrx_word' id='word_1_250' title='bbox 325 3754 512 3823; x_wconf 89' lang='lat' dir='ltr'>consilium</span> <span class='ocrx_word' id='word_1_251' title='bbox 527 3754 608 3825; x_wconf 90' lang='lat' dir='ltr'>dare</span> <span class='ocrx_word' id='word_1_252' title='bbox 623 3755 667 3822; x_wconf 87' lang='lat' dir='ltr'>de</span> <span class='ocrx_word' id='word_1_253' title='bbox 682 3751 1007 3822; x_wconf 89' lang='lat' dir='ltr'>communionibus.</span> 
     </span>
    </p>

    <p class='ocr_par' dir='ltr' id='par_1_9' title="bbox 325 3832 1398 4382">
     <span class='ocr_line' id='line_1_40' title="bbox 373 3832 1394 3930; baseline -0.011 -20"><span class='ocrx_word' id='word_1_254' title='bbox 373 3842 567 3930; x_wconf 87' lang='lat' dir='ltr'>Praeterea,</span> <span class='ocrx_word' id='word_1_255' title='bbox 584 3844 613 3913; x_wconf 90' lang='lat' dir='ltr'>si</span> <span class='ocrx_word' id='word_1_256' title='bbox 630 3843 786 3912; x_wconf 89' lang='lat' dir='ltr'>videatur</span> <span class='ocrx_word' id='word_1_257' title='bbox 802 3842 850 3930; x_wconf 95' lang='lat' dir='ltr'>id,</span> <span class='ocrx_word' id='word_1_258' title='bbox 865 3842 903 3910; x_wconf 93' lang='lat' dir='ltr'>in</span> <span class='ocrx_word' id='word_1_259' title='bbox 915 3861 997 3909; x_wconf 90' lang='lat' dir='ltr'>casu</span> <span class='ocrx_word' id='word_1_260' title='bbox 1009 3836 1219 3929; x_wconf 84' lang='lat' dir='ltr'>particulari,</span> <span class='ocrx_word' id='word_1_261' title='bbox 1233 3832 1394 3925; x_wconf 88' lang='lat' dir='ltr'>expedire,</span> 
     </span>
     <span class='ocr_line' id='line_1_41' title="bbox 325 3926 1396 4022; baseline -0.01 -22"><span class='ocrx_word' id='word_1_262' title='bbox 325 3953 398 4001; x_wconf 91' lang='lat' dir='ltr'>non</span> <span class='ocrx_word' id='word_1_263' title='bbox 425 3933 630 4022; x_wconf 88' lang='lat' dir='ltr'>prohibetur</span> <span class='ocrx_word' id='word_1_264' title='bbox 662 3931 830 4022; x_wconf 91' lang='lat' dir='ltr'>Superior</span> <span class='ocrx_word' id='word_1_265' title='bbox 859 3929 1120 4010; x_wconf 85' lang='lat' dir='ltr'>ecclesiasticus,</span> <span class='ocrx_word' id='word_1_266' title='bbox 1155 3926 1194 3994; x_wconf 90' lang='lat' dir='ltr'>in</span> <span class='ocrx_word' id='word_1_267' title='bbox 1223 3927 1396 3994; x_wconf 88' lang='lat' dir='ltr'>salutarem</span> 
     </span>
     <span class='ocr_line' id='line_1_42' title="bbox 325 4012 1394 4112; baseline -0.013 -22"><span class='ocrx_word' id='word_1_268' title='bbox 325 4041 477 4111; x_wconf 89' lang='lat' dir='ltr'>poenam</span> <span class='ocrx_word' id='word_1_269' title='bbox 493 4025 674 4112; x_wconf 90' lang='lat' dir='ltr'>imponere</span> <span class='ocrx_word' id='word_1_270' title='bbox 685 4024 840 4112; x_wconf 88' lang='lat' dir='ltr'>aliquam</span> <span class='ocrx_word' id='word_1_271' title='bbox 855 4018 1138 4090; x_wconf 89' lang='lat' dir='ltr'>acommunione</span> <span class='ocrx_word' id='word_1_272' title='bbox 1150 4012 1394 4085; x_wconf 88' lang='lat' dir='ltr'>abstinentiam.</span> 
     </span>
     <span class='ocr_line' id='line_1_43' title="bbox 328 4105 1396 4201; baseline -0.016 -17"><span class='ocrx_word' id='word_1_273' title='bbox 328 4113 628 4184; x_wconf 89' lang='lat' dir='ltr'>Communionem</span> <span class='ocrx_word' id='word_1_274' title='bbox 655 4113 853 4201; x_wconf 90' lang='lat' dir='ltr'>praecipere</span> <span class='ocrx_word' id='word_1_275' title='bbox 878 4130 980 4198; x_wconf 87' lang='lat' dir='ltr'>posse</span> <span class='ocrx_word' id='word_1_276' title='bbox 1007 4129 1080 4176; x_wconf 92' lang='lat' dir='ltr'>non</span> <span class='ocrx_word' id='word_1_277' title='bbox 1106 4105 1266 4174; x_wconf 91' lang='lat' dir='ltr'>videtur:</span> <span class='ocrx_word' id='word_1_278' title='bbox 1292 4117 1396 4192; x_wconf 88' lang='lat' dir='ltr'>perpe·</span> 
     </span>
     <span class='ocr_line' id='line_1_44' title="bbox 326 4191 1397 4289; baseline -0.015 -18"><span class='ocrx_word' id='word_1_279' title='bbox 326 4217 428 4271; x_wconf 89' lang='lat' dir='ltr'>tuum</span> <span class='ocrx_word' id='word_1_280' title='bbox 460 4203 554 4271; x_wconf 90' lang='lat' dir='ltr'>enim</span> <span class='ocrx_word' id='word_1_281' title='bbox 585 4217 636 4271; x_wconf 92' lang='lat' dir='ltr'>est</span> <span class='ocrx_word' id='word_1_282' title='bbox 665 4203 771 4289; x_wconf 89' lang='lat' dir='ltr'>istud,</span> <span class='ocrx_word' id='word_1_283' title='bbox 805 4198 899 4288; x_wconf 93' lang='lat' dir='ltr'>quod</span> <span class='ocrx_word' id='word_1_284' title='bbox 934 4197 1101 4287; x_wconf 89' lang='lat' dir='ltr'>Superior</span> <span class='ocrx_word' id='word_1_285' title='bbox 1131 4197 1223 4264; x_wconf 90' lang='lat' dir='ltr'>ultra</span> <span class='ocrx_word' id='word_1_286' title='bbox 1253 4191 1397 4282; x_wconf 86' lang='lat' dir='ltr'>regulam</span> 
     </span>
     <span class='ocr_line' id='line_1_45' title="bbox 328 4277 1398 4382; baseline -0.011 -23"><span class='ocrx_word' id='word_1_287' title='bbox 328 4292 524 4382; x_wconf 87' lang='lat' dir='ltr'>praecipere</span> <span class='ocrx_word' id='word_1_288' title='bbox 539 4291 671 4382; x_wconf 88' lang='lat' dir='ltr'>nequit.</span> <span class='ocrx_word' id='word_1_289' title='bbox 689 4290 798 4382; x_wconf 91' lang='lat' dir='ltr'>Atqui</span> <span class='ocrx_word' id='word_1_290' title='bbox 814 4288 911 4356; x_wconf 90' lang='lat' dir='ltr'>nulla</span> <span class='ocrx_word' id='word_1_291' title='bbox 927 4287 998 4357; x_wconf 87' lang='lat' dir='ltr'>iam</span> <span class='ocrx_word' id='word_1_292' title='bbox 1013 4283 1220 4356; x_wconf 88' lang='lat' dir='ltr'>communio</span> <span class='ocrx_word' id='word_1_293' title='bbox 1238 4303 1279 4356; x_wconf 87' lang='lat' dir='ltr'>ex</span> <span class='ocrx_word' id='word_1_294' title='bbox 1293 4277 1398 4371; x_wconf 82' lang='lat' dir='ltr'>regula</span> 
     </span>
    </p>
   </div>
   <div class='ocr_carea' id='block_1_3' title="bbox 0 0 1499 4900">
    <p class='ocr_par' dir='ltr' id='par_1_10' title="bbox 0 0 1499 4900">
     <span class='ocr_line' id='line_1_46' title="bbox 0 0 1499 4900; baseline 0 0"><span class='ocrx_word' id='word_1_295' title='bbox 0 0 1499 4900; x_wconf 95' lang='lat' dir='ltr'> </span> 
     </span>
    </p>
   </div>
  </div>
 </body>
</html>
