2959 4900
89 303 157 384 [70]
178 325 201 360 s.
214 325 269 360 mr.
282 326 308 360 c.
322 318 387 372 1905,
401 326 495 361 ιιιιιτιο
505 326 652 362 tresorum
663 327 780 363 caurum
791 327 913 364 cracov.
926 327 1096 364 contraitur.
1126 307 1185 369 175

89 470 204 513 ιιειιιιιΙ
216 458 400 529 disposuerit,
409 472 441 514 ut
451 460 576 516 editores
583 471 703 515 cantum
715 460 924 532 gregorianum
936 479 953 516 a
966 463 1003 518 Se
1016 461 1184 518 restitutum

88 529 166 603 typis
189 531 329 585 mandare
352 531 464 603 possint
487 531 567 586 iuxta
590 531 766 587 Vaticanam
789 532 958 597 editionem,
980 545 1184 605 opportunum

89 600 160 657 huic
174 602 281 657 Sacrae
297 601 418 656 Rituum
434 602 660 674 Congregationi
674 604 770 658 visum
784 616 827 660 est
841 605 1000 661 nonnullas
1016 604 1183 660 instructio-

90 690 141 728 nes
159 689 213 727 seu
226 672 304 744 leges
318 674 453 745 evulgare
471 692 488 728 a
508 674 661 746 praedictis
681 675 844 732 editoribus
862 676 1069 742 observandas,
1092 693 1183 748 quan·

90 745 261 815 documque
283 761 392 800 novam
415 746 543 818 aliquam
564 746 786 818 impressionem
809 759 912 804 cantus
930 747 1055 820 liturgici
1081 764 1184 820 parare

89 815 249 870 voluerint.
266 816 330 870 Hae
348 828 447 873 autem
460 817 547 888 leges,
562 817 599 878 in,
613 817 760 872 audientia
779 818 836 874 diei
852 837 891 873 vtt
911 818 1048 874 vertentis
1067 818 1183 890 augusti

90 887 126 941 ab
146 887 254 942 eodem
272 887 351 942 SSffl⁰
366 888 494 943 Domino
509 890 619 944 Nostro
629 888 772 945 admissae
785 902 812 945 et
826 891 1019 962 approbatae,
1027 900 1095 946 sunt
1107 907 1183 962 quae

90 971 275 1030 sequuntur:
969 1001 972 1006 .

126 1052 149 1105 Ι.
172 1050 309 1106 Editores
330 1068 382 1106 seu
401 1063 525 1126 typogra
546 1052 576 1106 hi
595 1052 807 1124 cuiuscumque
826 1053 884 1108 loci
903 1053 949 1108 vel
970 1052 1109 1124 regionis,
1131 1053 1183 1124 qui

89 1121 276 1193 gregorianas
301 1122 442 1177 melodias
466 1123 496 1177 in
522 1068 663 1180 i'aticana
685 1123 813 1180 editione
838 1135 992 1180 contentas
1015 1123 1184 1197 imprimere

88 1193 249 1259 voluerint,
266 1193 326 1248 sive
337 1193 453 1266 aequali
464 1195 559 1249 sorma
571 1195 631 1250 sive
643 1195 791 1266 grandiori
802 1196 847 1251 vel
861 1196 981 1264 minori,
998 1195 1057 1252 sive
1067 1213 1180 1263 omneS,

89 1264 147 1321 sive
166 1264 283 1336 aliquas
301 1276 426 1333 tantum,
447 1267 483 1321 ab
502 1266 605 1322 eadem
624 1267 698 1322 Sede
721 1267 894 1340 Apostolica
915 1268 996 1339 prius
1015 1267 1182 1322 facultatem

90 1336 227 1391 obtinere
238 1336 394 1391 curabunt.
1174 1343 1176 1350 '

124 1431 163 1484 ll.
185 1429 233 1483 Ab
256 1445 440 1500 unoquoque
464 1447 498 1484 ex
526 1430 686 1486 editoribus
714 1431 765 1503 qui
796 1431 970 1486 huiusmodi
1001 1429 1184 1504 pontificiam

87 1500 258 1555 facultatem
270 1501 461 1568 obtinuerint,
478 1501 550 1557 hacc
565 1515 650 1557 erunt
663 1502 887 1574 diligentissime
902 1503 1096 1558 attendenda:

122 1597 155 1662 a)
171 1594 281 1647 Forma
295 1594 464 1648 notularum
483 1595 670 1667 aliorumque
683 1596 847 1668 gregoriani
867 1607 970 1651 cantus
984 1597 1135 1668 signorum
1149 1613 1182 1650 ea

86 1666 173 1745 debet
186 1665 295 1790 sprpatri
308 1683 398 1736 quam
409 1665 535 1721 maiores
549 1667 737 1722 instituerunt
750 1678 778 1722 et
789 1667 879 1722 editio
896 1667 1036 1724 Vaticana
1049 1669 1182 1723 adamus-

86 1754 142 1790 sim
158 1753 194 1790 ex
218 1755 225 1789 1
250 1753 286 1790 e.

121 1827 151 1893 b)
165 1827 249 1882 Nihil
263 1830 432 1900 praesertim
452 1829 559 1884 mutari
574 1840 668 1901 potest
682 1830 713 1885 in
727 1830 832 1887 ordine
846 1848 907 1904 quo
926 1833 1044 1887 eaedem
1063 1833 1182 1886 notulae

86 1916 140 1970 pro
154 1899 244 1954 variis
257 1916 399 1954 sonorum
413 1900 572 1956 intervallis
586 1901 641 1956 sibi
654 1903 825 1957 succedunt.

100 1979 104 1984 ’
121 1996 150 2056 c)
165 1992 273 2062 Neque
284 1992 390 2064 pariter
404 1993 433 2047 in
447 1993 537 2048 modo
552 2011 613 2118 quo
635 1994 713 2066 ipsae
728 1994 849 2050 notulae
864 2004 918 2066 p'ro
932 1993 1050 2050 diversis
1063 2011 1182 2049 neuma-

85 2079 163 2125 rum,
178 2074 213 2116 ut
226 2062 319 2132 aiunt,
333 2063 468 2119 formulis
482 2081 559 2138 copu
572 2077 670 2120 antur.

120 2154 151 2219 d)
164 2154 390 2210 Absolutissima
405 2173 525 2236 quoque
534 2158 694 2230 verborum
704 2157 778 2212 sacri
789 2168 885 2212 textus
898 2155 1001 2211 relatio
1012 2157 1049 2210 ad
1064 2155 1180 2235 notulas

84 2236 190 2279 cantus
211 2226 391 2293 observetur,
412 2239 452 2282 tta
471 2239 504 2283 ut
521 2245 718 2302 unaquaeque
736 2228 847 2300 syllaba
867 2227 989 2283 notulae
1008 2227 1052 2282 vel
1071 2226 1181 2280 notulis

84 2296 144 2351 suis
157 2296 276 2367 penitus
290 2298 447 2353 subiaceat.

120 2388 177 2441 lll.
196 2388 334 2444 Editione
347 2402 445 2463 parata
463 2409 497 2446 ac
515 2392 657 2459 confecta,
674 2391 755 2447 nefas
769 2392 823 2448 erit
846 2391 940 2465 ipsam
955 2390 1090 2462 evulgare
1108 2400 1137 2444 et
1149 2387 1180 2442 in

82 2459 172 2539 sacris
188 2459 390 2542 functionibus
402 2463 541 2521 adhibere
553 2465 669 2537 cuique,
682 2464 737 2519 nisi
752 2482 818 2520 eam
829 2459 1005 2519 Ordinarius
1016 2461 1073 2517 loci
1086 2461 1180 2542 decla·

82 2543 369 2659 rationevnrtuparpptt,
390 2552 449 2607 qua
470 2537 506 2590 de
526 2536 588 2591 eius
602 2536 813 2592 concordantia
832 2546 946 2591 constet
965 2551 1032 2589 curn
1051 2533 1180 2588 edrtrone

81 2614 182 2673 typica
225 2621 264 2657 at
344 2648 351 2659 .

119 2695 169 2749 lV.
188 2693 364 2750 Ordinarius
376 2714 445 2751 vero
459 2698 685 2755 declarationem
702 2697 872 2754 huiusmodi
886 2714 947 2752 non
961 2696 1108 2762 concedat,
1123 2694 1178 2749 nisi

80 2765 163 2837 prius
177 2781 316 2822 censores
334 2767 365 2822 in
378 2780 467 2823 cautu
486 2770 659 2841 gregoriano
682 2769 778 2841 periti,
795 2768 954 2825 collatione
968 2769 1042 2823 facta
1057 2767 1177 2837 diligen-

81 2836 205 2897 tissime,
218 2836 250 2891 in
265 2837 387 2910 scriptis,
401 2853 520 2896 onerata
533 2841 721 2910 conscientia,
737 2853 881 2897 testentur
894 2857 1003 2896 novam
1017 2837 1178 2894 editionem

81 2924 148 2962 cum
165 2908 311 2963 Vaticana
326 2910 450 2966 omnino
464 2914 652 2968 concordare.

113 3000 150 3056 V.
174 2999 238 3055 lllis
254 2999 343 3056 officii
357 3002 483 3075 liturgici
497 3004 628 3077 partibus
649 3021 725 3077 quae
746 3015 850 3059 cantus
869 3003 998 3059 diversos
1016 3018 1071 3075 pro
1085 3002 1177 3056 diver-

81 3070 163 3127 sitate
179 3070 240 3127 diei
260 3073 305 3127 vel
320 3072 480 3130 festivitatis
494 3076 663 3141 admittunt,
680 3086 710 3129 ut
727 3093 755 3129 v.
776 3092 804 3147 g.
819 3075 922 3147 hymni
938 3087 966 3130 et
986 3072 1176 3153 Ordinarium

81 3143 201 3208 Missae,
222 3143 367 3200 melodiae
390 3159 511 3217 possunt
534 3147 665 3219 adaptari
690 3163 766 3219 quae
794 3147 824 3201 in
848 3145 977 3202 editione
996 3157 1093 3217 typica
1115 3161 1177 3199 non

80 3214 276 3285 reperiantur,
291 3227 319 3270 et
336 3233 352 3270 a
372 3216 460 3272 Sacra
475 3218 596 3273 Rituum
617 3217 854 3290 Congregatione
876 3217 1043 3290 approbari,
1059 3215 1176 3271 servatis

81 3285 184 3341 debitis
210 3286 441 3356 condicionibus,
465 3289 500 3345 iis
523 3290 651 3345 maxime
676 3308 751 3362 quae
778 3290 807 3344 iu
834 3290 853 3361 ἓ
878 3289 908 3356 d)
936 3290 1036 3343 Motus
1063 3286 1178 3363 Proprii

81 3374 132 3411 xxv
144 3355 252 3430 aprilis
264 3375 358 3413 ucurv
379 3372 580 3433 apponuntur.
598 3360 723 3417 Minime
736 3377 806 3417 vero
819 3372 961 3415 tonorum
971 3376 1022 3415 seu
1035 3369 1175 3437 cantuum

80 3427 256 3483 huiusmodi
287 3429 439 3486 varietates
469 3433 661 3489 admittantur
685 3433 716 3486 in
743 3432 844 3489 ceteris
868 3431 1010 3504 partibus,
1037 3449 1064 3487 v.
1090 3446 1118 3501 g.
1144 3446 1175 3483 ιιι

79 3500 262 3572 Antiphonis
274 3513 303 3555 et
319 3502 520 3575 Responsoriis
534 3504 593 3560 sive
606 3504 702 3560 Officii
718 3504 777 3559 sive
793 3503 911 3559 Missae.

112 3594 165 3650 Vl.
193 3592 225 3647 Si
246 3604 347 3650 autem
366 3607 469 3663 agatur
491 3597 527 3652 de
546 3596 657 3653 Officiis
679 3596 804 3669 propriis
824 3594 950 3651 alicuius
969 3593 1108 3650 ecclesiae
1132 3592 1176 3650 vel

81 3664 203 3719 Ordinis
216 3665 361 3736 regularis
381 3668 550 3722 Romanum
562 3668 653 3723 ritum
665 3667 810 3737 sectantis,
825 3679 876 3723 aut
889 3667 925 3722 de
940 3665 1051 3721 Officiis
1064 3665 1177 3745 noviter

80 3736 236 3802 concessis,
257 3736 446 3808 gregorianae
458 3756 563 3795 eorum
575 3739 746 3805 cantilenae,
767 3756 785 3793 a
808 3738 878 3794 viris
902 3737 1001 3811 peritis
1024 3746 1173 3815 restitutae

79 3808 122 3861 vel
144 3808 343 3864 concinnatae
354 3808 426 3866 item
444 3811 549 3866 Sacrae
564 3810 686 3866 Rituum
705 3809 949 3883 Congregationis
969 3807 1173 3881 approbatrom

78 3878 262 3934 subiciantur
277 3900 285 3946 3
300 3897 359 3959 qua
370 3881 499 3951 obtenta,
514 3882 686 3938 Ordinarius
701 3883 759 3938 loci
781 3881 889 3937 certior
905 3880 1013 3945 -factuS,
1029 3891 1061 3933 ut
1074 3894 1173 3958 supra,

77 3948 111 4005 de
119 3951 335 4006 concordantia
345 3968 415 4007 cum
430 3953 623 4027 originalibus
636 3971 653 4009 a
667 3954 696 4010 S.
711 3954 745 4011 C.
762 3951 930 4025 recognitis,
945 3950 1175 4007 declarationem

79 4021 252 4093 requisitam
264 4023 415 4079 concedet.

108 4282 115 4313 ¹
130 4280 189 4328 Cir.
201 4293 297 4339 supra,
307 4294 336 4339 p.
350 4288 402 4327 168.

1238 482 1381 548 quantifi-

1238 543 1397 645 {iimm-

1265 1055 1290 1103 Ι.
1305 1055 1394 1103 Facet-

1238 1116 1275 1159 ias
1283 1115 1393 1174 apostoli·

1236 1183 1265 1216 ca
1274 1176 1307 1218 est
1321 1172 1381 1219 oMe'-

1236 1229 1321 1278 neoda.

1258 1441 1274 1488 I
1274 1439 1297 1500 i,
1309 1441 1395 1488 Obser-

1236 1498 1314 1546 vando
1330 1501 1357 1546 in

1230 1554 1323 1616 formo,
1335 1571 1371 1604 or-

1236 1613 1298 1669 dine,
1307 1629 1335 1662 ao
1344 1615 1394 1663 dis-

1232 1673 1348 1730 positione

1236 1734 1344 1778 notarunt
1354 1737 1375 1777 et

1236 1793 1326 1838 canius.

1252 2381 1284 2428 ΙΙ
1284 2381 1300 2428 Ι
1302 2417 1309 2429 .
1320 2382 1391 2428 Fides

1232 2437 1260 2485 de
1269 2453 1364 2487 eoncor-

1232 2497 1317 2544 dantia
1326 2512 1377 2544 cum

1232 2557 1307 2614 lybica
1316 2555 1366 2602 edi-

1232 2614 1302 2669 tione,
1314 2628 1385 2660 neces-

1231 2673 1300 2717 saria
1309 2671 1342 2717 ad

1231 2742 1285 2775 reses
1295 2728 1364 2775 litur-

1227 2788 1305 2840 givos.

1259 2869 1310 2917 tv.
1327 2869 1389 2929 Quo.

1230 2925 1298 2973 modo
1307 2928 1361 2973 haee

1230 2982 1311 3030 danda
1320 2986 1353 3031 sit
1360 2986 1390 3032 ab

1230 3041 1380 3090 Ordinariis.

1262 3122 1292 3171 V.
1304 3123 1368 3182 Quae

1230 3183 1353 3227 varietates

1229 3236 1288 3283 addi
1293 3242 1348 3297 pos·

1228 3296 1284 3341 sint.

1229 3661 1255 3708 de
1262 3604 1388 3721 lgfficgtsud

1224 3724 1332 3849 iiiiiiii
1339 3778 1372 3825 oei

1229 3835 1339 3885 Ordines.
